4732 6030
102 279 179 357 aas
658 272 827 363 usca..
850 271 927 357 uu
959 267 1241 357 ausberto
1274 268 1427 347 ouon
1452 269 1591 357 aav.
2068 220 2162 363 ,aa

106 477 188 525 rsrm
206 451 393 524 cruciatus.
446 447 500 520 Its
514 447 581 519 sub
597 461 737 541 tempus
757 447 884 521 excidii
901 447 1023 541 populi
1040 445 1102 519 lo-
1149 442 1309 517 utillum
1325 444 1368 513 ad
1391 457 1552 516 aeternae
1569 445 1771 523 foelicitatis
1790 448 2005 529 sedembinc
2020 470 2139 530 trans-

104 555 218 640 daici,
242 550 340 623 Deus
363 547 556 644 Apostolos
576 561 612 624 et
632 562 773 621 sanctos
793 575 894 637 suos,
919 551 1008 621 alios
1030 551 1100 618 alio
1148 547 1262 618 latum
1288 567 1361 614 esse
1384 570 1457 616 non
1481 547 1701 630 dubitamus,
1729 548 1777 619 ita
1798 575 1862 621 nos
1879 581 2039 651 quoque,
2070 562 2134 633 ubi

104 680 197 738 casu,
223 652 351 744 partim
365 655 410 723 ad
429 676 466 723 se
482 652 724 737 transferebat,
750 653 878 744 partim
896 677 936 722 ex
954 652 998 723 iis
1012 651 1101 722 locis
1148 645 1300 717 miseriis
1313 640 1421 716 huius
1438 649 1530 717 vitae
1542 652 1717 741 perfuncti
1734 650 1884 732 erimus,
1916 661 2038 730 eodem
2054 689 2136 755 per.

103 757 318 839 abducebat,
342 777 407 847 per
423 776 514 849 quae
530 753 592 822 illa
608 747 786 824 horrenda
803 769 987 846 tempestas
1005 753 1099 827 itura
1149 763 1317 828 tenturos
1339 772 1411 819 esse
1428 750 1575 830 scimus,
1601 752 1663 823 ubi
1679 778 1759 827 cum
1777 777 1838 834 eo,
1865 754 2012 848 aliisque
2034 786 2135 850 prae.

103 873 187 930 erat.
240 854 289 929 Et
308 856 455 928 fuerunt
470 850 557 925 baec
574 877 713 945 semper
727 851 822 927 haud
837 858 985 927 obscura
1002 855 1098 923 iudi·
1148 849 1372 921 stantissimis
1388 875 1428 922 ac
1449 853 1678 923 sanctissimis
1693 855 1779 925 viris
1796 857 1839 924 de
1854 856 1960 925 rebus
1976 861 2135 933 coelesti-

103 961 155 1031 cia
177 959 410 1029 maximarum
427 955 666 1028 calamitatum
689 957 992 1046 impendentium,
1018 981 1097 1025 cum
1147 953 1224 1034 bus,
1248 952 1293 1021 de
1308 950 1445 1023 infinita
1460 954 1618 1026 bonitate
1633 980 1673 1027 ae
1690 957 1860 1046 sapientia
1878 954 1957 1042 Dei,
1982 973 2017 1029 et
2033 984 2136 1051 prac-

103 1061 191 1131 boni
216 1073 322 1153 atque
343 1058 395 1149 pii
417 1059 588 1150 paulatim
612 1081 676 1128 suo
699 1061 849 1152 quisque
870 1062 942 1129 lato
967 1058 1097 1129 sublati
1147 1054 1248 1144 cipue
1269 1056 1313 1122 de
1337 1049 1404 1124 boc
1427 1055 1658 1125 inenarrabili
1685 1058 1853 1127 beneficio
1877 1060 2006 1150 ipsius,
2037 1067 2135 1155 quod

103 1176 204 1246 sunt,
229 1185 275 1231 ne
291 1173 430 1231 tantum
446 1161 605 1229 dolorem
624 1176 786 1248 caperent
804 1185 845 1230 ex
862 1163 965 1230 ruina
989 1175 1022 1229 et
1036 1184 1097 1229 va·
1147 1152 1280 1225 Filium
1309 1178 1412 1225 sunm
1436 1180 1499 1246 pro
1523 1158 1628 1228 nobis
1654 1160 1895 1250 peccatoribus
1918 1164 2135 1238 redimendis

103 1264 220 1336 stitate
241 1285 381 1347 rerum,
412 1284 502 1331 neve
526 1260 566 1329 in
589 1260 684 1350 ipsos
709 1286 851 1355 quoque
874 1262 990 1355 aliqua
1016 1285 1097 1352 pars
1146 1255 1313 1340 tradidit,
1337 1259 1673 1345 commutabimur,
1693 1284 1853 1353 quaeque
1868 1285 1965 1331 nnnc
1981 1269 2134 1340 tenebris

104 1390 228 1435 eorum
252 1364 424 1433 fluctuum
449 1362 677 1433 redundaret.
729 1362 812 1433 Non
837 1379 973 1434 tanturn
999 1364 1094 1430 enim
1146 1353 1252 1428 buius
1268 1358 1383 1427 caratis
1398 1358 1561 1445 involuti,
1576 1363 1723 1432 obscure
1739 1364 1883 1435 acvelut
1897 1378 2134 1455 pertranseu-

102 1490 167 1558 per
181 1466 395 1535 delectiones
409 1463 513 1544 solis,
536 1477 597 1535 aut
623 1463 748 1551 lunae,
775 1490 837 1556 per
853 1466 969 1536 stellas
986 1463 1095 1533 crini·
1146 1484 1227 1528 narn
1242 1461 1437 1542 cernimus,
1464 1485 1502 1543 ea
1520 1476 1604 1533 tunc
1624 1464 1817 1535 clarissima
1832 1465 1871 1533 in
1887 1465 1965 1536 luce
1988 1490 2062 1536 non
2080 1471 2134 1540 vi-

103 1584 175 1648 tas,
202 1591 266 1658 per
279 1567 461 1636 columnas
482 1565 575 1655 ignis
591 1566 629 1633 in
645 1569 724 1635 aire
743 1568 920 1651 solantes,
945 1590 1009 1659 per
1026 1565 1094 1634 alia
1144 1561 1306 1630 debitnus
1321 1576 1476 1649 tantum,
1502 1565 1561 1633 sed
1580 1577 1615 1635 et
1629 1563 1667 1634 in
1684 1579 1866 1637 aeternum
1883 1566 1926 1637 iis
1942 1569 1980 1638 in
1996 1591 2134 1643 summa

101 1670 138 1739 id
162 1691 273 1758 genus
292 1680 448 1752 ostenta,
472 1668 608 1737 mundo
630 1667 775 1737 exitium
790 1669 890 1739 Deus
914 1690 1094 1760 praenun-
1145 1662 1282 1732 laeticia
1296 1676 1331 1734 et
1348 1664 1538 1736 faelicitate
1553 1665 1788 1756 perfruemur.
1829 1665 2013 1740 Praeclare
2029 1671 2134 1744 divus

103 1771 184 1855 ciat,
208 1770 269 1839 sed
285 1783 320 1840 ct
335 1791 399 1858 per
411 1780 613 1837 sanctorum
627 1791 771 1837 satoriam
789 1771 983 1849 interitum,
1007 1791 1095 1861 quos
1143 1760 1363 1833 Bernardus:
1391 1763 1512 1849 Mors,
1535 1766 1673 1860 inquit,
1697 1768 1889 1858 impiorum
1904 1772 2053 1862 pessima
2071 1788 2132 1858 est,

101 1894 182 1941 cum
200 1870 297 1940 velut
313 1870 471 1940 triticum
486 1883 623 1959 separat
645 1870 849 1962 colligitque
865 1871 903 1938 in
923 1865 1092 1939 borreum
1143 1888 1296 1956 quorum
1312 1878 1346 1935 et
1360 1866 1526 1935 nativitas
1543 1868 1645 1954 mala,
1670 1882 1705 1940 et
1720 1871 1789 1939 vita
1807 1872 1917 1962 peior.
1964 1872 2033 1945 Sed
2051 1901 2133 1968 pre-

100 1996 224 2055 suuan,
249 1972 421 2061 siguificat
442 1995 479 2041 se
501 1970 607 2061 paulo
630 1985 711 2061 post
733 1971 899 2041 incendio
927 1972 1091 2041 daturum
1143 1965 1235 2035 ciosa
1253 1989 1349 2037 mors
1362 1979 1412 2035 est
1426 1981 1639 2056 sanctorum,
1660 1971 1764 2062 plane
1780 1971 1939 2064 inquam,
1964 1978 2133 2066 preciosa,

100 2095 176 2142 esse
192 2073 320 2163 paleas.
1143 2079 1183 2136 ut
1198 2090 1287 2159 quac
1303 2082 1337 2139 et
1361 2067 1441 2138 linis
1463 2068 1625 2141 laborum
1642 2085 1710 2157 est,
1735 2086 1769 2142 et
1784 2073 1952 2144 victoriae
1967 2099 2132 2148 consum-

202 2170 389 2245 Debebant
404 2172 514 2262 igitur
530 2173 653 2243 saltem
668 2167 755 2241 baec
775 2173 931 2263 exempla
947 2173 990 2241 ad
1009 2197 1093 2262 poe-
1142 2169 1272 2251 matio,
1305 2169 1492 2262 aditusque
1511 2185 1547 2241 et
1567 2171 1672 2242 ianua
1694 2176 1738 2244 ad
1765 2174 1872 2244 vitam
1893 2200 1932 2248 ec
1955 2191 2132 2249 aeternam

99 2274 287 2346 nitentiam
311 2297 475 2345 revocare
498 2269 678 2353 homines,
703 2274 734 2343 si
751 2297 826 2342 non
847 2274 951 2363 plane
962 2299 1092 2345 cacar-
1142 2269 1373 2340 securitatem·
1424 2269 1520 2348 Dixi.

101 2380 182 2456 des,
208 2391 242 2446 et
257 2375 389 2445 obsessi
406 2401 424 2444 a
440 2375 570 2446 Salano
585 2388 711 2445 essent.
758 2374 827 2445 Sed
843 2375 993 2445 nimium
1011 2401 1092 2447 vere

102 2478 192 2548 dixit
212 2475 352 2561 Esaias,
379 2478 443 2547 ista
466 2501 540 2547 non
563 2477 679 2547 certari
702 2500 722 2545 a
744 2479 897 2560 mundo,
922 2491 1031 2548 maurit
1053 2479 1090 2547 in

102 2579 247 2649 exitium
270 2602 395 2662 suurn,
429 2592 464 2648 et
485 2579 629 2672 quidem
652 2573 825 2648 horribile
848 2591 952 2671 atque
979 2595 1087 2650 aeten-
1176 2644 1188 2677 r

101 2706 200 2765 tauro,
217 2675 389 2765 homiues,
409 2704 483 2749 non
496 2704 595 2751 secus
610 2705 649 2753 ac
666 2678 728 2772 qui
741 2680 838 2750 rabie
852 2681 981 2751 conciti
997 2683 1090 2751 serra
1147 2644 1320 2770 Q

101 2808 141 2851 ac
156 2782 309 2873 propriis
325 2781 492 2852 dentibus
508 2783 640 2852 viscera
662 2804 726 2851 sua
749 2782 924 2865 lacerant,
947 2797 981 2853 et
997 2795 1091 2855 totus

100 2886 255 2955 muudus
270 2882 510 2953 tristissimum
527 2881 766 2972 spectaculum
781 2896 833 2952 est
847 2883 911 2951 ista
929 2884 1091 2954 conside·
1422 2856 1498 2943 De
1531 2857 1736 2973 Guelplw
1764 2871 1845 2949 eic-

100 2987 206 3056 mmi‘
260 2984 315 3052 Pii
338 3007 420 3051 vero
441 2976 499 3049 his
521 2981 687 3071 exempli⁵
710 2979 814 3049 fidem
837 3005 936 3051 ‘uam
961 2986 1090 3052 confir‘
1209 3030 1316 3085 Prodiit
1334 3030 1401 3087 baso
1420 3032 1509 3099 oratio
1530 3033 1612 3088 simol
1631 3054 1696 3090 cum
1716 3036 1786 3091 slis:
1811 3075 1830 3105 „
1839 3037 1937 3093 Oratio
1956 3042 1976 3100 Ι.
1994 3042 2078 3100 lonso
2097 3048 2131 3102 de

100 3101 220 3169 sciant,
246 3109 286 3152 ac
308 3082 404 3150 velut
427 3106 446 3148 e
471 3082 672 3172 propinquo
694 3104 791 3170 specu
815 3105 913 3151 suarm
930 3098 1090 3154 contem·
1240 3099 1338 3155 stodiis
1350 3098 1519 3173 theologicis.
1556 3104 2132 3184 uedsmaaoscrtptnVitthusemto,

64 3176 67 3181 ’
99 3189 262 3278 plantor,
289 3182 410 3250 vidant
434 3182 505 3251 iarn
533 3196 674 3271 portum
698 3183 964 3275 tranquillitatis
988 3201 1090 3279 atque
1241 3168 2005 3303 {233⁰}¹ffffigbffffiffi'ffiffifffffi§52⁸⁸
2028 3181 2131 3307 pm,

99 3299 262 3362 aeternae
274 3282 409 3366 salcetis,
430 3282 470 3351 in
486 3306 591 3374 quem
607 3295 644 3354 et
657 3282 727 3375 ipsi
740 3307 783 3353 es
800 3279 868 3355 boc
882 3286 1089 3358 turbulento
1242 3305 1317 3387 ppos
1330 3306 1405 3364 cna
1417 3306 1489 3380 Mel.
1506 3329 1534 3383 p
1545 3307 1598 3363 tto
1608 3326 1687 3380 sqq„
1709 3310 1737 3364 in
1750 3312 1903 3373 Declamas.
1920 3312 1953 3372 Τ.
1967 3316 2001 3374 tt.
2019 3338 2045 3389 ρ.
2057 3320 2129 3390 sos,

98 3388 188 3458 mari
204 3383 376 3455 foeliciter
388 3382 462 3455 sint
474 3383 679 3475 ingressuri.
713 3382 848 3459 Vident
863 3401 985 3457 contra
1003 3382 1089 3460 hor·
1241 3393 1272 3428 ¹¹¹
1285 3374 1400 3434 ΜΨ·
1418 3375 1453 3431 T.
1466 3376 1502 3433 ¹¹·
1521 3397 1549 3451 Ρ·
1562 3375 1623 3435 ⁵⁹⁵·
1638 3380 1748 3450 ΨΜ
1761 3379 1890 3436 Rictsrt.
1907 3381 1943 3437 T.
1957 3385 1990 3440 ¹¹·
2006 3406 2032 3459 Ρ·
2045 3387 2106 3442 ⁸⁵⁸³

99 3490 228 3560 reudas
254 3485 425 3578 procellos
453 3499 487 3555 et
510 3480 726 3580 charybdes,
757 3512 847 3580 quae
869 3487 997 3580 impios
1017 3489 1089 3561 sint

99 3592 340 3681 absorpturae,
363 3587 445 3656 illos
461 3600 619 3671 monent,
644 3587 834 3680 multisque
849 3614 931 3659 cum
946 3585 1088 3684 lachry-

98 3692 167 3763 mis
181 3694 413 3772 obtestantur,
428 3712 474 3757 ne
489 3689 537 3758 ita
553 3687 801 3758 miserabiliter
814 3704 971 3781 pereant,
986 3715 1089 3782 prae·

99 3796 223 3865 dicunt
242 3792 315 3860 illis
337 3790 504 3871 exitium,
530 3801 715 3868 revocant,
740 3812 879 3860 servare
903 3806 1089 3867 conantur.

99 3897 170 3968 Sed
186 3896 293 3964 surdo
310 3904 453 3976 canunt,
474 3917 590 3984 neque
606 3892 643 3960 id
658 3903 810 3974 tanturn,
836 3917 957 3963 verum
973 3909 1008 3964 et
1022 3919 1087 3982 pro

99 3998 208 4088 gratia
227 3993 469 4066 saevissimum
491 3993 635 4075 odium,
668 3994 928 4082 persecutiones
952 4007 987 4063 et
1010 3996 1087 4065 dira

98 4097 270 4189 supplicia
294 4095 537 4181 lucrifaciunt,
561 4094 645 4166 talia
670 4097 820 4188 σῶστρα
843 4087 999 4166 reddunt
1020 4091 1088 4164 bo·
1140 4072 1253 4177 Quod
1274 4086 1389 4159 fatere
1411 4085 1525 4159 solent
1549 4084 1694 4183 hi„-qul
1716 4091 1771 4161 vel
1796 4098 1890 4186 apud
1914 4120 1974 4168 eos
1992 4098 2130 4184 dicunt,

98 4201 213 4269 mines
228 4198 372 4278 sanetis,
398 4197 632 4269 reddiderunt
650 4211 684 4267 et
704 4193 943 4267 antechristo
965 4196 1088 4268 salotis
1139 4211 1293 4283 quorum
1309 4190 1355 4260 de
1368 4189 1551 4260 voluntate
1569 4191 1695 4262 incerti
1709 4209 1811 4279 suut,
1839 4198 1893 4266 vel
1908 4222 2048 4270 causam
2060 4205 2129 4275 du·

98 4298 228 4373 autori.
265 4297 346 4368 Non
361 4299 470 4387 igitur
484 4299 625 4382 anirum,
649 4297 679 4367 si
696 4297 748 4365 ira
763 4309 797 4366 et
816 4298 940 4389 poenis
956 4298 1088 4369 divinis
1138 4292 1236 4365 biam
1251 4304 1287 4361 et
1302 4314 1428 4384 parum
1445 4291 1583 4363 brenam
1599 4308 1729 4382 agunt,
1755 4297 1810 4367 vel
1825 4299 1924 4371 nulla
1938 4301 2047 4372 olbcii
2064 4329 2129 4376 ne-

98 4403 251 4477 inuudat
265 4396 325 4470 hic
339 4403 507 4474 anundus.
549 4393 652 4470 Nihil
667 4399 763 4469 enim
778 4414 849 4469 tam
866 4423 1008 4469 saevum
1027 4414 1089 4471 aut
1139 4393 1296 4467 cessitate
1310 4393 1441 4478 coacti,
1466 4408 1605 4466 tantum
1621 4393 1660 4467 ἐκ
1676 4391 1759 4490 περὶ
1782 4390 1913 4483 odaiae
1931 4403 2048 4475 ociose
2070 4408 2128 4478 ln-

99 4501 272 4575 borribile
294 4502 440 4592 cogitari
463 4515 596 4593 potest,
619 4502 716 4594 quod
740 4524 813 4570 non
840 4501 905 4572 ista
927 4501 1089 4592 impietas
1138 4499 1247 4582 dunt,
1268 4508 1307 4565 ut
1327 4495 1530 4566 auditorum
1554 4498 1837 4571 benevolentiam
1860 4502 1964 4575 initio
1983 4506 2128 4580 dicendi

99 4608 206 4696 longe
220 4618 397 4694 exuperat.
1140 4598 1209 4668 sibi
1230 4596 1380 4669 sollicite
1400 4611 1436 4667 et
1455 4611 1632 4684 accurate,
1657 4601 1702 4670 ad
1726 4600 1760 4670 id
1778 4601 1958 4676 elaborato
1980 4610 2126 4681 exordio

200 4707 271 4779 sed
296 4704 418 4777 desino
433 4700 535 4796 queri
551 4703 597 4772 de
617 4703 789 4792 pravitate
805 4705 950 4785 mundi,
975 4705 1089 4789 cuius,
1138 4714 1324 4782 venentur,
1350 4698 1387 4766 id
1403 4720 1467 4787 ego
1482 4698 1520 4767 in
1535 4700 1731 4791 praesentia
1748 4704 1887 4793 penitus
1904 4711 2127 4797 praetermit-

100 4811 191 4882 sicnt
205 4807 384 4879 verissime
397 4805 529 4877 dictum
547 4816 611 4888 est,
633 4828 673 4875 ea
688 4818 740 4875 est
753 4821 892 4889 natura,
918 4822 959 4881 ut
973 4832 1088 4899 neque
1140 4814 1230 4886 tere,
1251 4814 1286 4871 et
1300 4800 1399 4869 iuxta
1410 4797 1546 4871 Atticas
1558 4800 1654 4890 leges
1668 4798 1760 4874 ἄνευ
1772 4803 1913 4878 παθῶν
1923 4804 1987 4879 καὶ
2000 4834 2126 4906 apaus-

99 4913 185 4982 vitia
199 4936 281 4996 sua,
307 4932 372 4977 nec
386 4906 541 4976 remedia
554 4905 648 4976 lerre
662 4907 786 4995 possit.
821 4905 880 4979 Ad
897 4907 1087 4998 Doctorem
1137 4897 1239 4995 piata
1257 4901 1421 4992 protinus
1433 4901 1480 4971 ab
1504 4901 1579 4993 ipsa
1593 4926 1632 4972 re
1647 4903 1803 4994 incipere
1817 4907 2004 4995 constitui,
2030 4918 2125 5006 quod

98 5012 293 5085 Sebaldum
315 5010 442 5091 redeo,
470 5006 609 5103 dequo
631 5002 831 5079 mibi'baec
854 5012 1014 5082 instituta
1038 5026 1089 5080 est
1138 5019 1180 5075 ut
1213 5003 1358 5082 faciam,
1401 5001 1536 5094 duplici
1568 5004 1706 5077 ratione
1737 5007 1909 5085 adducor.
1965 5008 2126 5087 Primum

99 5115 235 5197 oratio,
260 5114 361 5183 cuius
379 5099 562 5196 interitus,
587 5109 652 5182 etsi
667 5109 773 5180 nobis
786 5110 930 5203 quidem
953 5114 1089 5183 luctum
1139 5109 1234 5199 quod
1259 5099 1349 5185 mihi
1372 5105 1584 5195 persuadeo,
1609 5128 1672 5179 vos
1689 5103 1962 5201 Adulescentes,
1986 5128 2059 5185 εεῦ
2075 5117 2128 5185 fa·

99 5245 139 5288 ac
160 5238 356 5285 moerorem
376 5210 552 5294 attulerit,
576 5211 639 5304 qui
659 5211 795 5301 optimo
810 5211 907 5296 viro,
927 5213 1091 5284 fidelissi·
1139 5231 1223 5279 vere
1238 5203 1295 5279 his
1313 5199 1531 5277 scholasticis
1550 5205 1875 5304 exercitiis,'quam
1899 5235 1937 5283 ea
1960 5216 2058 5285 scitis
2082 5219 2127 5287 ad

98 5344 157 5388 nco
175 5316 310 5400 amico,
338 5310 484 5383 bomine
504 5312 586 5382 utili
607 5312 648 5383 in
670 5308 736 5384 bac
750 5309 871 5383 sebola
895 5316 1012 5385 orbati
1029 5340 1090 5386 su·
1138 5308 1320 5403 publicam
1337 5302 1499 5389 scholae,
1522 5330 1564 5379 ac
1577 5322 1729 5382 εεεεεεῦ
1744 5311 1946 5403 utilitatem,
1969 5338 2045 5386 non
2058 5315 2129 5387 mi-

96 5443 192 5504 mus,
216 5435 332 5491 tamen
349 5417 385 5486 id
402 5437 468 5485 nos
480 5413 638 5586 picissim
656 5412 835 5487 consolari
850 5415 967 5503 debet,
991 5418 1090 5510 quod
1141 5436 1210 5483 nus
1232 5408 1401 5496 salutari,
1430 5430 1539 5583 φεόε
1566 5410 1664 5483 fideli
1683 5412 1833 5485 consilio
1858 5412 2025 5487 instituta
2046 5437 2131 5489 csse.

145 5526 324 5590 blattaru-
350 5522 455 5589 Orsa.
514 5543 565 5588 or..
593 5518 658 5587 xl.
1470 5512 1495 5586 8

1906 2755 2129 2791 m

1139 3534 1381 3608 Declamatio
1404 3542 1553 3629 scripta
1572 3559 1597 3608 a
1619 3538 1704 3609 Vita
1723 3539 1968 3632 machonosio,
1995 3550 2036 3618 in
2057 3570 2131 3641 pao

1138 3642 1330 3709 recitatur
1363 3634 1544 3728 historia,
1591 3638 1767 3732 quomodo
1799 3641 2006 3738 Guelfas
2037 3650 2131 3722 Dua

1138 3740 1333 3810 Bacurius
1366 3736 1550 3811 liberatas
1585 3745 1639 3812 ss't
1667 3746 1838 3834 periculo
1870 3749 1912 3816 in
1944 3747 2131 3820 obsidione
2215 3752 2220 3759 '

1143 3841 1437 3936 Wiaspcrpenss',
1473 3847 1640 3937 cantapia
1671 3865 1766 3913 assae
1798 3844 2057 3920 honestissimo
2091 3861 2131 3923 et

1410 3949 1540 4010 tamen
1562 3938 1674 4035 uafro
1699 3946 1862 4016 consilio.
