4732 6030
80 290 157 364 977
564 286 724 365 DECL.
775 283 851 363 DE
884 284 1163 364 Martum
1195 283 1353 364 REGE
1387 284 1642 364 HUNGAR.
2033 297 2108 371 978

79 460 354 530 inconstantiam
377 475 498 524 rerum
521 445 779 538 humanarum,
812 465 846 523 et
867 472 988 522 causas
1011 474 1066 521 ca-
1092 466 1100 542 t
1223 448 1347 522 Postea
1368 450 1517 546 Syrmus
1542 454 1640 523 unde
1662 450 1795 549 Syrmli
1824 457 2014 549 adpellatio
2039 475 2103 549 est,

79 561 296 640 lamitatum,
334 570 369 628 et
398 567 495 625 metu
523 579 717 645 poenarum
747 566 782 625 et
805 553 929 623 iudicii
953 551 1068 623 divini
1093 548 1369 645 “Lysimachum
1393 553 1555 621 vvicinum
1588 579 1703 645 regem
1736 557 1847 653 cepit,
1887 583 1966 650 erga
1998 588 2102 655 quem

79 661 219 731 flectere
232 661 369 730 animos
387 659 432 727 ad
447 656 673 739 modestiam,
699 670 733 727 et
746 657 792 725 ad
805 654 1068 726 invocationem
1120 653 1277 724 iusticiae
1291 667 1326 723 et
1340 655 1532 725 modestiae
1547 658 1724 747 specimen
1743 659 1919 751 egregium
1935 665 2102 737 ostendit.

78 758 160 832 Dei.
193 761 296 832 Hanc
312 759 501 832 utilitatem
518 770 552 826 et
567 782 635 827 vox
650 756 771 826 divina
786 756 885 827 iubet
899 779 941 824 ex
956 750 1068 824 histo·
1120 752 1209 824 Nam
1223 755 1379 846 pepercit
1393 770 1515 845 capto,
1541 781 1606 826 nec
1623 759 1719 827 aliud
1744 761 1788 830 ab
1807 785 1848 830 eo
1863 763 2009 853 petivit,
2032 765 2104 834 nisi

79 864 142 932 riis
159 864 241 955 peti.
292 859 340 933 Et
356 859 500 953 quidem
515 882 596 928 cum
610 857 774 927 universa
789 855 996 926 Pannoniae
1010 851 1068 924 hi·
1119 871 1160 926 ut
1173 857 1292 950 aequis
1308 857 1443 945 legibus
1460 858 1585 928 foedus
1600 881 1717 929 secum
1737 861 1882 945 faceret,
1909 877 1949 933 ut
1973 866 2104 936 vicinia

78 965 205 1049 storia,
228 978 304 1035 tum
321 986 403 1031 vero
420 960 531 1052 ipsius
544 954 718 1029 Matthiae
738 958 881 1030 fortuna
904 970 939 1028 et
956 956 1068 1028 aetio·
1119 969 1193 1028 tota
1209 958 1401 1051 tranquilla
1416 970 1516 1041 essct,
1537 975 1571 1031 et
1587 960 1732 1031 remisso
1747 963 1785 1031 in
1803 988 1968 1054 regnum,
1992 967 2102 1051 liliam

79 1089 141 1135 nes
156 1087 319 1153 magnam
337 1062 521 1133 continent
537 1060 776 1150 exemplorum
792 1058 1011 1130 varietatem.
1118 1057 1218 1129 dedit
1244 1082 1400 1128 risorem.
1464 1058 1563 1131 Haec
1588 1063 1784 1134 moderatio
1808 1065 1848 1133 in
1868 1065 2105 1138 victoriane-

181 1165 384 1236 Dolendum
400 1177 452 1234 est
471 1174 607 1242 autem,
633 1163 728 1253 qarod
752 1184 830 1228 cum
851 1159 989 1252 aliquot
1009 1180 1066 1228 se·
1118 1183 1295 1252 quaquam
1325 1160 1508 1231 barbarica
1537 1164 1698 1232 ducenda
1727 1179 1788 1238 est.
1853 1165 1927 1237 Nec
1954 1171 2104 1240 obscura

78 1268 168 1338 culis
187 1267 308 1337 nullus
325 1266 448 1353 regum
471 1261 735 1332 munificentior
751 1260 858 1331 luerit
880 1282 961 1350 erga
986 1257 1067 1330 lite-
1117 1274 1202 1331 sunt
1230 1259 1362 1330 indicia
1389 1261 1531 1332 virtutis
1553 1263 1590 1332 in
1618 1278 1721 1353 gente
1744 1263 1968 1355 Pannonica,
2007 1273 2105 1363 quod

78 1392 152 1451 ras,
185 1390 291 1458 quam
308 1359 498 1446 Matthias,
528 1373 648 1433 tamen
670 1362 808 1432 nullam
830 1374 955 1453 extare,
973 1361 1068 1431 inte·
1116 1357 1304 1451 Evangelii
1329 1386 1449 1432 vocem
1472 1365 1589 1433 statim
1607 1361 1860 1454 Apostolorum
1884 1386 2042 1462 tempore
2058 1374 2105 1441 li-

77 1492 176 1558 gram
196 1464 378 1539 historiam
392 1489 511 1536 rerum
536 1464 582 1534 ab
600 1463 677 1556 ipso
699 1475 892 1552 gestarum,
916 1485 997 1532 enm
1012 1473 1066 1532 ta·
1116 1463 1241 1532 benter
1255 1462 1416 1555 amplexa
1432 1478 1494 1549 est,
1511 1466 1686 1557 quodque
1700 1469 1855 1539 nonalia
1872 1473 1968 1561 regio
1984 1473 2105 1565 plures

79 1594 161 1639 men
176 1573 350 1663 quaedam
364 1568 439 1638 eius
456 1566 624 1636 victoriae
651 1565 821 1635 salutares
842 1563 976 1634 fuerint
999 1561 1065 1634 toti
1116 1562 1346 1657 imperatores
1371 1563 1554 1638 Romanos
1583 1566 1729 1657 peperit.
1796 1567 1978 1642 Postremo
2009 1599 2105 1645 nsanc

77 1667 255 1762 Europae.
304 1668 462 1747 Tantum
477 1667 579 1738 initia
598 1665 699 1756 regni
715 1664 889 1756 descripta
902 1677 1006 1749 sunt,
1030 1676 1066 1734 et
1117 1688 1259 1759 quoque
1283 1678 1318 1736 et
1333 1663 1510 1736 Ecclesias
1527 1663 1596 1735 Dei
1618 1668 1789 1738 beneficio
1811 1686 1904 1744 recte
1927 1675 2105 1746 institutas
2201 1750 2204 1757 ,

79 1786 197 1863 postea
214 1772 272 1840 vix
287 1772 413 1842 breves
429 1768 543 1849 stadt,
565 1780 606 1838 ut
621 1767 708 1836 olim
725 1767 763 1837 in
783 1760 963 1858 trophaeis
976 1764 1063 1834 scri·
1117 1760 1224 1835 hahet
1240 1765 1430 1854 plurimas,
1455 1765 1638 1859 inquibus
1655 1782 1688 1838 et
1712 1785 1814 1841 sonat
1840 1798 1905 1843 vox
1917 1768 2106 1866 Evangelii

77 1874 273 1956 bebantur,
295 1869 456 1941 annotati
469 1882 563 1942 sunt.
613 1864 668 1938 Er
686 1863 742 1937 his
755 1882 875 1937 tamen
889 1888 986 1936 nune
1004 1879 1064 1936 ut·
1116 1866 1343 1957 incorrupta,
1368 1880 1403 1936 et
1421 1865 1491 1935 viri
1509 1865 1703 1937 doctissimi
1727 1894 1801 1939 non
1824 1872 1893 1941 iarn
1920 1899 2002 1944 suos
2025 1891 2107 1946 tan-

76 1997 218 2067 cunqne
245 1973 485 2043 narrationem
511 1984 754 2054 contexemus,
793 1967 928 2060 inqua
952 1966 1064 2037 multa
1116 1981 1191 2038 tum
1206 1981 1325 2039 coetus
1340 1966 1521 2071 erudiunt,
1547 1969 1607 2036 sed
1624 1967 1729 2039 etiam
1745 1971 1897 2045 vicinam
1908 1974 2106 2065 Graeciam,

78 2075 203 2145 iudicii
232 2072 346 2143 divini
379 2072 599 2155 testimonia,
640 2070 752 2140 multa
781 2065 853 2139 Dei
883 2065 1064 2150 beneficia,
1103 2068 1219 2153 ⁴editis
1233 2065 1379 2139 Graecis
1394 2069 1533 2161 scriptis
1548 2070 1689 2140 docent.
1819 2151 1823 2158 Ι

76 2178 190 2246 mulla
206 2175 379 2293 Vltimum
396 2172 571 2264 exempl&
593 2169 750 2262 c⁰¹¹³³lllei
766 2183 944 2290 P⁰l0¹l¹¹¹l5
1217 2198 1272 2273 De
1288 2197 1343 2272 his
1358 2202 1576 2273 ornamentis
1591 2214 1729 2274 tantum
1752 2204 1831 2276 ideo
1851 2214 2046 2281 verecunde
2071 2227 2105 2285 et

163 2276 415 2396 'pflllssfflll‘fn
431 2296 540 2368 l¹²¹¹⁰a
555 2270 819 2390 depannqmffe
838 2293 1004 2391 ¹2⁰J¹¹¹¹¹⁰3
1030 2281 1065 2341 εἰ
1116 2303 1271 2374 breviter
1294 2304 1410 2374 dicere
1433 2303 1552 2389 volui,
1583 2318 1624 2374 ut
1648 2304 1820 2397 imperitis
1846 2333 2000 2381 errorem
2029 2315 2106 2384 exi-

77 2393 191 2471 gimus
215 2380 508 2494 ⁸²'PP‘d102f'lu‘·
567 2373 640 2446 Nec
660 2387 700 2491 Ψ
724 2397 763 2492 [¹¹
785 2373 917 2490 “ffdffiffl
938 2372 1064 2489 fiffllffm
1116 2427 1227 2491 marn,
1251 2430 1322 2498 quo
1341 2406 1458 2476 nescio
1479 2403 1799 2492 undeaCaucaso‚
1825 2412 1981 2484 educunt
1992 2411 2105 2484 Hun-

76 2481 316 2569 regundorum
339 2478 517 2596 subtiliter
538 2477 583 2546 de
604 2494 760 2563 regionis
785 2474 960 2591 limitibus
988 2474 1065 2542 dier
1116 2528 1227 2596 gam
1278 2502 1357 2577 Eup
1377 2505 1472 2575 enim
1488 2506 1681 2598 ,liquando
1704 2522 1739 2580 ,g
1761 2513 1963 2601 peregrinae
1984 2530 2104 2604 geum

76 2581 222 2672 putabo.
273 2576 511 2699 Veluffll⁸f¹f¹¹¹
538 2576 696 2693 P³⁸⁰¹Je⁸
721 2575 892 2691 paullum
920 2571 1064 2692 “SQ‘Y’
1115 2606 1363 2699 appetiverunt
1384 2604 1621 2696 Hungariam,
1653 2623 1694 2679 ut
1723 2608 1864 2706 lazyges
1888 2612 2015 2686 lonurn
2044 2642 2106 2688 co·

76 2701 558 2798 m⁰¹1⁸lfftqssftssff¹v¹⁶¹¹¹³m
581 2699 761 2795 ἳῗὲωὓθξθ
783 2689 878 2746 ΨΜ
904 2673 1063 2769 llll'ffim
1115 2709 1232 2793 lonia,
1256 2709 1370 2781 nostri
1381 2703 1528 2794 Gotthi‚
1553 2721 1586 2778 et
1607 2722 1725 2800 postea
1735 2709 1881 2801 Hunni,
1904 2730 1944 2786 ut
1959 2720 2104 2789 caeteris

76 2798 112 2854 ‘l
128 2783 330 2872 ¹⁰¹¹S¹⁸⁵¹¹⁰³
343 2803 424 2870 ¹¹¹8ss
438 2773 610 2868 (ῙΜΡῧῑιιι
631 2789 764 2845 m⁰⁰¹¹⁸
785 2777 831 2879 ³5¹
849 2773 978 2846 lasum
1004 2799 1065 2846 ⁰⁰²
1115 2811 1280 2900 gentihus
1302 2810 1407 2880 etiaim
1433 2809 1637 2902 peregrinae
1659 2814 1833 2884 admixtae
1855 2816 2016 2909 suemnt,
2051 2835 2105 2891 ta·

76 2896 261 2976 cuparum
309 2878 465 2952 N⁰¹¹¹l¹¹⁰
496 2877 606 2965 igilur
631 2872 857 2945 P³⁰⁰⁰¹¹i²¹¹¹
882 2875 1063 2965 “lli‘'n‘m
1115 2934 1199 2981 men
1214 2924 1349 2981 veteres
1362 2908 1510 3003 Paeonii
1527 2924 1695 3005 tauquam
1720 2914 1906 3006 indigenae
1926 2932 1960 2990 et
1978 2945 2106 2992 verna-

76 2973 1063 3098 ‘1¹¹²‘ldlefhoellmifffi⁸sllmi⁰‚¹{⁸‘l¹¹⁰³ds²¹b³¹i³¹f¹
1116 3013 1194 3082 cula
1218 3013 1410 3084 multitudo
1432 3012 1470 3081 in
1494 3034 1557 3082 sua
1579 3015 1661 3083 sede
1682 3033 1899 3091 manserunt.
1957 3018 2015 3091 Ad
2039 3019 2104 3093 hos

75 3087 294 3167 extenditur,
319 3102 419 3151 ⁰1¹¹&
433 3090 541 3148 ⁸¹l¹¹¹¹¹
563 3089 597 3146 εἴ
618 3075 835 3154 femmam
855 3090 890 3147 il
911 3077 1064 3146 ”lulm‘
1115 3113 1234 3202 potius
1247 3113 1420 3182 reseratur
1432 3114 1553 3204 origo,
1579 3137 1659 3184 cum
1674 3118 1718 3184 de
1733 3117 1859 3210 stirpe,
1883 3121 1929 3190 de
1942 3122 2105 3215 ingeniis

74 3201 183 3260 tatem
196 3183 324 3255 nostis:
351 3194 386 3253 et
400 3179 560 3251 scribunt
575 3174 705 3247 Graeci
718 3174 1064 3296 nomenPannoniae
1116 3227 1150 3284 et
1166 3215 1210 3284 de
1226 3213 1413 3306 disciplina
1430 3217 1506 3285 eius
1521 3216 1636 3305 gemis
1652 3216 1794 3292 dicitur·

75 3291 207 3358 factum
230 3307 303 3356 esse
325 3307 366 3354 ex
387 3280 559 3367 Paeonia,
586 3279 683 3373 quod
703 3302 855 3348 maxime
877 3292 1063 3350 consenta-
1368 3315 1371 3320 ·

13 3378 20 3392 '
75 3413 182 3458 neum
203 3400 265 3461 ,gg
314 3383 496 3456 paeonum
519 3394 637 3453 autem
658 3381 792 3451 mentio
813 3380 853 3450 fit
873 3382 969 3472 ,pud
985 3378 1063 3450 Ho-
1192 3347 1436 3469 'Delectoret‘
1452 3350 1608 3470 nomine.
1659 3348 1889 3471 Nam-anime
1904 3371 1955 3429 est
1974 3361 2104 3431 feriens

76 3513 233 3573 merum,
259 3481 493 3580 Aeschylum,
516 3478 746 3575 Euripidem,
773 3494 808 3554 eg
825 3481 915 3552 ὡς),
930 3482 1062 3554 muno,
1114 3451 1210 3543 quud
1226 3464 1259 3521 et
1274 3446 1437 3569 tlpolltnr
1454 3477 1493 3521 m
1515 3475 1622 3569 sacris
1638 3445 2016 3572 hymnisattrihutnm
2042 3476 2104 3547 est,

75 3594 275 3682 scriptores·
311 3587 316 3595 ·
533 3594 542 3610 ·
1114 3563 1148 3620 et
1160 3562 1278 3643 postea
1294 3574 1333 3618 m
1345 3545 1622 3642 triumphalibus
1649 3556 1867 3625 cannrnrbus
1896 3577 2102 3652 usurpatum

177 3688 226 3762 E,
244 3689 389 3784 quidem
403 3678 906 3776 Euripidegtemepmngae
920 3681 1062 3771 glogau,
1115 3665 1184 3734 est,
1208 3663 1249 3721 ut
1265 3649 1361 3720 scitis
1376 3648 1515 3720 Paeana
1532 3651 1604 3720 dici
1621 3650 1836 3745 triumphale
1854 3681 2006 3729 carmen.
2049 3662 2103 3734 lta

75 3793 194 3886 inquit
209 3815 282 3862 esse
300 3801 501 3880 argenteam
520 3799 555 3856 et
576 3807 741 3869 auream,
765 3781 965 3873 significans
983 3783 1063 3876 opi-

75 3919 145 3964 nor
158 3895 209 3964 ihi
221 3885 513 3984 locupletissimas
527 3887 634 3957 fuisse
651 3904 758 3955 venas
773 3886 854 3954 auri
867 3896 902 3955 et
916 3884 1063 3974 argenti.
1363 3962 1374 3988 ο

75 3994 148 4064 Nec
170 3993 327 4065 Paeones
359 3989 583 4060 barbaricum
611 4008 723 4077 genus
753 3987 916 4058 suerunts
952 3988 1013 4055 sed
1042 4011 1063 4055 a
1214 3983 1307 4056 Nam
1321 3999 1361 4057 ut
1374 3987 1419 4054 ad
1443 3986 1608 4078 propiora
1627 3989 1783 4075 veniam,
1809 4016 1916 4086 quem
1934 3993 2022 4066 mihi
2038 4001 2101 4069 da.

76 4094 215 4164 Paeone
230 4091 393 4163 Herculis
409 4090 550 4172 comite,
574 4088 766 4159 multitudo
781 4109 822 4157 ex
840 4085 989 4157 Graecia
1004 4087 1063 4156 iu·
1110 4084 1199 4157 bitis
1213 4108 1330 4176 regem
1346 4100 1408 4157 aut
1424 4088 1550 4158 ducem
1564 4088 1685 4159 multis
1706 4091 1832 4161 seculis
1847 4096 2101 4171 conferendum
2186 4119 2191 4131 ·

74 4196 198 4267 stituta
214 4187 362 4264 honesta
376 4192 583 4285 disciplina,
608 4190 745 4280 legibus
761 4201 797 4259 et
815 4189 949 4259 artibus
975 4188 1062 4258 civi·
1114 4190 1159 4259 ad
1172 4184 1365 4259 Huniadeu
1376 4182 1552 4259 Matthiae
1567 4204 1702 4280 patrem
1719 4193 1884 4264 comitem
1893 4193 2102 4271 Bistrician-

76 4300 173 4368 libus
194 4295 234 4364 in
248 4295 310 4364 illa
327 4293 404 4384 loca
419 4296 524 4365 dueta
540 4306 611 4374 est,
636 4314 726 4385 quae
747 4290 893 4382 qrtidem
919 4303 1064 4382 propter
1114 4314 1201 4368 sem.
1250 4287 1314 4360 Bis
1331 4290 1371 4361 in
1385 4290 1588 4381 interregno
1608 4293 1776 4363 adversus
1798 4297 1889 4367 duos
1910 4303 2102 4374 audacissi-

75 4399 267 4482 iustitiam,
301 4393 586 4477 beneficentiam,
617 4391 861 4464 fortitudinem
890 4406 926 4465 et
943 4391 1063 4462 'indu-
1115 4413 1191 4462 mos
1212 4400 1246 4460 et
1274 4391 1518 4462 foelicissimos
1542 4390 1715 4465 Turcicos
1743 4409 1915 4489 tyrannos
1947 4399 2101 4475 Amura-
2160 4416 2164 4422 “

75 4501 198 4573 striam
218 4500 288 4568 late
310 4517 458 4587 regnare
478 4496 523 4562 ad
549 4492 774 4588 Strymonem
804 4495 907 4564 etad
933 4491 1063 4564 istrum
1115 4486 1201 4565 then
1227 4503 1262 4562 et
1274 4488 1521 4565 Mahometum
1543 4495 1699 4585 primum
1725 4498 1845 4569 divina
1868 4526 1954 4592 ope,
1981 4520 2101 4593 postea

76 4601 203 4694 eoepit.
255 4595 362 4691 Apud
378 4591 779 4684 hosregnavitllhesus,
805 4594 867 4686 qui
883 4618 958 4664 uon
974 4609 1063 4666 esset
1115 4591 1304 4666 Huniudae
1321 4594 1421 4665 ducis
1457 4596 1658 4680 laboribus,
1699 4610 1734 4668 et
1760 4599 1893 4671 virtute
1914 4601 2100 4679 Pannonia

75 4706 193 4774 dictus
216 4701 310 4771 tilius
325 4696 453 4769 Musae
468 4687 741 4785 Terpsichores,
766 4694 836 4765 nisi
853 4695 890 4764 in
908 4696 952 4765 iis
975 4695 1064 4766 locis
1114 4697 1258 4766 defensa
1281 4709 1351 4779 est,
1380 4695 1519 4790 fuitque
1540 4689 1599 4767 hie
1620 4695 1694 4782 vir,
1727 4722 1803 4768 non
1827 4705 1952 4785 modu,
1993 4720 2035 4777 ut
2055 4710 2100 4778 de

76 4805 238 4876 doctrina
268 4802 460 4883 virtutum,
497 4793 686 4887 disciplina
715 4789 922 4868 honestaret
943 4797 1064 4890 aliqua
1114 4792 1258 4868 Achitte
1277 4793 1455 4866 Homerus
1480 4796 1613 4891 inquit,
1638 4793 1879 4890 Achivorum,
1910 4807 1969 4873 sed
1991 4810 2101 4881 totius

77 4907 207 4978 artium
224 4902 378 4994 cognitio
392 4899 526 4971 luisset.
580 4893 752 4965 Videmus
771 4911 806 4967 et
820 4893 1063 4970 Alexandrum
1115 4897 1274 4991 reliquae
1295 4894 1463 4989 Europae
1486 4922 1630 4983 murus,
1663 4923 1728 4970 nec
1750 4902 1861 4972 animi
1884 4909 2100 4998 magnitudo,

76 5014 122 5080 de
143 5006 322 5101 equitibus
337 5000 503 5075 Paeoniis
526 4996 705 5091 praeclare
726 4996 891 5084 sensisse,
915 5001 1062 5070 eumad
1116 5023 1181 5069 nec
1194 4998 1304 5083 vires,
1325 5024 1371 5069 ne
1386 4999 1585 5070 occasiones
1599 5001 1741 5095 quidem
1756 5004 1903 5078 deerant
1922 5009 1977 5079 vel
1986 5007 2101 5083 Amu-
2191 5019 2194 5027 '

75 5109 291 5204 periculosas
305 5125 440 5198 pugnas
455 5125 532 5172 earu
547 5099 707 5194 equitum
725 5111 879 5169 turmam
894 5102 1064 5172 delectam
1115 5094 1229 5184 rathi‚
1262 5100 1321 5170 vel
1341 5096 1547 5173 Mahometo
1573 5104 1617 5172 ad
1642 5108 1882 5196 occupandam
1907 5108 2045 5182 ltaliam
2066 5127 2101 5184 at

77 5211 250 5302 singulari
264 5205 415 5280 consilio
432 5227 534 5295 saepe
556 5200 681 5273 mittit.
732 5197 834 5269 Talis
850 5223 973 5273 eorum
990 5204 1065 5272 vir·
1117 5200 1368 5288 Germaniam,
1394 5203 1465 5273 nisi
1481 5198 1588 5274 huius
1603 5204 1710 5273 unius
1734 5206 1802 5276 viri
1817 5205 2008 5282 Huniadae
2028 5215 2103 5282 vir*

76 5329 135 5385 tus
155 5335 229 5384 esse
253 5334 327 5382 non
346 5304 484 5401 potuit,
512 5302 584 5373 nisi
605 5317 641 5376 et
660 5298 851 5373 domestica
876 5303 1065 5396 disciplina
1116 5317 1173 5375 tus
1188 5317 1223 5375 et
1236 5304 1409 5376 foelicitas
1424 5305 1520 5393 velut
1536 5305 1672 5377 obiecta
1688 5309 1816 5391 moles,
1840 5312 1973 5382 flumen
1991 5337 2102 5384 exun-

76 5413 255 5509 probabili
269 5407 461 5484 adsuefacti
478 5412 647 5477 essens·
750 5454 755 5467 .
1032 5485 1036 5492 ¹
1116 5406 1206 5476 dans
1227 5406 1457 5498 repressisset.
1511 5406 1784 5503 Necqnisquam
1807 5435 1928 5502 regum
1948 5427 2008 5485 aut
2033 5418 2103 5488 du.

1114 3846 1268 3945 phalem.
1317 3848 1371 3921 Ac
1387 3851 1494 3922 talem
1512 3853 1575 3945 diu
1590 3853 1699 3923 fuisse
1710 3877 1765 3925 res
1778 3860 1945 3937 ostendit.

128 5513 315 5588 Μηητκ.
342 5516 449 5584 Orsa.
474 5509 559 5579 Vos.
585 5508 649 5576 xl.
1114 5540 1118 5544 -
1233 5522 1246 5559 s
1399 5507 1449 5580 02

1115 3749 1300 3842 paeoniam
1312 3763 1404 3821 recte
1415 3751 1915 3845 interpretabimurvictricem
1930 3775 1964 3831 et
1974 3762 2103 3832 trium-
2209 3801 2212 3807 ,
