4732 6030
163 270 241 346 sos
594 260 753 345 unca.
785 261 862 342 uu
892 254 1344 343 contuucrrotus
1375 234 1757 347 senonaauu.
2109 274 2193 349 sto·
2301 368 2304 373 ⁵

162 440 250 534 legis
278 433 535 532 Prophetarum
568 449 603 508 et
630 432 899 529 Apostolorum,
940 459 1030 530 quos
1055 435 1151 507 Deus
1201 430 1259 501 dia
1274 428 1415 502 virtutis
1431 442 1466 501 et
1488 429 1671 503 doctrinae
1691 432 1806 506 lucem
1825 435 1866 509 in
1888 433 1955 517 hac
1966 438 2085 517 schola
2101 471 2185 520 rur-

165 541 341 613 Ecclesiae
355 538 520 619 tradidit,
545 551 764 629 utperpetuo
778 537 854 607 eius
868 560 987 607 vocem
1003 537 1150 608 audiret.
1200 553 1260 603 sus
1281 531 1451 602 accendit.
1509 527 1673 626 Denique
1694 535 1777 627 quia
1798 543 2003 628 promise'rat
2024 544 2121 620 Deus
2142 573 2181 622 se

163 641 266 712 Nunc
283 640 391 729 igitur
407 641 450 709 ad
473 638 528 722 id,
559 640 656 732 quod
672 638 827 718 institui,
861 639 1002 710 accedo.
1057 634 1149 707 Cum
1200 626 1284 703 huic
1307 632 1422 704 coetui
1444 632 1651 703 adfuturum
1675 655 1766 720 esse,
1797 658 1935 730 semper
1956 647 2066 740 aliqui
2080 666 2181 724 erant

161 739 259 812 Deus
282 740 321 809 in
344 737 501 810 Ecclesia
525 760 662 829 semper
681 751 798 808 estare
814 737 946 808 librum
969 733 1150 830 propheti·
1199 733 1251 824 pii
1267 731 1668 819 etsalutarcsdoctores,
1694 735 1755 828 qui
1768 736 1891 808 florem
1906 746 2028 832 populi
2041 755 2181 825 erudie-

162 864 241 911 cum
257 853 292 911 et
307 838 539 932 apostolicum
555 838 658 922 velit,
690 851 723 908 et
738 832 805 907 hoc
818 839 947 930 scripto
961 838 1033 927 regi
1050 861 1149 907 men·
1198 832 1296 907 bant.
1352 830 1472 925 Atque
1494 827 1560 904 hae
1583 834 1621 903 in
1644 859 1683 904 re
1704 837 1810 927 digna
1831 853 1882 912 est
1903 844 2182 926 consideratione

161 954 212 1012 tes
237 953 393 1024 nostras,
432 952 466 1010 ct
490 938 633 1009 accendi
658 938 825 1008 noticiam
850 938 978 1029 ipsius,
1012 961 1150 1031 semper
1197 933 1367 1005 successio
1398 957 1606 1023 magnorum
1636 936 1806 1009 virorum.
1865 938 1960 1012 Pene
1982 956 2022 1014 ut
2047 947 2086 1016 in
2108 955 2182 1024 acie

161 1062 300 1111 necesse
315 1053 367 1111 cst
381 1032 517 1109 scholas
531 1038 668 1108 additas
684 1060 757 1108 esse
768 1033 955 1124 Ecclesiis‚
979 1063 1069 1132 quae
1082 1041 1149 1108 do-
1197 1032 1351 1106 succcdit
1369 1033 1471 1103 miles
1483 1034 1665 1125 'proximus
1686 1035 1725 1104 in
1742 1038 1871 1128 prioris
1885 1042 2060 1117 interlecti
2076 1052 2195 1123 vesti..

163 1154 263 1213 ceant
284 1140 419 1224 literas,
452 1152 485 1209 et
507 1161 704 1209 sermonem
732 1138 896 1208 divinum
917 1152 1081 1209 enarrent
1107 1162 1148 1210 ac
1198 1135 1314 1224 gium:
1345 1134 1394 1205 ita
1426 1134 1465 1203 iu
1496 1129 1562 1204 hac
1586 1130 1704 1206 schola
1732 1160 1805 1207 nou
1827 1142 1941 1213 solum
1965 1149 2183 1240 pontificum,

160 1241 447 1331 interpretentur.
507 1234 584 1309 Etsi
601 1240 644 1309 de
661 1261 700 1306 re
717 1238 864 1308 minime
885 1239 993 1310 dubia
1009 1240 1148 1333 loquor,
1198 1236 1257 1303 sed
1286 1235 1391 1305 etiam
1426 1229 1681 1324 Prophetarum
1716 1241 1885 1310 successio
1912 1247 2078 1320 continua
2102 1253 2181 1327 fuir,

160 1353 279 1411 tamen
303 1364 383 1410 cum
403 1340 441 1407 iu
462 1352 559 1409 tanto
582 1350 785 1429 contemptu
809 1337 880 1409 sint
898 1339 1038 1425 literae,
1063 1362 1148 1431 pro-
1197 1330 1282 1403 Post
1304 1332 1502 1405 Samuelem
1524 1334 1646 1405 flontit
1667 1333 1827 1419 Nathan,
1853 1343 1981 1415 deinde
1995 1343 2107 1420 Ahias
2122 1346 2182 1424 Si-

162 1440 269 1510 lixius
283 1435 348 1511 hae
364 1441 457 1509 dere
473 1439 663 1509 dicendum
678 1454 741 1512 est.
793 1433 847 1508 Ac
861 1439 1015 1529 primum
1034 1435 1146 1511 histo-
1198 1434 1326 1508 lonites
1350 1436 1416 1503 sub
1438 1432 1647 1516 Salomone,
1680 1450 1714 1507 ct
1740 1437 1935 1518 leroboam.
1994 1442 2101 1520 Hune
2125 1475 2183 1525 se.

161 1539 215 1610 ria
237 1540 398 1612 omnium
419 1551 573 1610 aetatum
596 1552 633 1610 et
654 1539 762 1608 series
785 1537 947 1609 omnium
969 1536 1148 1610 Ecclesiae
1197 1547 1329 1627 quotus
1342 1547 1393 1603 est
1408 1531 1590 1606 Hananias
1606 1532 1698 1605 Asse
1710 1550 1876 1630 ternpore.
1929 1542 2068 1618 Deinde
2089 1555 2183 1625 exci-

161 1654 361 1733 temporum
390 1639 640 1712 consideretur.
700 1635 744 1709 ln
766 1638 889 1729 politia
910 1637 1029 1733 Moysi
1050 1639 1146 1710 scitis
1197 1647 1289 1705 tatus
1302 1648 1354 1704 est
1368 1629 1483 1718 Elias,
1509 1636 1571 1728 qui
1584 1659 1665 1706 cum
1680 1638 1744 1709 diu
1759 1662 1815 1709 res
1827 1644 1997 1717 maximas
2012 1652 2183 1744 gessisset,
2296 1662 2302 1677 '

161 1744 206 1811 ad
229 1741 513 1824 tabernaculum,
543 1752 584 1810 ut
606 1738 819 1823 vocabatur,
843 1740 967 1810 classes
983 1741 1147 1810 sacerdo·
1196 1749 1384 1826 antequam
1398 1733 1500 1805 aDeo
1517 1736 1555 1804 iu
1570 1735 1707 1806 coelum
1723 1754 1840 1811 vectus
1855 1759 1923 1830 est,
1949 1771 2181 1826 successorem

161 1854 236 1912 tum
256 1855 290 1912 et
310 1839 515 1912 Levitarum
541 1840 746 1910 constitutas
772 1838 898 1918 luisse,
932 1862 1006 1909 non
1030 1841 1146 1910 solum
1196 1830 1354 1903 Eliscum
1378 1835 1516 1922 delegit.
1573 1834 1643 1905 Hic
1666 1860 1778 1906 annos
1802 1841 1939 1916 circiter
1963 1855 2182 1943 septuaginta

159 1954 199 2012 ut
230 1940 282 2010 ibi
306 1951 498 2012 mactarent
524 1940 689 2030 pecudes,
718 1939 780 2006 sed
803 1938 919 2008 molto
945 1939 1072 2028 magis,
1106 1952 1148 2009 ut
1197 1956 1269 2001 non
1296 1933 1410 2003 solum
1438 1935 1584 2005 consilia
1618 1938 1802 2028 praecipua
1837 1946 1934 2032 regni
1959 1950 2182 2044 gubernavit,

160 2042 272 2129 legem
291 2041 423 2132 populo
444 2050 668 2121 enarrarent,
692 2038 947 2127 responderent
964 2038 1144 2127 ambigen.
1196 2032 1377 2101 sedetiam
1402 2027 1621 2105 scholasticas
1643 2060 1767 2127 operas
1786 2044 1973 2132 sustinuit,
1998 2074 2077 2121 cum
2099 2079 2181 2128 eum

161 2140 257 2210 tibus
279 2140 426 2220 animis,
456 2137 692 2208 diiudicarent
714 2140 916 2226 dogmatum
940 2150 1147 2208 controver-
1196 2156 1321 2222 magna
1336 2132 1530 2225 frequentia
1545 2148 1581 2206 et
1589 2135 1791 2209 assiduitate
1806 2141 2060 2235 discipulorum
2069 2156 2182 2243 agmi-

162 2240 248 2310 sias:
273 2252 314 2311 nt
332 2241 425 2310 clare
440 2249 586 2309 testatur
601 2250 705 2328 caput
722 2237 781 2308 17.
804 2237 844 2306 in
857 2233 1147 2324 Deuteronomio,
1197 2256 1241 2301 na
1257 2231 1386 2324 passim
1410 2247 1636 2308 sectarentur.
1687 2235 1787 2310 Vidit
1808 2237 1904 2315 hunc
1924 2271 2042 2320 seuero
2059 2257 2182 2328 adole-

163 2340 260 2432 quod
290 2339 387 2410 iubet
413 2337 543 2409 deferri
579 2336 833 2407 commenias
857 2339 903 2407 ad
938 2341 1147 2424 sacerdotes,
1196 2355 1295 2403 scens
1311 2331 1455 2417 lesaias,
1480 2333 1625 2406 lesaiam
1641 2334 1821 2426 Ieremias,
1845 2341 2027 2420 leremiam
2037 2349 2181 2441 Daniel,

161 2438 357 2519 Leviticos,
382 2440 474 2509 etad
486 2438 604 2507 locum
618 2436 857 2520 tabernaculi,
881 2451 916 2508 et
926 2437 1076 2508 iudicari
1090 2461 1146 2509 res
1195 2431 1381 2504 Danielem
1400 2430 1608 2521 Zacharias,
1637 2434 1844 2510 Zachariam
1858 2440 1990 2519 Esdras
2008 2466 2043 2522 et
2063 2451 2181 2529 Nehe-

160 2563 234 2609 uon
249 2563 291 2608 ex
307 2539 464 2610 arbitriis
473 2550 675 2630 potentum,
699 2539 758 2607 sed
776 2561 817 2608 ex
831 2538 907 2629 lege
920 2538 1053 2614 divina.
1092 2536 1147 2609 Ne
1195 2534 1303 2614 miss,
1335 2528 1541 2604 Nehemiam
1566 2531 1699 2623 Onias,
1733 2541 1925 2617 celebratus
1946 2550 1984 2619 in
2005 2546 2182 2628 Ecclesia·

159 2640 268 2729 igitur
301 2639 495 2710 existimate
527 2638 588 2707 illa
613 2640 833 2709 sacerdotum
863 2640 1004 2728 agmina
1037 2639 1146 2709 fuisse
1196 2635 1295 2710 stico.
1344 2630 1541 2727 Aliquanto
1557 2650 1635 2728 post
1649 2653 1765 2711 secuta
1783 2656 1865 2714 sunt
1882 2644 2181 2727 Maehabaeorum

159 2741 287 2824 otiosa,
323 2755 385 2811 aut
410 2753 549 2812 tantum
574 2738 752 2808 sacrificiis
784 2753 960 2831 occupata.
1026 2737 1147 2809 Maior
1195 2734 1307 2814 bella,
1335 2757 1406 2827 quo
1419 2747 1576 2828 tempore
1589 2743 1784 2812 sacerdotes
1797 2743 1860 2814 diu
1874 2745 1946 2816 iam
1959 2747 2182 2828 ethnicorum

160 2842 307 2912 omnino
322 2864 426 2926 cura,
449 2839 564 2909 maior
589 2838 639 2907 eis
661 2838 772 2907 moles
787 2837 951 2929 imposita
968 2851 1065 2927 erat,
1089 2839 1144 2908 vi·
1195 2858 1294 2905 more
1317 2848 1534 2907 certaverant
1553 2839 1748 2910 ambitione
1763 2845 1808 2911 de
1817 2846 2042 2941 principatu,
2066 2870 2101 2927 et
2115 2860 2182 2928 do·

160 2942 287 3014 delicet
308 2956 348 3013 ot
369 2952 484 3011 essent
506 2936 688 3008 doctrinae
709 2937 888 3020 custodes,
912 2950 1017 3031 atque
1035 2940 1145 3009 inter·
1195 2936 1344 3006 ctrinam
1357 2959 1398 3004 ac
1414 2935 1636 3029 disciplinam
1652 2939 1822 3028 flagitiose
1836 2948 2068 3035 neglexerant.
2108 2955 2182 3029 Sed

159 3055 294 3134 pretes,
317 3053 352 3109 et
367 3037 651 3128 gravissimarum
667 3036 985 3106 controversiarum
1001 3037 1146 3125 iudices,
1195 3047 1336 3105 exortus
1357 3048 1408 3105 est
1429 3049 1545 3106 tamen
1566 3035 1757 3112 Malathias
1777 3048 1954 3129 sacerdos,
1988 3052 2074 3143 legis
2086 3058 2181 3128 divi.

159 3163 201 3209 ac
217 3137 513 3228 complectebatur
528 3158 652 3206 eorum
676 3135 846 3225 professio
867 3137 1007 3224 literas,
1031 3138 1145 3227 legem
1195 3160 1262 3206 nae
1285 3149 1444 3207 assertor.
1500 3133 1549 3208 Et
1573 3129 1656 3208 huic
1678 3161 1715 3209 se
1734 3143 1835 3212 multi
1861 3148 1912 3234 pii
1931 3152 2180 3233 adiunxcrunt.

158 3238 338 3318 divinam,
370 3233 554 3320 historias,
580 3233 842 3307 distinctionem
863 3250 1084 3330 temporum,
1109 3251 1146 3310 et
1194 3230 1389 3329 Aliquanto
1404 3249 1483 3326 post
1496 3237 1642 3309 fuerunt
1654 3236 1800 3311 Simeon
1814 3243 2065 3339 etZaeharias,
2089 3282 2181 3349 quo·

159 3338 247 3409 anni
276 3337 447 3409 rationem
478 3335 678 3407 constitutis
702 3335 805 3409 metis
830 3360 872 3411 cx
897 3336 1144 3410 observatione
1194 3358 1273 3405 rom
1298 3337 1430 3405 mentio
1450 3335 1490 3407 lit
1513 3335 1550 3405 in
1572 3335 1679 3412 Luca.
1738 3341 1874 3413 Deinde
1898 3344 2075 3439 Baptista,
2100 3370 2181 3447 post

69 3474 74 3479 ·
160 3451 320 3523 motuum
350 3437 570 3521 coelcslium,
610 3451 757 3509 naturae
782 3436 1069 3533 inquisitionem,
1108 3450 1145 3510 el
1193 3460 1298 3529 quem
1321 3436 1446 3505 docere
1467 3431 1630 3509 Chrlslus
1657 3442 1790 3531 eoepit,
1822 3446 1885 3535 qui
1908 3444 2062 3520 scholam
2079 3450 2180 3547 Apo·

158 3551 270 3608 artem
290 3538 479 3621 medicam,
501 3536 655 3630 denique
668 3549 704 3606 et
714 3538 897 3614 musicam.
946 3535 1034 3610 Erat
1049 3539 1143 3610 inter
1192 3537 1364 3606 stolorum
1389 3530 1514 3606 habuit
1537 3539 1726 3609 assiduam.
1784 3539 1961 3616 Recensui
1976 3550 2073 3642 longi
2089 3566 2180 3624 tem-

159 3638 345 3730 praecipua
368 3658 532 3721 munera,
565 3648 600 3705 ct
628 3657 682 3704 res
704 3649 816 3725 gestas
837 3637 876 3705 in
905 3639 1039 3729 populo
1062 3636 1143 3724 Dei,
1193 3636 1288 3725 poris
1303 3635 1449 3719 seriem,
1474 3635 1512 3702 in
1528 3660 1597 3729 qua
1612 3661 1683 3706 non
1698 3640 1812 3711 solum
1829 3642 1982 3718 iucunda
1998 3666 2179 3726 estrecor-

158 3741 253 3809 bona
268 3739 336 3808 lide
352 3738 389 3806 in
405 3735 546 3829 publica
561 3748 789 3806 monumenta
798 3736 946 3821 referre,
967 3750 1007 3809 ut
1020 3737 1058 3805 in
1070 3732 1141 3806 Ec·
1193 3735 1288 3805 datio
1314 3745 1366 3804 tot
1391 3735 1634 3805 excellentium
1661 3736 1837 3824 virorum,
1874 3747 1934 3813 sed
1971 3752 2075 3820 etiam
2108 3756 2178 3826 alia

158 3840 262 3909 clesia
293 3849 423 3908 extaret
452 3835 620 3905 continua
653 3833 759 3906 series
784 3831 961 3909 historiae.
1019 3833 1142 3906 Voluit
1192 3834 1304 3903 multa
1332 3833 1504 3902 delectare
1534 3836 1609 3925 pias
1631 3851 1764 3907 mentes
1793 3858 1949 3927 possunt.
2008 3847 2179 3925 Videmus

158 3940 253 4010 enim
275 3937 371 4009 Deus
392 3937 539 4030 posteris
563 3947 734 4006 retroacta
749 3949 905 4028 tempora
924 3935 1043 4006 omnia
1056 3949 1141 4005 nota
1192 3930 1268 4001 Deo
1284 3952 1471 4000 coracesse
1484 3929 1679 4000 Ecclesiam
1692 3959 1807 4021 suam,
1828 3940 1909 4030 quia
1926 3945 2077 4018 subinde
2092 3954 2179 4025 tales

160 4062 254 4124 csse,
277 4054 317 4110 ut
332 4037 512 4113 doctrinae
525 4035 725 4107 testimonia
738 4049 831 4108 certa
846 4030 1028 4107 habereut.
1066 4032 1142 4104 No-
1192 4031 1225 4099 ei
1245 4030 1496 4118 gubernator&
1517 4031 1671 4112 addidit,
1699 4048 1734 4106 et
1756 4040 1947 4112 manifestis
1965 4050 2177 4124 testimoniis

161 4138 227 4208 luit
248 4140 340 4208 euim
354 4138 584 4228 Deusvagari
600 4136 737 4206 animos
758 4150 914 4221 nostros,
941 4137 1141 4227 ignorantes
1191 4129 1382 4200 declaravit
1406 4151 1443 4198 se
1465 4131 1595 4201 adesse.
1646 4131 1818 4207 Videmus
1834 4143 2177 4224 ettloctrinaeauto-
2267 4147 2278 4156 ”

158 4238 286 4307 mundi
319 4228 480 4324 initium,
512 4237 694 4327 religionis
726 4237 887 4321 exordia,
917 4235 1142 4329 propagatio·
1191 4230 1330 4302 ritatem
1345 4231 1553 4301 coelestibus
1569 4234 1670 4304 iactis
1685 4237 1923 4311 confirmatam
1940 4270 2025 4319 csse.
2080 4250 2177 4325 Haec

161 4361 265 4423 nem,
285 4339 550 4431 depravationes
573 4352 609 4410 et
630 4337 877 4409 restitutiones.
928 4335 1012 4407 ldeo
1029 4332 1141 4407 histo·
1191 4332 1414 4403 considerare
1433 4332 1626 4422 plurimum
1653 4335 1761 4412 iuvat.
1812 4338 1864 4410 Ac
1880 4348 2010 4414 summi
2025 4350 2077 4420 illi
2095 4356 2175 4440 viri,

69 4467 75 4472 ·
159 4438 249 4508 riam
266 4440 426 4510 omnium
442 4454 640 4532 temporum
656 4440 798 4508 brevem
819 4438 984 4532 quidem,
1008 4439 1068 4506 sed
1085 4460 1140 4507 res
1192 4456 1281 4528 quos
1295 4432 1475 4516 recensui,
1500 4457 1572 4503 non
1589 4447 1726 4505 tanturn
1744 4438 1781 4505 in
1802 4442 1898 4512 curia
1914 4445 2076 4521 dicebaut
2094 4477 2176 4524 sen·
2256 4536 2262 4549 ι

159 4562 314 4610 summas
328 4539 561 4631 complexam,
579 4563 716 4630 semper
729 4539 767 4607 in
776 4534 931 4608 Ecclesia
946 4552 1062 4608 extare
1077 4562 1141 4606 vo-
1192 4533 1336 4617 tentias,
1366 4535 1426 4603 sed
1453 4534 1612 4628 plerique
1636 4537 1794 4607 assiduos
1827 4558 1947 4616 coetus
1973 4552 2176 4637 auditorum

159 4640 228 4711 luit
253 4653 286 4711 et
308 4638 540 4712 conservavit.
597 4637 696 4727 Quid
717 4639 826 4730 igitur
840 4639 909 4710 luit
928 4638 1017 4709 illud
1034 4635 1141 4707 colle-
1192 4630 1390 4717 habebant,
1415 4634 1543 4724 quibus
1559 4640 1770 4708 enarrabant
1785 4641 1895 4730 legem
1920 4660 1953 4714 et
1968 4654 2175 4738 promissio-

158 4741 255 4832 giunt
272 4739 387 4825 aliud,
411 4739 481 4808 nisi
497 4732 616 4807 schola
630 4761 691 4808 seu
704 4730 1039 4829 Academia'optime
1055 4761 1141 4807 con·
1192 4758 1254 4804 nes
1269 4733 1425 4802 divinas:
1452 4731 1489 4800 id
1505 4730 1727 4825 quodEliae,
1748 4734 1857 4810 Elisei
1867 4791 1878 4822 ,
1901 4742 2175 4848 loannisBapti-

159 4841 305 4914 stituta?
343 4863 433 4935 quae
456 4837 608 4933 quidem
619 4858 730 4930 usque
755 4840 800 4908 ad
822 4835 1005 4911 Christum
1028 4858 1141 4908 annos
1191 4850 1263 4905 stae
1296 4845 1329 4903 et
1356 4827 1491 4902 Christi
1520 4829 1687 4906 historiae
1717 4839 1832 4926 palam
1860 4850 2061 4923 ostendunt.
2125 4852 2175 4928 Et
2294 4848 2297 4853 ¹

158 4943 298 5013 circiter
320 4940 418 5011 mille
440 4939 650 5033 quingentos
671 4939 851 5010 doctrinae
871 4940 1013 5011 divinae
1030 4940 1140 5009 inter·
1191 4932 1321 5005 Ebraci
1342 4934 1529 5004 adfirmant
1550 4932 1687 5031 Moysis
1708 4937 1929 5029 institutum,
1953 4951 2015 5041 qui
2032 4970 2174 5045 septua.

158 5066 238 5135 pres
263 5055 298 5112 et
321 5055 437 5113 custos
457 5040 537 5115 luit.
589 5036 803 5132 Quanquam
816 5040 910 5111 enim
928 5063 1029 5130 saepe
1044 5037 1141 5109 Pon·
1192 5035 1287 5124 ginta
1302 5033 1456 5104 seniores
1479 5033 1580 5124 legit,
1605 5050 1645 5108 ut
1668 5038 1835 5111 scribitur
1849 5043 1888 5113 in
1902 5048 2013 5139 capite
2027 5058 2175 5126 undeci-

158 5143 269 5214 tihres
287 5152 513 5213 exercuerunt
536 5139 778 5234 tyrannidem,
816 5152 851 5210 et
874 5164 1020 5230 magnae
1042 5153 1140 5209 tene-
1193 5158 1251 5205 mo
1272 5132 1525 5219 Numerorum,
1558 5137 1727 5209 mansisse
1754 5143 1799 5210 ad
1827 5167 1967 5217 omnem
1989 5157 2174 5243 posterita-

159 5246 243 5315 brae
267 5243 449 5314 doctrinae
470 5254 613 5333 propter
634 5239 810 5331 ignaviam
830 5245 1048 5311 sacerdotum
1065 5241 1140 5310 lue-
1183 5248 1281 5328 tem,
1305 5234 1414 5328 idque
1427 5235 1674 5309 deindefuisse
1690 5240 1875 5332 collegium
1891 5250 2175 5328 doctissimorum

160 5359 261 5416 runt:
290 5357 407 5417 tamen
423 5342 574 5414 subinde
586 5337 684 5411 Deus
697 5339 853 5412 excitatis
866 5338 1053 5432 Prophetis
1069 5354 1141 5410 stu·
1194 5332 1397 5423 hominum,
1438 5338 1535 5431 quod
1568 5339 1797 5415 nominarunt
1823 5342 2042 5437 Sanhedrin,
2076 5361 2175 5447 quod

212 5451 390 5520 Mensura.
409 5451 512 5517 Orsa.
539 5445 621 5510 Vos.
637 5445 702 5516 xl.
1496 5436 1545 5510 89
