4732 6030
179 238 254 318 sos
843 164 1003 313 unco.
1035 228 1109 311 na
1142 228 1285 310 -v1ra
1319 228 1555 314 aarum.
2143 247 2221 328 ω,

183 432 269 487 usus
279 407 359 493 iuit,
384 405 459 500 ipse
471 430 511 480 ea
528 400 604 480 loca
617 407 715 480 unde
731 406 878 495 eruitur,
899 406 999 495 adiit,
1024 421 1065 481 ut
1080 420 1174 480 certe
1223 415 1400 476 amantem
1436 418 1488 515 ct⁸
1509 405 1657 479 iuvandi
1689 410 1827 498 generis
1865 408 2013 486 bomani
2043 421 2212 514 cupidum

184 514 380 605 exploraret
393 511 573 603 quomodo
588 524 826 602 appararetur,
852 511 1093 604 comperitque
1108 533 1174 579 na·
1223 527 1297 575 non
1311 519 1479 597 perpetua
1496 508 1599 578 laude
1617 510 1765 598 dignum
1783 537 1855 582 esse
1871 516 2027 588 iudicet?
2058 521 2142 597 Post
2155 527 2213 597 in-

185 630 298 686 turam
330 632 405 680 esse
436 612 672 701 metallicam,
704 612 783 682 sine
810 612 964 683 mixtura
990 611 1173 701 sanguinis
1223 607 1367 678 teritum
1390 604 1568 680 Antonini
1590 606 1820 703 Philosophi,
1845 618 1906 709 qui
1930 619 1967 686 in
1990 627 2212 713 expeditione

183 711 325 787 hircini.
376 707 442 783 Est
456 727 571 784 autem
590 706 698 782 hodie
711 713 750 781 in
768 728 867 784 tanto
892 737 978 798 usu,
1004 726 1171 806 tantaque
1222 707 1286 777 illa
1317 721 1479 779 mortuus
1504 725 1574 796 est,
1605 736 1757 805 cumque
1786 718 1988 788 adolescens
2017 722 2211 816 imperator

181 812 417 886 admiratione
440 817 536 904 apud
553 806 710 884 Thraces
732 828 765 884 et
782 812 954 900 Graecos,
987 812 1170 891 utTurci-
1221 805 1439 880 Commodus
1464 813 1574 902 magis
1602 813 1834 885 delectaretur
1863 820 2097 908 gladiatorum
2122 853 2210 900 con·

181 912 586 1011 eustyrannusLegatis
603 929 731 984 terram
746 914 931 986 Lemniam
954 918 1170 1006 interpecu-
1221 909 1407 981 suetudine
1432 936 1537 1005 quam
1568 909 1889 1005 Philosophorum,
1921 923 2028 995 rediit
2049 924 2209 1003 Galenus

180 1016 283 1088 liaria
299 1019 393 1085 dona
411 1016 496 1086 dare
508 1016 633 1099 soleat3
661 1015 815 1086 vidimus
830 1019 925 1087 enim
950 1020 1045 1086 anim
1066 1040 1169 1108 supe·
1220 1011 1259 1079 in
1278 1009 1400 1081 Asiam
1420 1027 1454 1084 et
1474 1015 1513 1083 in
1535 1016 1649 1107 patria
1671 1032 1819 1088 aetatem
1842 1027 2060 1114 consumpsit
2084 1029 2123 1099 in
2144 1034 2210 1103 do-

180 1120 276 1190 riore
306 1117 443 1209 aliquot
471 1111 684 1214 ocppoys'duc
716 1118 804 1188 tales
827 1122 974 1190 donatas
1000 1116 1168 1190 Cornelio
1220 1115 1351 1196 tendo,
1370 1114 1423 1185 ,iu
1444 1119 1635 1186 exercenda
1651 1133 1726 1188 arte
1745 1133 1779 1190 et
1802 1120 2068 1216 inscribendo,
2103 1153 2209 1225 seque

180 1218 345 1310 saporo,
1219 1213 1401 1301 diligentia
1424 1218 1630 1305 produxisse
1647 1221 1752 1289 vitam
1782 1223 1831 1291 ait
1853 1231 2023 1317 usquead
2044 1232 2208 1304 ultimam

282 1317 350 1390 Sed
373 1340 448 1388 non
470 1315 583 1386 multo
599 1329 677 1408 post
689 1316 843 1387 reditum
860 1316 897 1385 in
917 1321 1085 1407 patriam,
1111 1344 1168 1390 rc·
1219 1329 1406 1387 senectam.
1457 1313 1639 1386 Praeclare
1673 1321 1780 1409 igitur
1806 1347 1880 1393 nou
1914 1331 2029 1398 solum
2055 1334 2099 1400 de
2126 1357 2208 1405 snae

180 1433 323 1492 vocatus
346 1433 398 1489 est
420 1419 458 1487 in
473 1414 611 1486 ltaliam
630 1417 742 1487 literis
758 1417 1014 1507 imperatorum
1035 1419 1117 1490 Veri
1134 1437 1167 1492 et
1218 1415 1340 1484 18111118
1362 1409 1588 1498 immitibus,
1614 1423 1673 1489 sed
1694 1424 1737 1488 de
1755 1425 1853 1491 omni
1877 1431 2076 1516 posteritate
2100 1437 2208 1505 meri-

179 1521 296 1594 Marci
310 1517 505 1598 Antonini,
529 1534 609 1587 cum
625 1519 756 1612 quibus
775 1520 807 1588 ei
827 1541 954 1608 magna
972 1521 1039 1592 fuis
1061 1522 1167 1590 fami·
1190 1460 1195 1579 i
1218 1529 1275 1585 tus
1301 1530 1372 1598 est,
1403 1530 1439 1586 et
1465 1521 1671 1589 erudiendis
1697 1522 1777 1591 aliis
1803 1539 1838 1595 et
1864 1529 2071 1620 scribendo,
2097 1548 2208 1607 totam

179 1623 331 1706 liaritas,
362 1634 400 1692 ut
419 1644 461 1690 ex
484 1619 620 1711 aliquot
639 1620 750 1712 ipsius
772 1621 1037 1691 narrationibus
1059 1647 1168 1715 appa·
1217 1616 1313 1685 euim
1337 1618 1538 1708 complexus
1561 1633 1690 1700 artem,
1725 1623 1850 1713 ingens
1875 1629 1967 1699 vitae
1992 1637 2209 1722 praesidium

178 1738 244 1797 ret.
293 1719 343 1792 Et
371 1721 541 1792 iudicium
571 1719 796 1811 lmperatoris
821 1724 865 1788 de
897 1745 939 1790 eo
970 1717 1035 1793 hac
1062 1725 1100 1793 in
1129 1747 1166 1793 re
1217 1718 1367 1810 posteris
1398 1719 1556 1810 reliquit.
1606 1719 1684 1792 Etsi
1712 1725 1808 1793 enim
1843 1743 1961 1816 postea
1989 1730 2208 1808 Medicinam

177 1824 329 1893 maxime
341 1835 504 1915 apparet,
529 1823 623 1912 quod
646 1823 711 1890 filii
725 1820 914 1892 Commodi
930 1820 1089 1893 Caesaris
1104 1850 1165 1892 va-
1217 1840 1436 1905 magnacum
1452 1820 1556 1890 laude
1570 1840 1801 1895 exercuerunt
1822 1843 1855 1898 et
1877 1825 2012 1904 Arabes
2026 1849 2060 1905 et
2078 1835 2208 1910 Graeci

178 1925 372 1996 letudinem
402 1921 588 2014 praecipue
611 1921 749 1993 Galeno
773 1923 1050 2008 commendavit,
1082 1949 1166 2017 pro-
1216 1917 1403 1997 nonnulli,
1427 1932 1545 1990 tamen
1566 1923 1682 1994 sontes
1704 1950 1778 1995 esse
1800 1931 1894 2017 apud
1920 1930 2099 2004 Galenum
2121 1962 2208 2011 con·

175 2027 334 2095 ficimus
356 2025 394 2093 pn
421 2021 649 2092 (pamniam
676 2025 719 2091 ,d
743 2023 875 2091 benum
899 2021 1165 2094 Marcomanni.
1217 2030 1284 2088 stat
1312 2018 1498 2112 utriusque
1526 2025 1682 2112 generis,
1717 2028 1999 2117 disputationum
2031 2039 2117 2109 artis
2145 2064 2208 2113 seu

177 2150 269 2196 cum.
321 2122 400 2196 Hoc
424 2136 583 2213 tempore
608 2123 725 2216 inquit
755 2147 805 2192 se·
822 2124 1001 2215 scripsisse
1023 2126 1166 2195 divinos
1216 2118 1405 2208 dogmatici
1420 2123 1577 2211 generis,
1604 2141 1638 2195 ct
1659 2131 1909 2202 remediorum.
1961 2135 2013 2206 Ac
2032 2153 2072 2209 ut
2094 2144 2206 2214 multa

177 2228 261 2297 illos
287 2226 399 2295 libros
428 2224 645 2295 anatomicos
672 2223 736 2316 qui
764 2237 899 2304 extant,
932 2226 993 2317 qui
1020 2227 1163 2319 quidem
1216 2221 1395 2305 omittam,
1420 2238 1593 2314 quantum
1616 2226 1705 2298 illud
1723 2230 1933 2304 beneficium
1950 2253 2019 2325 est,
2046 2244 2141 2333 quod
2165 2268 2205 2314 ea

178 2350 253 2398 non
268 2327 383 2396 solum
401 2324 602 2395 Medicinae
617 2326 795 2409 studiosis,
818 2327 881 2394 sed
895 2326 1061 2396 omnibus
1077 2323 1165 2398 Phi-
1215 2322 1394 2406 doctrina,
1411 2347 1500 2415 quae
1511 2325 1830 2424 vocaturPhysica,
1850 2358 2023 2431 nusquam
2038 2356 2132 2413 extat
2145 2358 2206 2415 eut

176 2423 359 2519 losophiae
371 2426 572 2496 amantibus
590 2426 628 2494 in
643 2426 807 2495 manibus
823 2448 896 2495 csse
910 2428 1056 2514 debent3
1080 2452 1164 2520 pro-
1215 2422 1390 2492 eruditius
1413 2440 1474 2494 aut
1495 2427 1641 2497 uberius
1667 2433 1812 2517 tradita,
1838 2460 1944 2527 quam
1967 2441 2005 2508 in
2028 2443 2205 2539 plerisque

175 2533 265 2601 fedo
289 2528 385 2598 enim
408 2527 595 2618 praecipu,
620 2550 701 2618 pm
725 2540 776 2597 „p
802 2523 1070 2620 Philosophiae,
1098 2532 1164 2598 do.
1214 2519 1345 2593 Galeni
1362 2523 1475 2609 libris,
1500 2540 1533 2596 et
1551 2542 1669 2599 tamen
1685 2533 1826 2622 scripsit
1841 2539 1952 2607 multo
1968 2542 2089 2630 plura,
2116 2569 2220 2638 quaer

176 2631 288 2701 ctrina
305 2632 350 2699 de
364 2629 524 2722 partibus
540 2624 688 2698 humani
712 2628 869 2719 corporis
895 2643 928 2699 et
948 2653 1067 2700 carum
1084 2631 1163 2699 oist-
1213 2626 1341 2715 partim
1357 2638 1502 2717 propter
1517 2629 1716 2700 barbariem
1733 2658 1824 2726 quae
1847 2635 1885 2704 in
1904 2639 2025 2709 Asiam
2041 2657 2074 2712 et
2089 2641 2204 2715 Grae-

174 2732 248 2805 ciis.
299 2728 461 2823 Cumque
476 2729 522 2799 sit
539 2730 642 2821 plena
663 2730 865 2813 suavitatis,
886 2731 1046 2820 ingentes
1058 2732 1163 2802 ctiam
1213 2724 1303 2795 ciam
1326 2728 1498 2816 pervasit,
1527 2731 1656 2820 partim
1681 2750 1825 2826 propter
1846 2736 1932 2808 alias
1950 2766 2072 2813 causas
2092 2744 2204 2817 inter-

173 2833 345 2906 utilitates
367 2833 501 2910 adfert,
527 2853 739 2922 magnopere
763 2832 931 2900 conducit
953 2831 1162 2923 singulisad
1213 2826 1387 2897 ciderunt
1437 2826 1637 2901 Recitarem
1664 2836 1767 2904 etiam
1789 2840 1957 2932 quasdam
1978 2845 2089 2934 ipsius
2110 2846 2205 2917 disi-

173 2936 342 3007 mendam
366 2930 622 2999 valetudinem:
663 2951 778 2997 mores
806 2930 909 2998 etiam
940 2938 1047 3021 regit,
1080 2957 1160 3002 cum
1212 2928 1392 3017 nationes,
1424 2943 1459 3000 et
1482 2933 1682 3004 curationes
1703 2938 1944 3022 admirandas,
1980 2947 2010 3015 si
2035 2949 2204 3037 temporis

172 3048 295 3106 monet
310 3031 395 3124 quid
414 3029 585 3120 cuiusque
600 3029 709 3118 partis
726 3042 851 3099 natura
869 3033 1034 3121 postulet.
1086 3033 1162 3103 De·
1211 3030 1367 3099 brevitas
1389 3030 1426 3099 id
1450 3046 1638 3123 pateretur.
1697 3034 1817 3108 Laesis
1848 3045 1966 3114 nervis
1994 3049 2032 3116 in
2054 3073 2203 3141 corpore

158 3135 281 3227 -nique
301 3154 380 3201 cum
402 3124 495 3198 hane
518 3128 761 3199 admirandam
783 3142 956 3201 texturam
986 3126 1163 3203 humano.
1212 3125 1369 3199 humano
1402 3144 1437 3201 et
1466 3147 1583 3205 motus
1616 3137 1791 3209 amittitur
1825 3155 1859 3210 et
1885 3150 2044 3220 membra
2080 3165 2202 3223 conta-

172 3259 252 3304 Νη,
280 3232 521 3300 membrorum
544 3229 730 3322 proponit,
757 3233 858 3311 docet
880 3225 973 3303 banc
998 3247 1160 3304 naturam
1211 3233 1375 3300 bescunt:
1402 3234 1538 3323 primus
1558 3250 1674 3306 autem
1689 3237 1848 3310 Galenus
1870 3247 2043 3319 rationem
2064 3251 2217 3339 invenit,

172 3358 246 3405 „011
266 3354 348 3404 casu
368 3329 538 3415 extitisse,
561 3332 622 3401 sed
640 3331 685 3400 ab
705 3345 847 3401 aeterna
868 3336 1019 3426 quadam
1043 3349 1161 3406 mente
1210 3332 1347 3401 saucios
1359 3355 1489 3404 nervos
1504 3338 1663 3411 curandi.
1715 3338 1833 3427 Quam
1849 3367 1952 3435 sagax
1967 3351 2074 3423 luerit
2089 3355 2128 3424 in
2144 3354 2202 3425 in-

172 3436 353 3507 conditam
376 3455 469 3516 osse,
499 3455 589 3524 quae
610 3457 684 3502 nou
702 3433 832 3503 frustra
849 3433 962 3504 voluit
982 3458 1055 3505 esse
1071 3428 1162 3507 adeo
1210 3431 1396 3502 veniendis
1411 3437 1593 3522 remediis,
1617 3440 1813 3511 observatis
1837 3469 1955 3518 rerum
1971 3454 2201 3544 qualitatibus

173 3547 341 3627 occupata
373 3533 412 3602 in
445 3532 634 3603 formando
660 3527 829 3619 bomine,
866 3536 927 3605 sed
954 3536 1161 3626 significare,
1209 3534 1294 3604 inde
1318 3536 1494 3607 aestimari
1518 3552 1650 3627 potest,
1682 3564 1761 3610 cum
1785 3545 1822 3612 in
1839 3543 2053 3624 Alexandria
2079 3555 2117 3624 in
2136 3580 2201 3650 pa·

169 3630 572 3728 sibigenusbumanum
584 3656 787 3704 curaeesse.
838 3632 1160 3729 ltaquesapientis-
1210 3636 1312 3705 triam
1330 3636 1478 3724 rediret,
1504 3638 1650 3710 divertit
1673 3641 1710 3708 in
1734 3642 1860 3714 itinere
1883 3649 1920 3718 in
1941 3658 2120 3746 quoddam
2137 3682 2200 3730 ru-

171 3740 258 3813 ,qme
274 3735 433 3807 Galenus
451 3734 586 3828 inquit,
612 3735 810 3805 doctrinam
832 3737 1065 3807 anatomicam
1086 3738 1159 3808 ini·
1209 3735 1334 3806 sticum
1349 3738 1552 3826 praedium,
1576 3741 1639 3809 uhi
1653 3741 1743 3811 lortc
1758 3752 1958 3835 aegrotabat
1977 3757 2144 3828 dominus
2159 3783 2199 3830 ac

169 3842 260 3914 tium
287 3861 361 3908 esse
383 3832 618 3928 Tbeologiae,
651 3849 686 3905 et
707 3836 842 3906 aditum
870 3838 913 3906 ad
939 3838 1157 3927 agnitionem
1207 3858 1299 3927 pene
1331 3836 1570 3908 suffocabatur
1602 3842 1732 3911 uvarlae
1766 3859 1799 3914 et
1833 3848 2016 3934 glandium
2050 3871 2198 3930 tumore.

169 3938 256 4022 Dei,
282 3951 435 4031 suntque
455 3961 497 4007 eo
523 3936 633 4026 magis
656 3938 800 4006 amandi
822 3932 860 4006 bi
884 3939 966 4006 libri
991 3939 1158 4009 studiosis
1207 3933 1299 4006 Cum
1324 3947 1442 4004 aulem
1468 3939 1627 4008 (1111111111
1649 3942 1717 4008 111ῖ11
1742 3948 1913 4029 remedia,
1948 3956 2066 4026 eliam
2083 3972 2198 4030 malti-

170 4034 442 4132 Pbilosopbiae,
467 4038 551 4132 quia
574 4062 613 4109 ea
637 4061 726 4131 quae
746 4039 992 4108 desiderantur
1015 4040 1053 4108 iu
1073 4037 1158 4110 Ari-
1207 4047 1384 4104 rescerent
1400 4057 1526 4120 nuces,
1548 4040 1766 4110 considerata
1789 4049 1959 4121 corticum
1983 4073 2110 4130 natura
2123 4063 2197 4132 acri

172 4142 329 4213 stotelica
369 4139 565 4228 anatomia,
604 4139 732 4210 adiecit
767 4135 944 4223 Galenus,
985 4142 1157 4232 quaedam
1207 4149 1242 4206 et
1255 4134 1489 4223 astringente,
1511 4161 1552 4207 cx
1569 4139 1640 4209 illis
1655 4143 1844 4216 corticibus
1860 4158 2025 4243 expressit
2042 4183 2197 4249 succum,

172 4243 276 4314 etiam
295 4243 431 4314 erudite
452 4242 622 4324 correxit,
648 4240 769 4311 multis
790 4241 894 4310 ctiam
916 4238 1157 4315 locisAristo·
1206 4238 1265 4308 etii
1300 4237 1371 4307 mel
1396 4238 1552 4324 addidit,
1590 4236 1662 4313 ¹¹⁰0
1689 4248 1846 4319 1111111110
1878 4255 1996 4327 iubilo
2031 4261 2196 4336 liberavit

171 4345 252 4415 telis
265 4345 383 4413 lumen
398 4345 547 4416 addidit.
598 4340 689 4412 Cum
704 4355 821 4411 atatem
837 4343 875 4410 in
891 4343 986 4412 bouo
1002 4340 1157 4413 Doctore
1206 4353 1406 4430 aegrotum,
1432 4364 1505 4432 quo
1527 4343 1672 4435 quidem
1697 4360 1814 4438 postea
1832 4375 1869 4421 se
1883 4376 2020 4450 semper
2042 4363 2196 4435 foelici's-

172 4469 246 4530 non
262 4446 380 4516 minus
399 4445 485 4514 bdes
498 4468 605 4536 quam
623 4444 776 4513 eruditio
788 4456 893 4538 atque
909 4445 1081 4515 industria
1100 4468 1157 4513 re-
1206 4442 1410 4511 simeusum
1426 4465 1499 4511 esse
1515 4458 1650 4526 narrat,
1672 4447 1721 4518 ita
1737 4450 1774 4518 ia
1791 4474 1829 4521 re
1855 4456 1917 4525 vili
1944 4483 2107 4552 magnam
2123 4465 2196 4537 uti-

171 4548 349 4642 quifamr,
374 4568 585 4635 magnopere
606 4547 779 4615 amandus
800 4558 850 4615 est
873 4542 1051 4625 Galenus,
1082 4548 1156 4638 qui,
1206 4543 1339 4613 litatem
1356 4543 1498 4634 reperit.
1551 4545 1803 4638 inpraesentia
1821 4578 1893 4624 non
1910 4562 2074 4634 adiiciam
2091 4566 2194 4658 plura

171 4664 213 4721 ut
226 4673 281 4719 res
295 4648 469 4731 ostendit,
494 4669 569 4715 nou
580 4646 695 4716 solum
708 4647 885 4716 industria
900 4661 934 4716 et
950 4646 1165 4741 dexteritate,
1206 4643 1375 4733 exempla.

171 4750 352 4832 excelluit,
377 4750 436 4818 sed
453 4746 558 4818 etiam
574 4745 653 4819 fide.
693 4747 785 4836 Quis
801 4760 852 4818 est
868 4748 962 4816 enim
978 4773 1019 4819 eo
1037 4749 1076 4817 in
1091 4750 1157 4847 do·
1307 4743 1421 4813 Porro
1437 4766 1518 4812 cum
1533 4748 1578 4815 dc
1596 4749 1667 4818 vita
1690 4745 1876 4826 bominum
1900 4762 2032 4852 optimc
2048 4765 2196 4840 meritus

171 4855 283 4924 condo
301 4849 505 4940 diligentior
526 4871 567 4919 ac
587 4847 752 4918 uberior?
784 4850 896 4920 Aede
918 4850 987 4920 fide
1004 4872 1066 4919 sua
1083 4850 1157 4941 ipse
1206 4847 1252 4917 sit
1266 4841 1326 4915 hic
1337 4844 1506 4936 scriptor,
1532 4869 1749 4921 cumrerum
1769 4868 1932 4928 naturam
1956 4867 2195 4958 copiosissime

171 4955 292 5048 inquit
305 4948 761 5024 intertiodelocisaffectis.
792 4947 906 5021 Deum
918 4951 1156 5040 igiturtestem
1206 4946 1448 5039 descripserit,
1467 4952 1909 5046 1111111111111111111111111111
1929 4987 1995 5036 ¹¹⁰⁸
2017 4969 2196 5041 1111111111·

170 5056 276 5139 ἠρία,
302 5079 357 5124 mo
371 5056 547 5125 dicturum
565 5073 655 5131 esse,
677 5053 773 5144 quod
786 5066 864 5142 post
881 5053 1021 5142 longam
1037 5051 1158 5146 inqui-
1206 5050 1271 5132 rit,
1295 5070 1377 5119 eum
1393 5061 1550 5121 veterum
1565 5053 1785 5125 medicorum
1805 5059 1949 5135 inventa
1965 5069 2144 5160 collegerit
2160 5086 2195 5142 et

169 5159 336 5228 ,monem
354 5157 390 5224 5„
406 5157 480 5246 ip„
498 5152 583 5222 arsi,
608 5150 774 5222 exercitio
800 5166 833 5222 et
850 5155 888 5221 iu
906 5153 1158 5246 disputationi·
1207 5173 1299 5220 nova
1316 5150 1502 5236 adiecerit,
1528 5152 1638 5225 sciant
1657 5159 1807 5228 studiosi
1824 5165 2025 5240 universam
2044 5173 2194 5263 posteri-

170 5261 238 5330 bus
258 5283 337 5329 cum
362 5253 572 5328 «laetissimis
593 5253 679 5323 vicis
697 5253 853 5345 comperi
880 5257 1158 5327 essedariorum
1207 5266 1313 5325 tatem
1329 5251 1524 5343 plurimum
1537 5255 1571 5323 ei
1587 5257 1726 5335 debere·
1776 5256 1941 5361 Eumque
1955 5271 2004 5342 sic
2020 5285 2136 5342 amens
2152 5287 2194 5345 ut

171 5384 245 5431 csse
267 5374 393 5433 statuo.
444 5356 535 5446 Quis
556 5356 663 5426 talem
687 5354 846 5425 animum
867 5368 937 5425 tam
953 5355 1158 5430 etveritatis
1208 5376 1417 5446 cognoscere
1435 5353 1540 5425 etiam
1555 5359 1714 5450 cupiant,
1740 5362 1790 5433 sie
1806 5369 1900 5437 enim
1924 5372 2037 5440 sentio
2056 5360 2193 5469 eosqui

1498 5452 1583 5532 ³2·
