4732 6030
94 290 149 367 98
303 339 304 343 =
676 282 837 365 unct.
870 283 946 362 DE
979 285 1311 364 FRIDERICO
1341 284 1550 363 ELECT.
2078 286 2131 373 94
2156 294 2181 319 '⁴

98 486 179 534 cum
200 460 394 532 multorum
418 457 550 530 iniuria
566 458 653 531 lines
671 458 773 551 regni
787 461 946 552 proferre
961 461 1090 554 ampli·
1141 460 1251 531 everti
1271 460 1375 530 etiam
1398 473 1505 554 queat
1518 461 1727 549 argutando.
1778 456 1995 552 Dicebatque
2010 472 2132 550 optare

98 565 280 656 ficareque.
339 557 385 633 Et
413 576 454 633 ut
478 558 607 631 Graeci
635 562 828 653 proverbio
858 576 1090 649 monuerunt,
1140 587 1177 633 se
1192 575 1233 633 ut
1244 564 1289 632 de
1302 561 1410 633 sacris
1424 586 1465 631 ex
1481 560 1634 633 soloDei
1650 563 1758 632 verbo
1771 561 2001 636 iudicaretur.
2034 557 2132 632 Haec

98 662 259 757 Spartam
278 676 381 734 nacto
398 665 597 733 ornandam
611 688 687 732 eam
700 688 784 735 esse.
820 663 871 734 lta
882 660 1089 736 hicsumma
1142 683 1216 737 tum
1238 665 1392 755 agitabat
1412 664 1553 733 animus
1575 664 1671 749 eius,
1697 688 1776 734 curn
1799 663 1923 755 religio
1947 675 2021 734 tota
2042 675 2132 733 esset

95 766 134 836 vi
150 765 259 836 animi
276 765 438 835 incubuit
456 765 496 833 in
509 761 598 850 hoc,
625 779 666 837 ut
681 781 848 860 tanquam
863 767 1008 838 domum
1025 792 1089 860 pa·
1140 769 1267 838 obruta
1287 762 1547 837 Monachorum
1568 765 1728 836 somniis.
1780 764 1906 837 Postea
1922 788 2006 836 vero
2024 787 2132 857 quam

96 867 304 940 tertamilias
329 868 495 938 redderet
520 866 692 936 ditionem
714 869 881 939 omnibus
901 870 1006 939 bonis
1031 893 1088 939 re-
1139 870 1347 961 perpurgari
1375 871 1509 961 coepit,
1540 883 1574 939 et
1596 881 1768 961 tanquam
1791 867 2001 937 reviviscere
2022 860 2132 936 Chri·

96 971 164 1042 bus
184 969 440 1041 florentiorem.
498 966 640 1038 Possem
662 965 720 1039 hic
744 970 850 1041 etiam
873 995 1088 1040 commemo·
1140 973 1253 1042 stiana
1268 973 1448 1056 doctrina,
1474 972 1645 1063 adplicuit
1662 970 1821 1040 animum
1836 970 1880 1037 ad
1899 992 1974 1038 eam
1990 966 2132 1059 penitus

95 1095 196 1152 rare,
223 1095 331 1165 quam
352 1069 546 1161 periculosa
570 1070 716 1139 dissidia
732 1085 930 1143 exterorum
948 1071 1088 1142 Princi-
1140 1074 1439 1164 cognoscendam,
1465 1096 1511 1141 ne
1533 1072 1618 1166 quid
1637 1087 1767 1142 temere
1781 1085 1844 1169 aut
1860 1073 2045 1161 probaret,
2069 1080 2131 1138 aut

95 1197 200 1266 pum,
226 1196 334 1265 quam
357 1171 467 1241 multa
487 1171 583 1241 bello
601 1173 789 1244 autoritate
809 1197 873 1244 sua
888 1174 1086 1245 diremerit:
1139 1176 1333 1245 damnaret.
1384 1170 1455 1244 Ubi
1473 1173 1649 1265 perspexit
1663 1173 1734 1240 vim
1751 1173 1952 1263 religionis,
1978 1184 2052 1242 toto
2067 1193 2129 1262 pe·
2195 1235 2198 1241 .

98 1277 161 1345 sed
191 1296 308 1366 neque
335 1286 471 1365 tempus
496 1273 694 1364 longiorem
719 1276 936 1366 orationem,
971 1300 1087 1370 neque
1139 1291 1236 1347 ctore
1251 1275 1497 1369 amplexusest
1513 1299 1570 1359 ea,
1598 1297 1687 1367 quae
1700 1276 1743 1342 ad
1759 1297 1858 1343 suam
1872 1287 2024 1344 mentem
2042 1294 2130 1340 con·

96 1375 192 1446 vires
219 1396 317 1443 meae
341 1375 478 1456 ferunt,
511 1390 545 1445 et
568 1376 752 1469 plerasque
774 1401 830 1447 res
850 1391 961 1469 gestas
985 1390 1087 1449 notas
1138 1380 1361 1448 formandam
1385 1377 1557 1457 facerent,
1585 1388 1619 1445 et
1640 1377 1804 1467 pietatem
1823 1376 1975 1460 alerent,
2000 1371 2128 1443 ociosis

98 1500 173 1549 esse
185 1476 287 1546 vobis
300 1476 470 1562 arbitror,
497 1500 584 1570 quas
600 1478 630 1546 si
644 1479 763 1548 animo
778 1480 1006 1572 reputabitis,
1029 1480 1087 1549 in·
1139 1479 1452 1573 disputationibus,
1478 1502 1568 1573 quae
1581 1479 1623 1546 ad
1639 1476 1918 1546 aedificationem
1932 1469 2027 1543 nihil
2041 1496 2129 1543 con-

97 1579 262 1668 telligetis
275 1600 411 1648 summa
429 1580 636 1669 prudentia,
658 1603 866 1675 summoque
882 1582 1031 1653 consilio
1047 1585 1085 1650 in
1139 1585 1295 1667 ducunt,
1315 1574 1462 1672 longum
1485 1581 1602 1650 valere
1619 1578 1728 1663 dixit,
1753 1592 1787 1649 et
1806 1578 1844 1645 in
1861 1577 1990 1648 ritibus
2006 1574 2128 1668 publi·
2204 1632 2211 1643 .

29 1735 37 1745 .
95 1676 186 1771 Rep.
213 1692 388 1749 versatum
411 1703 504 1765 esse,
531 1695 566 1752 et
580 1706 662 1751 vere
678 1683 865 1753 salutarem
882 1682 1084 1776 Principem
1138 1685 1206 1770 cis,
1240 1683 1324 1777 quia
1353 1684 1497 1753 videbat
1526 1675 1732 1773 prophanus
1761 1680 1931 1772 quosdam
1963 1673 2128 1746 homines

96 1793 131 1850 et
145 1781 279 1873 patriae
293 1794 327 1850 et
343 1782 469 1851 exteris
482 1782 602 1853 fuisse.
653 1779 730 1873 Ego
744 1787 899 1875 profecto
914 1807 1086 1856 summam
1139 1786 1347 1874 contemptis
1369 1785 1520 1875 publicis
1543 1782 1721 1866 moribus,
1748 1793 1931 1872 praetextu
1952 1776 2128 1848 libertatis

96 1877 189 1952 hanc
212 1881 503 1975 verissimamque
519 1884 662 1953 landem
679 1885 754 1955 eius
768 1909 842 1954 esse
856 1887 966 1968 duco,
990 1889 1084 1978 quod
1137 1883 1372 1973 Evangelicae
1390 1886 1645 1976 propemodum
1663 1885 1700 1951 in
1716 1884 1852 1952 belluas
1867 1879 2017 1965 mutari,
2042 1875 2128 1948 dili·

95 1984 145 2054 ita
159 2007 282 2075 pacem
297 1994 433 2054 tutatus
448 1995 519 2067 est,
541 1996 714 2053 attamen
730 2010 749 2054 a
765 1986 861 2054 bello
877 2000 1087 2076 provocatus
1137 1987 1338 2076 gentissime
1354 1987 1464 2067 cavit,
1490 2009 1535 2055 ne
1553 1986 1638 2078 quid
1656 1997 1808 2054 mutaret
1825 1998 1974 2067 temere,
1999 2003 2044 2050 nc
2062 2002 2126 2049 suo

96 2084 223 2163 etiam,
263 2081 492 2153 abstinuerit:
533 2108 602 2176 qua
639 2087 745 2155 laude
774 2079 867 2155 nihil
898 2087 1085 2177 excogitari
1138 2089 1296 2180 exemplo
1311 2088 1466 2178 imperiti
1479 2100 1673 2180 peccarent.
1712 2081 1760 2155 Et
1772 2085 1954 2169 sentiebat,
1975 2082 2014 2151 id
2030 2082 2127 2175 quod

94 2183 263 2274 Principe
278 2182 452 2253 illustrius
467 2197 590 2276 potest.
641 2185 773 2256 Divina
790 2187 885 2256 enim
901 2190 1085 2279 praeconia
1137 2178 1193 2260 res
1220 2204 1287 2275 est,
1320 2191 1497 2281 publicam
1525 2213 1665 2258 morum
1692 2188 1922 2257 mutationem
1946 2182 2126 2276 periculo·

33 2289 39 2298 ’
96 2286 201 2357 etiam
226 2296 398 2366 meretur,
424 2308 507 2355 nam
526 2309 605 2356 cum
621 2291 776 2357 mundus
792 2289 932 2381 imperii
949 2314 1085 2380 posses-
1136 2315 1210 2361 sam
1244 2315 1355 2378 esse.x
1387 2289 1548 2385 Cumque
1576 2293 1621 2360 de
1643 2289 1815 2379 religione
1836 2283 1905 2357 hoc
1927 2287 2054 2369 modo,
2086 2296 2129 2354 ut

97 2387 234 2458 sionem
264 2386 300 2454 vi
328 2397 432 2479 atque
456 2387 564 2456 armis
586 2389 730 2458 defendi
753 2391 881 2461 debere
901 2393 1085 2478 existimet,
1144 2394 1237 2479 diri,
1266 2394 1429 2478 sentiret,
1461 2407 1496 2463 et
1534 2392 1739 2481 regionibus
1776 2391 1849 2459 suis
1884 2412 1973 2479 pure
2006 2384 2128 2458 doceri

96 2483 264 2561 Christus
281 2500 422 2568 contra,
448 2490 661 2581 pronunciat
683 2492 804 2562 beatos
821 2515 894 2562 esse
908 2492 1029 2580 mites,
1052 2507 1086 2564 et
1138 2518 1234 2563 sacra
1264 2508 1457 2586 pateretur,
1492 2507 1621 2586 quanta
1645 2490 1759 2560 Deum
1782 2492 2018 2558 immortalem
2043 2508 2129 2554 con-

97 2612 117 2660 a
135 2590 279 2660 saevitia
298 2587 451 2670 alienos,
477 2592 596 2685 eisque
611 2593 865 2682 possessionem
881 2608 993 2664 terrae
1007 2596 1086 2687 pol·
1137 2596 1284 2676 stantia,
1310 2611 1442 2689 quanto
1464 2596 1593 2665 robore
1616 2592 1727 2663 animi
1749 2591 1917 2661 sustinuit
1940 2586 2127 2669 invidiam,

95 2691 234 2765 licetur.
285 2687 335 2760 Et
354 2691 461 2782 paulo
484 2707 582 2785 post,
607 2695 769 2785 pacificos
787 2697 891 2768 etiam
909 2695 1000 2767 tilios
1019 2697 1085 2768 Dei
1138 2722 1206 2791 qua
1224 2698 1262 2765 in
1277 2695 1466 2767 Pontificio
1482 2719 1591 2786 regno
1607 2695 1785 2783 flagravit,
1811 2691 1896 2761 vicit
1911 2689 2126 2762 Pontificum

95 2794 260 2884 adpellat.
310 2786 426 2862 Erant
447 2808 565 2864 tamen
590 2795 628 2862 in
655 2820 696 2865 eo
719 2796 876 2887 privatae
893 2798 1086 2868 etiamvir-
1138 2799 1307 2888 fulmina,
1342 2810 1376 2868 et
1396 2801 1512 2866 minas
1534 2820 1752 2866 summorum
1776 2794 1934 2885 Regum,
1966 2803 2162 2862 contem··

94 2908 188 2968 tutes
210 2916 376 2986 magnae,
405 2894 635 2983 praecipuum
662 2896 843 2982 religionis
864 2892 1086 2968 Christianae
1137 2901 1208 2993 psit
1223 2901 1377 2972 convitia
1391 2900 1500 2989 vulgi,
1525 2898 1799 2967 sacrificulorum
1814 2917 1909 2964 sacra
1925 2895 1964 2960 in
1979 2903 2127 2985 quaestu

95 2997 272 3067 studium:
303 3016 386 3061 nam
417 3014 513 3059 sacra
539 3014 603 3082 per
630 3016 772 3062 omnem
785 2994 903 3064 vitam
925 2998 1086 3087 religiose
1136 2996 1355 3074 habentium.
1408 2999 1488 3088 Qua
1502 2999 1540 3066 in
1555 3022 1593 3067 re
1605 2999 1687 3068 satis
1700 2996 1891 3066 declaravit
1904 3017 1940 3063 se
1954 3018 1995 3063 ex
2008 2990 2127 3061 animo

94 3095 277 3177 tractavit,
308 3103 453 3161 etcum
482 3113 607 3181 magna
635 3094 785 3165 varietas
807 3097 1019 3187 opinionum
1042 3103 1086 3169 de
1138 3126 1288 3194 vereque
1320 3103 1437 3169 favere
1464 3097 1626 3183 Christo,
1672 3123 1751 3168 cum
1783 3097 1881 3166 illius
1910 3109 2030 3166 notam
2059 3090 2128 3161 sibi

94 3187 341 3284 religione-his
355 3193 573 3282 temporibus
586 3194 703 3278 fuerit,
730 3209 848 3268 tamen
861 3200 995 3288 optima
1010 3225 1085 3270 cer·
1138 3203 1236 3271 inuri
1259 3216 1452 3293 pateretur,
1484 3226 1565 3271 cum
1589 3202 1626 3269 in
1647 3224 1794 3292 corpore
1815 3222 1879 3268 sno
1900 3198 1999 3266 illius
2020 3209 2126 3265 stem-

96 3297 302 3388 tissimaque
319 3314 458 3384 semper
474 3293 614 3384 delegit.
663 3293 712 3367 Et
729 3322 809 3368 cum
825 3297 973 3371 antehac
988 3300 1085 3372 Pon*-
1138 3317 1229 3373 mata
1245 3317 1414 3394 gestaret,
1440 3298 1508 3371 hoc
1527 3315 1589 3387 est,
1613 3326 1693 3371 cum
1711 3303 1754 3370 ad
1764 3297 1896 3370 Christi
1907 3297 2127 3389 exemplum,

96 3398 232 3468 tibrum
262 3394 551 3480 constitutiones,
584 3412 619 3468 et
649 3399 793 3491 qnidam
824 3394 971 3470 hnmani
997 3403 1085 3474 ritus
1138 3406 1212 3494 ipse
1235 3406 1339 3474 etiam
1363 3406 1586 3477 laceraretur.
1640 3402 1735 3490 Quid
1759 3403 1852 3471 enim
1870 3402 1938 3471 nisi
1956 3411 2126 3490 perpetua

94 3524 161 3595 pro
179 3496 349 3587 religione
365 3497 434 3566 soli
451 3499 664 3569 docerentur
676 3501 714 3569 in
729 3503 887 3594 templis,
912 3505 1085 3595 praestitit
1137 3507 1338 3576 carnificina
1363 3506 1473 3575 animi
1495 3508 1563 3576 fuit
1581 3503 1642 3572 ille
1658 3499 1811 3573 hostium
1827 3501 2004 3594 impetus?
2052 3495 2126 3568 Cu·

94 3625 136 3671 ea
158 3597 309 3694 quaein
332 3597 493 3668 moribus
509 3616 609 3672 erant
625 3601 830 3691 diligenter,
857 3603 892 3672 id
909 3607 1004 3698 quod
1020 3629 1082 3696 ego
1135 3610 1192 3678 ius
1214 3605 1304 3676 mihi
1319 3605 1496 3676 Eremitae
1518 3605 1651 3676 ieiunia
1668 3621 1703 3676 et
1719 3605 1878 3695 vigilias,
1904 3626 1985 3673 cum
2000 3595 2057 3669 his
2073 3599 2125 3667 af-

93 3701 273 3794 specimen
293 3699 409 3768 bonae
431 3701 558 3770 mentis
575 3702 806 3794 interpretor:
831 3718 866 3776 et
883 3707 1082 3799 quiaputa·
1136 3709 1354 3779 flictionibus
1376 3710 1482 3777 audet
1502 3709 1687 3800 quisquam
1709 3706 1891 3777 conferre?
1941 3702 2024 3773 Non
2042 3723 2127 3791 pro-

93 3805 155 3876 bat
173 3801 256 3871 illos
273 3800 362 3871 ritus
379 3802 576 3871 conducere
592 3807 635 3873 ad
653 3806 932 3878 assuefaciendus
946 3810 1084 3878 animos
1136 3812 1225 3880 fecto
1248 3812 1389 3898 gravius
1408 3822 1631 3900 oppugnatus
1646 3822 1698 3876 est
1711 3801 1898 3887 Ezechias,
1922 3822 2126 3895 quanquam

93 3904 211 3994 vulgi,
235 3902 510 3994 invitandosque
524 3906 566 3972 ad
582 3908 737 3976 studium
753 3913 1015 3996 cognoscendae
1029 3934 1084 3979 re·
1138 3912 1276 3980 moenia
1306 3910 1533 3998 Solymornm
1563 3906 1726 3972 cinxisset
1752 3900 1876 3974 hostis.
1937 3899 2039 3970 Vidit
2066 3895 2126 3968 hic

96 4005 259 4095 ligionis,
305 4005 435 4095 templa
467 4006 648 4090 condidit,
688 4011 902 4077 ceremonias
933 4011 1085 4094 invexit,
1137 4033 1279 4103 quoque
1302 4030 1375 4075 non
1397 4006 1504 4073 semel
1525 4004 1680 4094 expediri
1704 4005 1871 4073 adversus
1893 4025 2064 4086 searma,
2091 4014 2126 4071 et

98 4106 278 4177 accersivit
293 4106 531 4198 undecunque
548 4107 609 4201 qui
627 4129 723 4176 sacra
739 4110 917 4180 docerent.
969 4106 1018 4180 Et
1031 4123 1085 4178 ta·
1136 4109 1394 4202 propemodum
1413 4106 1534 4196 iugulo
1552 4104 1708 4194 gladium
1724 4104 1903 4175 intentari.
1954 4102 2024 4174 Sed
2041 4102 2125 4197 quia

98 4230 183 4278 men
200 4207 332 4298 accipio
355 4220 432 4277 tum
448 4233 559 4300 quum
573 4209 693 4278 animo
708 4211 901 4303 requireret
915 4211 1084 4281 sincerio·
1137 4210 1320 4301 religionis
1350 4231 1487 4278 causam
1518 4207 1649 4277 sciebat
1670 4203 1835 4278 humanis
1858 4205 1995 4275 viribus
2019 4205 2126 4274 susti-

98 4332 174 4379 rem
204 4309 447 4379 tractationem
478 4304 703 4382 Christianae
732 4312 934 4394 doctrinae,
983 4337 1085 4404 saepe
1136 4314 1215 4383 neri
1235 4326 1296 4381 aut
1316 4311 1458 4380 defendi
1473 4334 1545 4379 non
1562 4331 1681 4400 posse,
1709 4304 1802 4377 nihil
1817 4308 1890 4399 ipse
1907 4319 2031 4378 contra
2047 4329 2126 4375 mo·

97 4433 181 4483 cum
204 4411 316 4480 doctis
338 4410 425 4480 viris
448 4402 713 4484 confabulatum
734 4437 808 4482 esse
830 4415 874 4483 de
889 4416 923 4483 vi
940 4429 1084 4485 natura·
1137 4417 1239 4498 litus,
1262 4413 1410 4484 salutem
1434 4436 1532 4482 suam
1554 4424 1588 4481 et
1604 4434 1747 4480 suarum
1762 4410 1921 4500 gentium
1937 4405 2013 4478 Deo
2029 4431 2126 4477 com-

95 4536 168 4607 que
189 4511 377 4601 religionis.
436 4506 472 4583 0
496 4513 601 4584 altam
622 4538 899 4608 generosamque
920 4531 1085 4597 mentem,
1137 4517 1320 4599 mittebat,
1345 4528 1381 4585 ct
1403 4515 1702 4608 quemadmodum
1723 4512 1779 4581 vir
1800 4510 2013 4582 fortissimus
2031 4510 2126 4602 apud

93 4636 214 4707 neque
242 4613 334 4700 enirn
363 4614 520 4706 plebeios
548 4617 685 4688 animos
713 4617 857 4690 incessit
886 4614 972 4689 haec
1001 4643 1083 4689 cura
1137 4615 1282 4690 Poetam
1297 4616 1362 4686 ait:

94 4714 400 4807 contemplandae,
420 4718 977 4814 pervestigandaequereligionis.
1003 4719 1085 4790 Ma·
1189 4725 1349 4810 Quidquid
1364 4729 1420 4786 erit
1433 4723 1599 4807 superanda
1615 4725 1713 4784 omnis
1727 4722 1849 4783 fortuna
1861 4720 1985 4781 ferendo
1997 4733 2055 4783 est.

94 4840 202 4910 gnam
218 4821 395 4911 quandam
412 4820 548 4911 ingenii
565 4821 657 4906 vim,
683 4836 717 4893 et
732 4817 909 4893 heroicam
927 4823 1084 4893 indolem
1138 4822 1189 4894 lta
1227 4821 1414 4915 patientia,
1462 4819 1774 4909 moderationeque
1810 4816 1921 4886 animi
1961 4814 2127 4884 inimico-

94 4919 342 4992 animedverto
370 4921 409 4989 in
433 4945 474 4992 eo
495 4923 625 5009 fuisse,
657 4948 736 4994 cum
761 4939 943 5019 tantopere
962 4924 1086 4996 arsisse
1138 4949 1217 4994 rum
1247 4923 1446 5006 saevitiam,
1481 4934 1651 5014 quantum
1680 4918 1757 4988 fieri
1780 4917 1913 5010 potuit,
1941 4915 2128 5005 mitigavit.

96 5021 215 5093 studio
238 5022 552 5114 perdiscendorum
574 5049 753 5096 sacrorum
771 5027 886 5100 video.
939 5025 1004 5099 Est
1021 5051 1085 5096 au·
1138 5025 1219 5095 Non
1238 5039 1338 5096 vacat
1359 5019 1452 5093 hanc
1471 5024 1610 5093 laudem
1632 5035 1781 5091 tractare
1797 5019 1970 5112 pluribus.
2021 5015 2130 5087 Prae-

95 5135 168 5194 tem
194 5122 354 5216 profecto
378 5119 464 5194 haec
483 5152 565 5198 cura
590 5128 755 5220 inprimis
778 5129 884 5219 digna
906 5128 1085 5220 Principe.
1137 5142 1232 5198 tereo
1259 5129 1327 5196 iam
1361 5127 1457 5219 quod
1487 5119 1607 5194 schola
1637 5123 1826 5194 constituta
1853 5120 1982 5206 sensit,
2016 5141 2130 5212 quan-

95 5222 209 5318 Saepe
225 5226 437 5296 detestatum
452 5228 590 5314 ferunt,
616 5231 726 5324 siquis
742 5226 917 5301 humanas
931 5232 1093 5302 rationes
1137 5243 1213 5301 tum
1232 5231 1367 5299 adferat
1381 5226 1538 5317 Rebusp.
1551 5225 1697 5296 scientia
1712 5225 1915 5306 literarum,
1943 5245 2029 5317 quas
2046 5219 2127 5285 vul-

95 5325 136 5396 in
169 5351 273 5398 cansa
309 5328 493 5419 religionis
528 5333 700 5417 adferret,
740 5348 926 5424 propterea
957 5333 1087 5426 inquit,
1137 5356 1200 5423 gus
1216 5331 1424 5424 Principum
1444 5329 1522 5401 odit
1539 5353 1624 5401 cane
1645 5328 1746 5421 peius
1762 5341 1796 5398 et
1810 5350 1935 5417 angue.
1988 5317 2128 5392 Omitto

95 5432 193 5525 quod
221 5425 317 5501 nihil
346 5444 419 5503 tam
442 5446 543 5506 acute
566 5432 685 5526 colligi
709 5449 843 5528 posset,
881 5436 970 5531 quin
991 5435 1086 5506 idem
1136 5458 1206 5530 qua
1233 5432 1418 5526 diligentia
1442 5433 1583 5528 fideque
1602 5431 1733 5503 amicos
1755 5426 1975 5508 adiunxerit,
2007 5417 2127 5490 colue-
