4732 6030
128 274 232 375 aas
316 294 321 301 ’
815 299 979 376 unct.
1019 298 1096 377 na
1134 300 1410 383 flunmen
1445 307 1524 382 111.
2119 323 2194 398 aas

161 475 409 546 instructiores
431 473 610 546 accedatis.
669 470 775 561 Quod
799 475 831 545 si
856 475 1048 547 dimidium
1069 474 1154 545 lacti
1204 451 1292 565 sari,
1328 480 1358 548 si
1383 481 1592 550 memoriam
1624 503 1747 551 eorum
1774 482 1838 573 qui
1861 484 1905 553 de
1927 486 2033 558 nohis
2064 493 2200 582 optime

86 602 89 608 ⁴
164 578 226 669 qui
241 579 332 647 bene
348 576 462 665 edepit
483 571 605 659 hahet,
631 577 787 666 profecto
803 591 837 645 et
858 601 921 646 vos
938 579 977 646 in
993 578 1154 668 superio·
1206 582 1324 651 meriti
1353 597 1454 667 sunt,
1494 605 1702 653 conservare
1731 607 1805 653 non
1833 579 2016 661 conemur.
2078 591 2201 682 Quare

164 680 265 749 ribus
288 676 485 766 disciplinis
507 677 586 766 plus
610 680 886 771 promovebitis,
919 681 949 749 si
966 693 1058 748 reete
1075 703 1154 749 coe·
1206 684 1344 752 tametsi
1355 685 1548 754 sentiebam
1566 708 1622 753 me
1638 708 1712 754 non
1727 708 1828 776 posse
1843 710 1908 778 pro
1922 691 2095 780 dignitate
2107 691 2201 770 hanc

165 781 307 871 peritis,
339 774 406 846 hoc
430 790 499 862 est,
531 780 703 848 sicarum
726 781 926 864 literarum,
960 783 1155 875 dequibus
1207 809 1345 854 causam
1363 810 1469 878 quam
1485 787 1621 877 suscepi
1642 810 1835 876 exponere,
1860 803 1978 861 tamen
2003 796 2202 871 arbitrabar

165 882 266 963 dico,
299 879 482 949 scientiam
512 882 557 948 ad
582 904 640 948 eas
663 883 863 952 attuleritis.
920 883 1018 953 Haec
1041 907 1156 975 quan·
1207 910 1270 955 vos
1289 882 1497 956 facilemihi
1523 888 1664 956 veniam
1685 890 1829 959 daturos
1853 915 1945 973 esse,
1972 896 2055 987 quia
2073 900 2202 989 pietate

166 1006 271 1076 quam
286 981 409 1051 sedulo
425 994 665 1072 praeceptores
678 984 787 1054 vestri
801 1000 965 1069 monent,
989 1000 1106 1056 tamen
1123 997 1158 1054 et

166 1107 248 1173 ego,
281 1083 364 1177 quia
393 1082 440 1153 ita
466 1084 600 1156 serebat
624 1098 777 1178 tempus,
809 1087 966 1157 iudicavi
993 1087 1093 1156 vobis
1118 1086 1156 1153 in

165 1186 370 1255 memoriam
387 1206 460 1254 esse
474 1185 678 1276 redigenda.
729 1185 825 1262 Dixi.

986 1619 1035 1662 an.
1061 1594 1157 1660 1528.

974 1684 1147 1712 m

451 1782 528 1867 De
556 1783 756 1868 Hearico
778 1784 871 1872 111.
919 1788 937 1823 ⁵

238 1942 319 2009 Apud
340 1939 414 1993 Crat.
431 1938 501 2008 Myt.
539 1937 636 2009 .878.,
661 1939 688 1991 in
708 1939 858 2020 peclamat.
878 1941 912 1996 T.
929 1942 965 1995 ll.
985 1963 1011 2014 p.
1026 1945 1103 2012 558„
1129 1945 1158 1999 iu

270 2009 389 2066 Servest·
402 2006 438 2060 ll.
458 2028 484 2078 p.
497 1956 573 2069 sie..
597 2007 667 2078 apud
683 2006 810 2064 thhard.
825 2009 861 2064 ll.
881 2030 907 2081 p.
923 2011 985 2066 851.

165 1579 307 1712 Q.

166 2171 339 2242 Historia
374 2164 421 2237 de
456 2171 664 2238 ilenrico
697 2171 769 2237 Ill.
809 2173 1060 2262 Imperatore,
1112 2196 1158 2245 ac

355 2265 595 2360 Redolplco
621 2261 736 2340 Duce
762 2273 967 2346 Senoniae.

168 2404 481 2508 Quemadmodum
505 2414 544 2482 in
569 2416 735 2486 omnihus
759 2418 838 2488 aliis
860 2422 995 2492 artibus
1015 2425 1158 2492 traden-

166 2520 221 2590 dis
236 2541 362 2607 magna
379 2517 431 2585 vis
444 2529 496 2587 est
504 2518 745 2608 exemplorum
758 2573 768 2602 ,
795 2521 843 2590 ita
857 2524 1050 2616 praeceptis
1065 2541 1157 2595 recte

166 2620 313 2689 vivendi
336 2641 391 2687 res
411 2633 544 2707 gestae,
571 2632 606 2688 et
620 2620 732 2690 exitus
748 2622 838 2691 bene
855 2639 914 2695 aut
930 2648 1028 2694 secus
1047 2626 1158 2700 lacto-

166 2746 266 2800 rum,
292 2743 459 2809 magnum
484 2721 607 2788 lumen
629 2723 783 2792 addunt:
819 2738 853 2794 et
874 2719 967 2797 haud
993 2729 1084 2813 scio,
1111 2754 1157 2799 an

165 2823 275 2913 magis
292 2821 396 2891 etiam
413 2844 518 2914 quam
536 2821 611 2911 ipsa
627 2837 810 2916 praecepta
823 2823 1156 2900 animoshominum

165 2927 210 2995 ad
233 2925 400 2993 virtutem
417 2922 603 2992 colendam
626 2925 828 2997 exuscitent.
878 2927 969 2997 Nam
985 2944 1018 3001 et
1033 2928 1157 3001 Evan-

166 3027 231 3096 der
252 3049 333 3094 cum
354 3025 427 3094 filio
445 3026 543 3094 domi
559 3028 695 3096 tradere
710 3029 829 3098 omnia
854 3031 897 3098 de
914 3032 1017 3120 regiis
1033 3034 1156 3103 officiis

165 3138 351 3220 praecepta
373 3141 507 3216 posset,
536 3127 660 3198 maluit
684 3129 716 3198 ei
732 3130 853 3200 vivum
879 3135 1058 3224 exemplar
1072 3161 1157 3227 pro-

1208 1012 1288 1076 erga
1306 989 1453 1080 patriam
1469 990 1642 1059 adductus
1663 990 1702 1058 in
1725 991 1788 1060 tali
1807 1011 2016 1083 argumento
2035 998 2129 1069 vires
2144 1003 2203 1071 in-

1208 1091 1303 1178 genii
1320 1092 1471 1181 experiri
1484 1114 1559 1159 non
1581 1105 1758 1163 ostentare
1772 1094 1976 1167 voluissem.
2025 1093 2079 1169 Ac
2102 1104 2205 1194 prin..

1209 1193 1301 1281 cipio
1318 1194 1418 1263 vobis
1434 1189 1617 1264 historiam
1634 1194 1789 1264 recitabo
1804 1221 1909 1288 quam
1926 1213 2050 1289 potero
2065 1203 2204 1275 brevis-

1209 1294 1314 1378 sime,
1348 1308 1468 1387 postea
1491 1319 1663 1387 exponam
1686 1320 1776 1389 quae
1800 1297 1884 1368 inde
1903 1302 2039 1372 utilitas
2064 1309 2205 1400 excerpi

1209 1397 1328 1486 possit.
1382 1396 1456 1486 Qui
1476 1397 1571 1467 enim
1592 1398 1642 1468 ita
1663 1398 1762 1486 legit⁴
1775 1391 1960 1487 historias,
1992 1418 2032 1474 ut
2048 1401 2142 1477 nihil
2157 1413 2203 1483 ad

1210 1520 1313 1567 suum
1336 1523 1440 1569 usum
1464 1499 1548 1567 inde
1572 1499 1776 1583 transierat,
1815 1525 1890 1571 non
1918 1506 2002 1574 satis
2026 1511 2205 1601 perspicit,

1210 1600 1296 1692 quid
1311 1600 1450 1670 consilii
1465 1595 1655 1671 habuerint
1668 1600 1919 1689 sapientissimi
1934 1600 2113 1697 homines,
2139 1614 2204 1706 qui

1210 1701 1316 1790 primi
1333 1714 1564 1772 monumenta
1579 1725 1698 1773 rerum
1719 1717 1894 1791 gestarum
1910 1708 1955 1775 ad
1969 1721 2129 1798 posteros
2145 1737 2202 1782 re-

1209 1804 1327 1896 linqui
1349 1815 1574 1873 curaverunt.
1640 1798 1736 1873 Ante
1756 1828 1869 1874 annos
1892 1808 1965 1877 sere
1989 1811 2202 1903 quingentos

1211 1902 1365 1975 Romani
1383 1903 1569 1973 Pontifices
1585 1905 1795 1976 diuturnum
1811 1908 1944 1978 bellum
1968 1928 2003 1981 et
2020 1915 2201 1987 calamito-

1209 2006 1386 2076 sissimum
1402 2005 1604 2075 incredibili
1621 2008 1814 2098 pertinacia
1837 2034 1915 2078 cum
1937 2015 2068 2086 nostris
2084 2014 2203 2110 Impe-

1209 2108 1387 2178 ratoribus
1409 2122 1610 2196 gesserunt,
1642 2109 1728 2176 dum
1752 2112 1798 2180 ad
1822 2132 1858 2179 se
1880 2115 2024 2203 rapiunt
2040 2117 2095 2188 ius
2113 2115 2202 2210 Epi·

1209 2231 1396 2302 scoporum
1411 2212 1643 2278 creandorum
1667 2209 1705 2279 in
1721 2207 1930 2283 Germania:
1957 2239 2040 2286 nam
2059 2235 2142 2290 ante
2164 2223 2202 2290 id

1209 2324 1348 2401 tempus
1373 2309 1555 2402 Principes
1586 2311 1654 2402 ipsi
1677 2308 1875 2404 Episcopos
1904 2318 1976 2385 suis
2007 2322 2202 2409 provinciis

1209 2416 1402 2496 dederunt,
1443 2435 1507 2481 nec
1537 2413 1631 2504 passi
1656 2426 1740 2483 sunt
1772 2437 1885 2509 aequo
1909 2419 2028 2490 animo
2051 2423 2121 2491 sibi
2143 2425 2201 2495 ius

1209 2538 1312 2584 suum
1337 2516 1554 2606 extorqueri:
1582 2537 1697 2606 neque
1721 2516 1816 2585 enim
1833 2519 1918 2589 utile
1939 2524 2111 2610 putabant
2127 2549 2202 2596 esse

1209 2617 1342 2709 patriae
1367 2617 1546 2685 infinitum
1569 2614 1752 2687 Pontificis
1774 2619 1974 2709 imperium.
2042 2621 2201 2696 Econtra

1209 2718 1397 2789 Pontifices
1419 2741 1555 2787 summa
1577 2718 1611 2785 vi
1636 2719 1878 2803 decertabant,
1911 2745 1985 2789 non
2001 2736 2039 2792 ut
2056 2727 2200 2816 religio-

1210 2845 1291 2889 nem
1306 2821 1554 2905 defenderent,
1577 2821 1638 2888 sed
1653 2833 1694 2890 ut
1705 2820 2011 2916 imperiumatque
2025 2849 2109 2916 opes
2122 2851 2199 2896 am-

1209 2923 1420 3014 plificarent.
1470 2921 1544 2990 Nec
1567 2945 1646 2991 cum
1672 2946 1745 2991 uno
1771 2921 1985 3013 lmperatore
2008 2927 2200 2998 dimicave-

1208 3038 1309 3104 runt,
1335 3025 1398 3092 sed
1417 3023 1555 3115 aliquot
1577 3023 1704 3092 seculis
1731 3024 1865 3094 bellum
1890 3039 2097 3117 perpetuum
2120 3031 2201 3114 luit,

1208 3151 1282 3195 non
1306 3126 1454 3215 perinde
1478 3124 1711 3207 celebratum,
1746 3138 1784 3194 ut
1800 3124 1936 3195 Punica
1960 3128 2051 3198 bella
2075 3132 2201 3222 populi

1207 3223 1383 3307 Romani,
1409 3225 1597 3294 defuerunt
1610 3224 1705 3292 enim
1722 3226 1809 3294 etin
1829 3224 1928 3294 ltalia
1946 3242 1980 3298 et
1997 3230 2034 3297 in
2055 3227 2120 3301 hac
2135 3256 2202 3303 na·

1208 3328 1305 3398 tione
1326 3328 1530 3416 scriptores,
1555 3327 1617 3393 sed
1635 3339 1709 3394 non'
1729 3325 1849 3393 minus
1862 3325 2064 3398 luctuosum
2089 3357 2129 3402 ac
2144 3335 2203 3404 su·

1209 3444 1348 3499 nestum
1379 3426 1594 3497 Germaniae
1625 3440 1731 3517 atque
1759 3424 1899 3513 ltaliae,
1930 3443 2035 3523 atque
2063 3431 2202 3505 Punica

693 3553 745 3600 tua
763 3563 881 3602 eernere
897 3545 975 3606 taeta
1209 3532 1301 3601 bella
1322 3528 1496 3602 Romanis
1523 3542 1559 3599 et
1586 3524 1926 3618 Carthaginensibus
1954 3533 2062 3603 fuere.
2126 3534 2200 3605 Sed

268 3639 455 3718 Adsuescat,
488 3643 593 3721 primis
615 3651 644 3700 st
663 3652 693 3701 ts
714 3646 839 3705 miretur
862 3648 899 3706 ab
925 3651 1021 3714 annis.
1207 3633 1377 3702 acerrima
1395 3656 1433 3699 ea
1452 3633 1548 3700 dere
1565 3631 1746 3701 contentio
1764 3655 1844 3700 cum
1859 3629 2013 3702 Henrico
2030 3631 2096 3708 lll.
2118 3635 2199 3707 fuit.

167 3737 290 3830 ltaque
320 3736 515 3827 prudenter
541 3737 654 3804 facere
682 3736 866 3808 iudicandi
891 3757 992 3824 sunt,
1030 3743 1092 3834 qui
1118 3743 1156 3811 in
1209 3735 1340 3805 lncidit
1354 3734 1449 3803 enim
1465 3733 1525 3801 ille
1543 3747 1710 3825 tanquam
1728 3733 1767 3801 in
1784 3728 1960 3823 epithasin
1974 3735 2132 3820 fabulae,
2158 3737 2200 3806 in

166 3837 263 3910 hunc
277 3838 393 3906 locum
414 3838 658 3907 memorabilia
673 3843 830 3932 exempla
846 3844 1019 3930 afferunt,
1046 3844 1101 3913 vel
1117 3859 1157 3914 ut
1207 3836 1568 3905 mediuntc'etlamffl·
1621 3819 1920 3904 Moverflsslessim
1937 3832 2105 3927 Episcopi
2122 3838 2202 3908 bel·

167 3941 238 4034 ipsi
252 3940 495 4010 instructiores
518 3941 563 4008 ad
587 3940 694 4009 vitam
718 3959 812 4014 recte
836 3950 1007 4035 agendam
1029 3960 1155 4016 tracta·
1207 3939 1283 4008 lum
1301 3940 1468 4029 adversus
1483 3949 1636 4026 patrem,
1662 3950 1696 4006 et
1716 3939 1887 4030 quosdam
1905 3935 2118 4009 Germaniae
2135 3964 2203 4029 po-

168 4045 264 4115 tione
293 4043 438 4110 illorum
471 4042 639 4119 evadant,
676 4041 857 4114 intuemur
887 4051 982 4117 enim
1011 4052 1156 4141 propius
1208 4040 1312 4132 pulos
1325 4042 1370 4108 ad
1387 4062 1467 4109 suas
1489 4051 1603 4129 partes
1618 4052 1798 4129 praetextu
1822 4039 2002 4126 religionis
2019 4055 2202 4130 pertraxe-

166 4168 258 4238 quae
275 4141 344 4230 ipsi
359 4139 563 4224 scribimus,
589 4141 645 4208 vel
661 4143 767 4211 etiam
791 4159 831 4214 ut
844 4149 994 4219 aliorum
1011 4151 1156 4219 utilitati
1209 4155 1300 4212 rant·
1350 4138 1441 4211 Cum
1464 4154 1581 4209 aulem
1595 4138 1759 4209 Pontifex
1777 4140 1944 4210 virtulem
1960 4139 2109 4212 Henrlci
2122 4167 2203 4214 sus·

168 4243 366 4316 consulant.
425 4238 503 4329 Ego
535 4241 644 4330 igitur
673 4266 747 4312 non
775 4248 934 4317 dubitavi
973 4244 1157 4319 historiam
1209 4245 1323 4313 tinere
1355 4243 1490 4313 diutius
1514 4266 1588 4310 non
1614 4255 1749 4332 posset,
1781 4266 1821 4310 ac
1845 4243 1991 4314 sentiret
2012 4244 2200 4315 victoriam

169 4345 348 4442 quandam
371 4336 440 4410 huc
466 4341 607 4426 afferre,
639 4367 714 4411 non
740 4347 887 4435 perinde
907 4352 1075 4420 omnibus
1092 4375 1158 4419 no·
1209 4345 1381 4414 inclinare
1394 4346 1439 4413 ad
1454 4340 1656 4429 Caesarem,
1680 4343 1974 4436 consiliumcepit
1989 4369 2063 4414 uon
2080 4345 2203 4418 minus

169 4462 256 4520 tam:
283 4455 422 4534 sumpta
438 4454 490 4511 est
514 4444 608 4511 enim
626 4467 666 4512 ex
688 4447 792 4515 rebus
805 4451 909 4537 gestis
925 4451 1158 4523 Germanico.
1209 4448 1360 4535 impium
1377 4471 1483 4540 quam
1503 4445 1691 4528 callidum,
1724 4444 1932 4516 intestinum
1947 4446 1986 4514 in
2006 4445 2202 4519 Germania

168 4575 250 4620 rum
275 4548 549 4637 Imperatorum,
581 4571 670 4638 quae
694 4550 854 4637 nullum,
878 4569 919 4625 ut
939 4554 1053 4640 scitis,
1079 4555 1158 4624 lite-
1208 4550 1342 4619 bellum
1360 4549 1503 4632 excitat,
1529 4560 1568 4616 ut
1580 4542 1709 4616 Caesar
1723 4548 1821 4617 domi
1835 4562 2044 4636 occupatus,
2065 4549 2111 4619 ab
2128 4547 2202 4621 lta·

125 4671 127 4675 ⁴
169 4676 289 4721 rarum
310 4650 432 4717 lumen
453 4642 569 4718 habet.
628 4646 843 4745 Quanquam
858 4671 974 4727 autem
994 4658 1157 4726 videbam
1209 4653 1256 4720 lia
1272 4643 1531 4732 retraheretur,
1556 4647 1662 4717 simul
1678 4660 1808 4718 utrum
1823 4649 1896 4719 suis
1911 4649 2050 4720 civibus
2066 4650 2203 4722 maiore

169 4778 244 4823 non
267 4775 339 4827 esse
361 4749 548 4820 mediocris
568 4750 729 4833 artificis,
756 4755 930 4827 eiusmodi
954 4783 1008 4828 res
1025 4784 1043 4828 e
1060 4773 1158 4829 tene·
1209 4777 1288 4825 cum
1316 4750 1474 4843 periculo
1495 4763 1676 4840 pugnaret.
1735 4747 1825 4819 Nam
1859 4775 1939 4818 cum
1964 4746 2109 4824 haberet
2133 4754 2204 4825 ob-

169 4856 245 4927 bris
265 4867 382 4925 erutas
405 4852 581 4924 illustrare
603 4877 643 4923 ac
665 4879 810 4943 ornare,
845 4873 963 4930 tamen
987 4860 1157 4952 lupatria
1208 4855 1332 4925 noxios
1345 4851 1524 4924 Saxonum
1538 4848 1752 4943 Episcopus,
1771 4848 1936 4921 Pontilex
1950 4854 2019 4942 egit
2033 4878 2096 4947 per
2107 4855 2204 4943 illos,

61 4946 67 5024 J
169 4958 290 5052 aliqua
325 4950 470 5025 historia
500 4955 611 5025 malui
630 4981 772 5047 operam
797 4983 952 5047 sumere,
990 4987 1096 5056 quam
1119 4963 1158 5030 in
1208 4971 1248 5029 ut
1280 4955 1455 5027 Saxoniae
1494 4950 1629 5025 Ducem
1670 4952 1927 5045 Imperatorem
1962 4957 2203 5046 designarent.

161 5050 365 5154 'peregrina
389 5144 394 5154 ‚
424 5053 546 5148 Turpe
566 5071 619 5127 est
639 5060 735 5128 enim
762 5063 886 5150 nobis,
916 5089 997 5135 cum
1013 5065 1051 5132 in
1070 5064 1159 5133 alia·
1207 5057 1363 5130 Accessit
1383 5071 1418 5128 et
1433 5055 1616 5128 Pontificis
1630 5052 1788 5127 Romani
1804 5057 1993 5148 autoritas,
2020 5058 2082 5150 qui
2103 5052 2204 5131 hunc

169 5187 250 5234 rum
273 5156 431 5250 gentium
451 5160 556 5228 rebus
577 5160 682 5247 gestis
698 5162 921 5255 inquirendis
937 5180 1009 5237 tam
1026 5166 1159 5236 curiosi
1207 5164 1252 5231 de
1274 5183 1372 5228 more
1394 5156 1578 5263 Caesarem
1600 5156 1776 5231 salutavit.
1827 5154 1929 5227 Nihil
1945 5158 2014 5227 tale
2030 5155 2204 5252 Princeps

170 5266 298 5347 simus,
324 5259 531 5330 domesticas
544 5260 725 5349 ignorare,
749 5289 814 5336 nec
829 5268 1003 5338 maiorum
1017 5283 1158 5339 nostro·
1207 5263 1362 5356 optimus
1384 5263 1573 5346 ambierat,
1605 5259 1761 5329 delatum
1784 5259 1888 5328 etiam
1904 5255 2077 5330 honorem
2094 5262 2202 5332 lorti-

169 5391 249 5435 mm
283 5364 453 5445 salutem,
500 5385 623 5432 omnes
664 5365 754 5435 vires
785 5393 963 5463 omneque
999 5371 1157 5442 studium
1206 5381 1260 5438 ter
1280 5365 1465 5457 recusabat
1486 5362 1677 5454 suscipere:
1707 5384 1843 5431 novum
1872 5362 1967 5431 enim
1991 5376 2025 5434 et
2053 5363 2202 5435 inaudi-

169 5467 407 5554 contulerint,
437 5464 515 5535 iure
538 5464 734 5558 poterimus
763 5469 1030 5561 ingratitudinis
1053 5496 1157 5544 accu-
1206 5484 1282 5543 tum
1305 5469 1351 5537 ad
1381 5467 1420 5538 id
1441 5481 1579 5558 tempus
1603 5463 1644 5534 in
1670 5459 1865 5536 Germania
1889 5464 2090 5557 exemplum
2111 5481 2204 5558 crat,

166 3252 318 3322 ponere,
353 3227 392 3294 in
415 3227 509 3318 quod
533 3238 605 3296 tota
627 3244 762 3314 mente,
793 3245 939 3325 totoque
962 3237 1080 3306 animo
1098 3239 1151 3305 in-

167 3343 342 3411 tueretur,
369 3331 535 3419 quodquc
551 3328 744 3410 exprimere
765 3334 912 3402 summis
928 3336 1064 3407 viribus
1081 3355 1157 3410 stu-

167 3434 275 3504 deret.
328 3429 388 3500 sie
408 3428 504 3498 enim
521 3434 746 3501 commendat
762 3456 844 3502 eum
860 3432 1015 3506 Aeneae:
