4732 6030
120 284 172 363 85
861 275 1022 359 DECL.
1055 275 1128 354 ΒΕ
1157 279 1423 357 LEGIBUS.
2106 289 2156 362 86

59 552 62 555 p
124 461 268 557 quidem
296 456 507 550 contagione
536 452 905 549 pestilentissimarum
931 453 1114 524 literarum
1165 455 1368 530 clesiastica.
1419 451 1514 524 Huic
1536 454 1694 546 proxima
1718 469 1790 542 est,
1815 446 1871 528 ius
1891 459 2024 545 dicere,
2048 487 2155 554 quam

73 628 78 637 ·
126 586 199 635 ¹¹⁰n
216 562 324 634 infici·
1164 558 1309 629 sirecte
1334 556 1498 647 gesseris,
1532 580 1637 626 nemo
1660 555 1880 645 Monachus,
1914 586 2018 631 nemo
2043 560 2156 634 Here·
2194 597 2198 602 ·

223 662 381 734 Proinde
403 685 484 732 cum
504 661 604 731 nulla
625 658 774 728 meliore
794 655 984 748 disciplina
1002 655 1114 725 animi
1165 660 1249 728 mita
1274 658 1456 751 superiore
1476 672 1527 729 est
1541 661 1634 748 apud
1650 657 1765 730 Deum
1782 662 1871 735 loco.
1922 659 2156 758 Prophanum

120 767 167 838 ad
179 766 350 837 virtutem
364 762 548 836 assuefacti
564 761 652 839 sint,
680 755 772 828 nihil
788 759 898 850 pudet
912 759 950 827 in
966 772 1114 851 quaestu
1164 784 1294 831 munus
1317 773 1386 843 est,
1411 762 1471 829 sed
1494 763 1590 854 quod
1611 786 1686 830 non
1704 762 1821 833 minus
1836 764 1997 856 religiose
2013 768 2155 837 tractari

121 868 178 939 ius
204 862 354 952 habere,
388 865 515 937 vitiare
544 864 657 954 leges,
690 863 900 953 detorquere
928 858 1114 930 malitiosis
1163 876 1319 953 oportet,
1352 886 1458 956 quam
1487 865 1531 932 ad
1561 887 1656 932 aram
1685 866 1922 936 accedendum
1942 882 1993 938 est
2017 893 2155 939 sacrum

121 968 489 1062 interpretationibus,
513 966 553 1035 in
575 988 680 1058 quam
706 964 831 1033 volunt
847 974 994 1053 partem.
1046 959 1113 1031 So·
1162 964 1326 1034 facturis:
1354 961 1430 1033 lmo
1456 958 1515 1034 hic
1538 989 1619 1035 vere
1642 989 1781 1036 sacrum
1802 967 1906 1053 facis,
1932 992 2012 1038 cum
2036 971 2156 1060 publi-

122 1072 242 1142 lenem
255 1071 364 1140 refert
373 1063 640 1150 Demosthenes,
660 1089 740 1134 cum
753 1088 853 1133 reum
870 1077 987 1153 ageret
1002 1087 1113 1156 quen·
1164 1090 1223 1136 cae
1239 1066 1490 1158 tranquillitati
1505 1091 1543 1134 ac
1557 1067 1635 1157 paci
1650 1092 1792 1160 operam
1807 1090 1926 1139 navas.
1975 1068 2059 1158 Quo
2074 1072 2157 1163 plu.

122 1174 206 1243 dam
227 1171 446 1265 perniciosae
469 1170 555 1260 legis
572 1181 749 1252 autorem,
774 1165 919 1237 dixisse:
946 1163 1038 1235 Cum
1054 1188 1113 1233 ca·
1164 1169 1212 1236 ris
1234 1180 1349 1237 autem
1375 1162 1443 1235 hoc
1467 1167 1574 1235 officii
1595 1165 1691 1236 Deus
1715 1170 1817 1255 facit,
1845 1195 1886 1240 eo
1910 1187 1993 1243 sunt
2016 1196 2157 1242 execra-

122 1275 230 1365 pitale
251 1274 299 1345 sit
319 1272 493 1342 nomisma
515 1271 733 1353 adulterare,
758 1280 872 1337 morte
890 1267 1114 1337 mulctandos
1163 1269 1320 1353 biliores,
1347 1268 1408 1361 qui
1426 1268 1602 1358 publicam
1618 1270 1654 1336 in
1669 1272 1747 1339 foro
1759 1266 2044 1364 sycophanticam
2057 1298 2158 1344 exer-

122 1399 198 1445 esse
221 1374 325 1445 etiam
351 1397 426 1461 eos,
453 1373 515 1467 qui
529 1373 622 1462 leges
638 1370 783 1441 vitiant:
810 1367 1000 1460 Propterea
1017 1370 1113 1461 quod
1164 1385 1262 1456 cent,
1305 1373 1482 1440 bonorum
1516 1384 1729 1456 extortores,
1775 1373 1892 1461 legum
1926 1390 2156 1462 contortores,

123 1491 165 1548 ut
190 1477 229 1545 in
253 1477 398 1569 privatis
422 1474 643 1545 commerciis
663 1497 703 1541 ac
724 1472 964 1541 contractibus
978 1471 1113 1539 nomis-
1163 1472 1225 1567 qui
1247 1472 1304 1541 vel
1325 1473 1372 1542 ob
1393 1466 1486 1539 hanc
1508 1495 1647 1541 causam
1672 1473 2033 1561 ferendinonerant,
2058 1480 2156 1571 quod
2277 1526 2282 1533 .

122 1591 218 1649 mate
240 1579 392 1663 utimur,
419 1577 466 1647 ita
491 1575 644 1668 publicis
664 1572 886 1643 commerciis
908 1585 942 1642 et
958 1572 1113 1661 negociis
1164 1574 1408 1644 acivitatibus
1442 1567 1572 1642 horum
1592 1574 1726 1664 flagitia
1748 1571 1864 1645 Deum
1890 1600 1964 1645 non
1989 1601 2068 1646 raro
2092 1581 2156 1648 ab-

122 1680 215 1772 leges
230 1702 303 1749 esse
318 1679 539 1749 nomismatis
555 1678 641 1747 vice.
694 1672 805 1747 Recte
820 1672 943 1744 Solon.
995 1672 1112 1766 Atque
1163 1676 1336 1755 alienent,
1363 1675 1515 1764 graviter
1530 1689 1791 1746 succensentem
1808 1679 2042 1768 constupratis
2061 1681 2156 1749 iudi-

121 1782 531 1863 utinameoredeatres,
556 1775 1113 1866 utetinnostrisiudieiispetu·
1164 1776 1238 1847 ciis.
1288 1774 1403 1845 Porro
1419 1800 1498 1844 cum
1516 1801 1590 1845 non
1605 1778 1797 1848 dissideant
1812 1804 1890 1848 cum
1907 1781 2035 1871 pietate
2053 1782 2155 1871 leges,

121 1884 253 1969 lantia,
306 1883 597 1973 impudentiaque
634 1877 840 1948 tabularum
876 1871 1115 1959 coherceatur,
1164 1891 1198 1946 et
1220 1899 1287 1945 usu
1310 1889 1468 1966 receptae
1492 1879 1580 1962 sint,
1607 1875 1701 1947 nihil
1723 1904 1905 1950 moremur
1927 1906 2007 1966 eos,
2034 1884 2096 1975 qui
2120 1906 2156 1952 se

120 1986 315 2054 mulctetur
336 1984 451 2051 dolus.
508 1981 546 2049 ld
572 1982 658 2048 adeo
680 1979 760 2058 fret,
786 1977 850 2045 ubi
871 1977 915 2044 ad
936 1972 1114 2067 Rempub.
1165 1978 1379 2046 insectandis
1401 1978 1565 2048 civilibus
1582 1981 1741 2050 moribus
1756 1985 1800 2051 ad
1818 1984 1943 2072 vulgus
1959 1985 2155 2056 venditant.

121 2086 211 2157 b⁰¹¹l
232 2085 303 2153 Viri
325 2085 515 2161 θᾶῑθᾶθῠῑ,
541 2079 654 2152 literis
675 2093 709 2149 et
730 2077 931 2167 cognitione
951 2077 1040 2146 iuris
1056 2078 1112 2145 in·
1162 2076 1252 2148 Nam
1277 2079 1351 2146 sine
1373 2080 1515 2170 publica
1534 2081 1729 2167 calamitate
1747 2098 1901 2172 receptas
1918 2085 2009 2175 leges
2024 2088 2155 2157 mutari

120 2186 266 2271 structi,
293 2185 422 2279 quibus
438 2184 497 2253 isti
512 2185 694 2273 imponere
711 2203 774 2247 nec
791 2178 927 2263 ausint,
952 2202 1016 2248 nec
1032 2202 1113 2271 pos-
1164 2205 1237 2249 non
1260 2202 1380 2271 posse,
1413 2194 1448 2249 et
1469 2206 1524 2250 res
1547 2185 1665 2267 docet,
1693 2199 1727 2255 et
1749 2187 1998 2276 sapientissimi
2023 2190 2155 2281 quique

120 2287 203 2359 sint.
255 2284 378 2379 ltaque
399 2283 554 2376 Reipub.
578 2283 741 2361 interest,
767 2293 807 2349 ut
830 2280 955 2372 optimi
978 2281 1111 2374 quique
1163 2293 1404 2375 monuerunt.¹
1442 2280 1593 2354 Extabat
1619 2288 1712 2376 apud
1734 2285 1869 2357 Locros
1895 2289 1932 2356 in
1956 2290 2045 2358 bene
2068 2315 2155 2359 con-

120 2403 155 2460 ει
175 2389 319 2459 νὶιιιιιίε
334 2385 565 2456 amantissimi
581 2385 636 2453 ius
652 2383 871 2474 perdiscant,
896 2397 936 2452 ut
952 2382 981 2450 si
998 2405 1112 2474 quan·
1163 2385 1282 2455 stituta
1298 2383 1459 2469 civitate,
1485 2408 1524 2453 ea
1541 2387 1637 2455 dere
1655 2387 1730 2472 lex,
1753 2402 1793 2458 ut
1812 2390 1973 2483 quisquis
1988 2387 2155 2461 adversus

121 2492 168 2560 do
192 2490 373 2581 publicum
398 2511 528 2558 munus
545 2486 765 2557 tractandum
785 2496 854 2564 est,
881 2499 1111 2570 rectegeren-
1162 2499 1316 2573 receptas
1344 2487 1436 2575 leges
1455 2484 1679 2575 ‘rogationem
1701 2489 1828 2572 ferret,
1863 2492 1993 2558 iscam
2020 2493 2153 2562 inserto

120 2594 187 2663 dac
202 2591 403 2685 provinciae
417 2607 508 2661 artes
521 2601 675 2658 teneant.
722 2584 898 2655 Videmus
912 2586 1007 2653 enim
1023 2608 1112 2677 quos
1163 2588 1199 2654 in
1216 2587 1381 2679 laqueum
1396 2588 1488 2657 collo
1505 2590 1680 2658 suaderet:
1702 2612 1791 2682 quae
1807 2589 1838 2657 si
1854 2590 2041 2661 videbatur
2055 2589 2155 2663 eRe-

121 2695 225 2765 ludos
245 2692 454 2785 Rebuspub.
484 2691 618 2783 ubique
642 2686 872 2777 Magistratus
898 2687 1053 2777 imperiti
1079 2701 1112 2757 et
1163 2690 1248 2778 pub.
1271 2710 1363 2772 esse,
1396 2691 1513 2760 salvus
1536 2693 1702 2760 evadebat
1724 2705 1842 2761 autor:
1869 2695 2156 2783 strangulabatur

120 2794 257 2866 indocti
282 2796 453 2877 reddant,
478 2815 586 2884 quos,
611 2789 762 2859 utboni
785 2789 874 2872 sint,
899 2812 1037 2857 necesse
1060 2804 1113 2859 est
1163 2803 1280 2858 autem
1301 2790 1490 2860 constricto
1513 2793 1658 2884 laqueo,
1689 2794 1751 2862 ubi
1774 2796 1887 2864 oratio
1909 2795 2155 2884 displicuisset.

120 2898 233 2968 multa
264 2897 425 2967 incautos
447 2914 609 2982 peccare,
634 2902 669 2957 et
692 2902 811 2956 tamen
830 2889 904 2955 lere
927 2889 973 2956 ita
991 2889 1047 2972 lit,
1071 2903 1113 2959 ιιι
1162 2888 1284 2983 Neque
1314 2892 1464 2962 dubium
1496 2905 1565 2972 est,
1599 2892 1688 2984 quin
1713 2894 1750 2962 id
1774 2895 1822 2962 ita
1845 2897 2075 2966 constitutum
2099 2898 2156 2983 sit,

120 2999 313 3070 deleflfflffl
329 2997 421 3076 ⁸lnls
446 3015 517 3082 <11¹⁰
533 3001 615 3058 ⁸⁰⁰¹
629 2986 856 3055 ἷΰᾱθῦῑῑθΐθθ·
1163 3014 1208 3060 ne
1233 3006 1364 3061 temere
1386 2994 1640 3062 inducerentur
1661 3016 1728 3062 usu
1750 2995 1991 3079 confirmatae,
2023 2998 2154 3088 proba.

224 3098 308 3170 Dixi
333 3097 377 3163 de
399 3092 554 3181 legibus,
579 3087 722 3177 longius
743 3087 907 3171 tortasse,
935 3112 1041 3178 quam
1058 3089 1110 3156 fe-
1162 3105 1287 3185 taeque
1308 3093 1483 3159 maiorum
1501 3092 1634 3162 iudicio
1650 3094 1753 3184 leges.
1806 3092 1856 3166 Et
1870 3091 2022 3169 Athenis
2039 3122 2154 3191 tsotto·
2223 3170 2226 3175 g

119 3206 222 3276 rebat
247 3210 403 3287 tempus,
429 3193 490 3261 sed
512 3190 660 3260 omnino
684 3188 842 3277 parcius,
868 3211 975 3282 quam
999 3203 1034 3260 et
1057 3211 1112 3258 res
1162 3185 1326 3286 φύλακες
1351 3207 1472 3277 erant,
1505 3191 1568 3286 qui
1591 3199 1685 3285 apud
1708 3199 1900 3286 praefectos
1923 3198 1963 3268 in
1987 3201 2154 3271 omnibus

120 3301 253 3398 poscit,
284 3310 403 3384 elego
426 3293 601 3365 volebam.
666 3287 863 3382 Reliquum
886 3303 955 3375 est,
987 3304 1028 3360 ut
1052 3313 1111 3359 eos
1163 3294 1313 3382 publicis
1340 3295 1518 3379 conciliis,
1551 3296 1711 3366 candidis
1738 3299 1854 3368 fasciis
1878 3303 2036 3372 coronati
2059 3305 2154 3372 adsi-

119 3405 185 3500 qui
212 3401 249 3469 in
279 3398 415 3487 legibus
444 3408 649 3477 versantur,
681 3387 867 3477 adhorter,
899 3406 938 3460 ut
968 3398 1111 3462 strenue
1161 3395 1309 3479 debant,
1334 3410 1374 3466 ut
1396 3391 1644 3488 prohiberent,
1670 3424 1716 3468 ne
1740 3402 1827 3493 quid
1851 3416 1972 3472 contra
1999 3418 2154 3494 receptas

115 3514 286 3602 pergant,
312 3523 378 3568 nec
400 3521 418 3566 e
442 3496 559 3566 medio
584 3518 689 3566 cursu
712 3495 868 3562 revocari
893 3518 929 3563 se
947 3495 1110 3564 indocto·
1160 3498 1253 3586 leges
1282 3499 1545 3568 decerneretur:
1587 3497 1750 3593 Denique
1781 3516 1821 3571 ut
1850 3527 2009 3596 quaeque
2031 3506 2154 3575 civitas

116 3630 199 3680 rum
215 3603 363 3673 vocibus
380 3598 571 3690 patiantur.
623 3595 713 3665 Nam
731 3618 811 3663 cum
831 3595 963 3664 iudicia
981 3597 1111 3685 adpro·
1160 3597 1293 3687 optime
1315 3601 1504 3669 constituta
1526 3599 1612 3679 luit,
1637 3602 1686 3671 ita
1710 3603 1857 3671 minime
1879 3628 1976 3694 passa
1995 3619 2045 3675 cst
2061 3609 2154 3696 leges

115 3712 178 3782 bet
198 3705 343 3796 religio,
371 3726 447 3770 nou
462 3701 568 3767 modo
585 3722 658 3767 non
675 3693 846 3788 impiu‘m,
873 3698 931 3764 sed
951 3710 1108 3765 sanctum
1160 3699 1350 3791 antiquari.
1403 3700 1558 3770 Proinde
1583 3725 1648 3771 nos
1671 3728 1813 3797 quoque
1827 3706 2009 3795 publicum
2027 3707 2081 3773 ius
2097 3709 2153 3775 di-

116 3811 224 3885 etiam
248 3805 403 3877 officium
429 3800 582 3886 faciunt,
616 3778 676 3891 qrii
701 3799 766 3866 rite
791 3799 835 3866 de
860 3798 939 3867 iure
963 3821 1110 3887 respon·
1160 3800 1308 3890 ligenter
1332 3816 1512 3884 tueamur,
1539 3805 1741 3892 praesertim
1767 3827 1846 3873 cum
1871 3803 2007 3873 Romae
2030 3819 2152 3876 natum

117 3918 215 3997 dent,
240 3922 373 3980 autres
388 3903 557 3973 iudicant.
598 3898 764 3990 Plerique
776 3912 1004 3993 posteaquam
1018 3892 1110 3967 hanc
1159 3902 1221 3984 sit,
1247 3901 1286 3968 in
1303 3902 1462 3991 principe
1480 3903 1578 3967 orbis
1594 3913 1767 3967 terrarum
1784 3901 1977 3990 Repubin
1996 3909 2153 3996 pruden-

118 4017 267 4087 iuduere
288 4005 571 4103 persuasionem,
595 4000 730 4070 versari
751 4023 787 4068 se
806 4000 843 4066 in
860 4025 897 4068 re
914 3996 1110 4089 prophana,
1159 3999 1376 4069 tissimorum
1402 4012 1436 4069 et
1461 3997 1745 4068 doctissimorum
1772 3998 1958 4072 hominum
1983 4008 2153 4096 conciliis,

121 4129 156 4188 et
171 4138 274 4208 quam
289 4109 387 4184 Deus
403 4104 497 4177 nihil
514 4117 692 4186 moretur,
715 4101 854 4169 minore
872 4101 940 4167 tide
956 4122 1109 4191 curaque
1160 4122 1311 4193 quorum
1333 4122 1408 4167 non
1432 4102 1540 4167 modo
1556 4099 1676 4171 literae
1694 4124 1760 4171 nos
1777 4104 1879 4196 aequi
1897 4119 1929 4176 et
1946 4107 2062 4201 iniqui
2079 4111 2153 4182 dis·

119 4238 249 4287 munus
263 4236 368 4285 suum
381 4211 527 4280 obeunt.
571 4203 650 4274 Hos
662 4201 863 4271 meminisse
877 4201 971 4285 volo,
992 4199 1108 4270 Deum
1159 4201 1294 4271 crimen
1326 4204 1472 4282 docent,
1505 4203 1564 4270 sed
1594 4204 1751 4295 exempla
1777 4206 1885 4275 etiam
1909 4221 1942 4277 et
1965 4220 2022 4278 rcs
2052 4237 2152 4303 praa.

119 4333 157 4391 et
170 4317 258 4388 iuris
272 4331 430 4386 autorem
446 4333 529 4394 esse,
548 4321 582 4378 et
597 4305 774 4374 vindicem
787 4303 959 4373 loturum.
999 4299 1108 4372 Libra
1159 4302 1251 4372 clare
1286 4314 1421 4393 gestae,
1467 4305 1511 4374 ad
1543 4303 1686 4376 virtutis
1716 4306 1874 4379 studium
1903 4307 2150 4386 adhortantur,

119 4435 156 4493 et
184 4421 342 4511 pondus,
381 4413 499 4506 inquit
528 4409 718 4485 Salomon,
753 4404 885 4474 iudicia
915 4400 981 4472 Dei
1015 4417 1109 4477 sunt.
1157 4403 1253 4484 Dixi,

118 4521 241 4615 Quare
262 4519 293 4590 si
315 4516 402 4613 quid
427 4513 592 4606 iniquum
614 4507 795 4587 statueris,
822 4531 895 4575 non
922 4501 1108 4574 hominum

116 4636 260 4698 tantum
283 4641 398 4689 mores
420 4614 548 4685 violari
572 4613 709 4688 credas,
742 4610 801 4678 sed
826 4606 961 4688 Deum,
993 4630 1012 4674 a
1038 4631 1108 4700 quo
1171 4642 1665 4669 ,ὡκ-*Ἠ*
1889 4662 2140 4677 ---.-..,

116 4724 251 4799 iudicia
274 4720 462 4793 constituta
477 4728 578 4799 sunt,
604 4710 736 4782 offendi
754 4710 893 4783 sentias.
945 4706 1026 4777 Non
1042 4704 1108 4777 ho.

115 4829 245 4912 minis,
273 4825 325 4895 ait
352 4824 507 4914 optimus
536 4816 704 4905 Princeps
728 4809 911 4904 losaphat,
943 4811 1108 4878 exercetis
1157 4825 1219 4899 Ns,
1236 4823 1270 4894 8,
1978 4860 2026 4900 m·
2045 4842 2139 4906 1525·

116 4930 310 5012 iudicium,
336 4926 395 4994 ¹sed
405 4922 487 4991 Dei:
514 4921 613 4990 adest
632 4927 807 5007 spectator
828 4927 861 4983 et
876 4912 1007 4981 arbiter
1022 4936 1107 4980 con·
1156 4923 1284 4947 Μ
1972 4930 2144 4958 ψ..

117 5032 281 5105 siliorum
305 5039 501 5096 vestrorum
526 5019 638 5090 D⁸U⁵²
669 5016 724 5087 δὴ
747 5015 858 5129 '3¹⁰⁰AE
876 5013 1024 5084 Domini
1043 5038 1106 5082 vo·
1301 5039 1461 5158 Praef
1491 5045 1540 5128 in
1566 4999 1738 5159 Officia
1764 5046 1995 5138 Ciceronis

115 5135 272 5216 hiscum,
301 5139 462 5199 accurate
486 5147 559 5192 rem
583 5120 704 5211 gerite.
757 5115 835 5187 Hoc
858 5140 941 5186 vero
964 5116 1107 5184 divinus
1455 5108 1465 5129 ⁰
1996 5116 2006 5138 ⁸

115 5236 261 5328 spiritus
293 5228 477 5348 opapulupn
507 5247 581 5342 nnn
611 5222 665 5340 llll
694 5232 832 5289 lanium
862 5218 999 5337 Speculo,
1046 5218 1107 5285 Sed
1225 5234 1602 5360 Appdhssrrpt.ulllyl.2p37lj
1622 5257 1696 5361 sqq?
1725 5240 1921 5366 inpelqlamat.
1940 5247 2149 5366 T⁸H'¹lt'116·¹⁴⁹

116 5336 371 5457 omntpusoqm
391 5331 524 5449 suque
539 5347 594 5445 ¹¹3⁸
611 5324 754 5407 amum,
780 5320 949 5492 propit·
986 5316 1106 5489 ,Νιὲῑί
1258 5318 2152 5496 diicat}‚asadiatiilissne‘plaiiiioiimsilli

115 5453 274 5514 sanctior
289 5459 330 5506 su
344 5446 449 5504 terris
460 5430 598 5501 functio
611 5436 680 5512 est,
705 5447 810 5517 quam
827 5444 1021 5515 οκονομια
1070 5444 1107 5489 c·
1264 5445 1296 5499 aa
1310 5463 1374 5499 ann.
1390 5443 1439 5500 εει
1458 5481 1464 5498 .
1490 5517 1513 5587 6
1531 5515 1550 5561 *
