4756 6022
119 442 126 457 μ
175 332 254 427 ³259
655 334 839 423 steen-³
866 342 940 420 ns
968 338 1197 423 unaue.
1221 336 1280 419 tu
1317 342 1565 419 orstcta
1604 345 1708 420 cto
2106 350 2221 459 lese.

183 530 235 598 de'
250 529 410 599 moribus
422 500 612 606 civilibus,
639 502 743 615 atque
765 516 850 590 haec
867 542 993 611 magna
1010 535 1167 614 exparte
1217 516 1370 590 multum
1386 520 1557 590 adiuvant
1571 519 1616 589 ad
1634 518 1906 608 intelligendum
1922 526 2044 589 omnes
2058 521 2107 589 de
2119 521 2221 593 civi--⁸

181 626 351 701 Oratorio
368 649 484 709 more,
516 625 678 716 populari
693 647 819 713 genere
833 622 1022 708 o'rationis,
1052 637 1093 693 ut
1111 625 1167 691 iu·
1218 622 1311 691 libus
1333 623 1438 693 rebus
1456 622 1723 712 disputationes.
1778 618 1824 690 Ut
1848 621 1958 710 igitur
1982 622 2086 692 deeet'
2099 619 2216 695 Chri-c

181 732 337 819 telligere
354 751 393 797 ea
410 727 496 798 etin
513 725 693 796 communi
710 725 801 795 vitae
816 728 1070 795 consuetudine
1086 725 1167 793 imi·
1208 724 1351 794 stianos
1367 718 1459 792 hanc
1474 724 1612 793 civilem
1629 725 1827 792 societatem
1843 723 1959 791 colere
1976 736 2009 795 et
2025 725 2217 814 adiuvare,

179 830 248 914 tari
281 823 444 898 homines
477 828 627 919 praediti
662 826 843 897 communi
878 849 981 901 sensu
1015 832 1166 917 possiut3
1216 826 1265 893 ita
1283 820 1367 894 haec
1385 825 1615 923 doctriuade
1634 825 1800 894 civilibus
1819 825 1981 894 moribus
2002 839 2108 918 atque
2126 828 2213 898 effi:

179 954 261 999 uam
284 931 390 1000 exiles
414 930 687 1022 disputationes,
713 929 833 1022 quales
858 942 940 996 sunt
966 931 1059 1019 apud
1083 926 1167 997 nrt.
1217 926 1280 994 ciis
1301 926 1542 1015 cognoscenda
1564 941 1625 999 est.
1675 924 1758 995 Non
1779 937 1830 995 est
1848 926 1977 1015 pietas,
2008 925 2209 1021 Cyclopum

179 1034 358 1117 stotelem‚
381 1032 577 1102 doctrinam
593 1030 736 1123 quidem
752 1031 936 1099 continent
952 1054 1025 1098 non
1050 1030 1167 1099 illibe-
1216 1051 1314 1097 more
1330 1028 1468 1109 vivere,
1493 1027 1570 1097 sine
1585 1028 1679 1112 iure,
1705 1029 1780 1096 sine
1797 1028 1952 1116 legibus,
1978 1029 2056 1099 sine
2073 1032 2216 1103 doctri-e

178 1135 310 1226 nalem,
335 1134 396 1203 sed
410 1133 662 1204 subobscuram
678 1146 713 1202 et
731 1132 990 1225 propemodum
1005 1131 1166 1200 consulto
1217 1153 1278 1213 ua,
1315 1129 1393 1197 siue
1424 1128 1502 1197 aliis
1525 1129 1618 1199 vitae
1646 1129 1831 1221 praesidiis
1854 1138 1944 1224 quae
1974 1133 2210 1206 continentur

177 1236 398 1306 'recedentem
421 1236 563 1324 longius
585 1236 630 1303 ab
647 1234 893 1323 imperitorum
912 1231 1095 1301 intellectu
1113 1248 1165 1304 at·
1216 1231 1340 1303 literis.
1392 1228 1513 1318 Quare
1536 1231 1594 1301 isti
1618 1230 1679 1323 qui
1701 1231 1902 1321 vituperant
1924 1227 2208 1326 Philosophiam,-

177 1361 247 1431 que
277 1337 421 1408 iudicio.
483 1335 561 1405 Hae
594 1335 819 1405 definitiones
848 1333 988 1402 facilius
1014 1334 1165 1423 intelligi
1215 1357 1289 1400 non
1316 1345 1454 1401 tantum
1488 1332 1744 1420 belligerantur
1776 1358 1855 1401 cum
1883 1347 2010 1404 natura
2039 1330 2204 1426 humana,

176 1454 211 1511 et
234 1440 278 1510 ad
295 1438 543 1532 quotidianum
566 1460 670 1507 usum
687 1436 779 1506 vitae
803 1436 1061 1506 accommodari
1085 1459 1166 1526 pos-
1216 1436 1277 1502 sed
1308 1435 1411 1503 etiam
1446 1434 1599 1522 graviter
1634 1434 1779 1505 laedunt
1814 1431 2000 1524 Evangelii
2033 1437 2202 1526 gloriam,

175 1554 271 1614 sont.
313 1540 425 1610 Porro
443 1536 510 1610 hoc
524 1539 563 1607 in
580 1539 736 1608 confesso
754 1551 816 1623 est,
842 1538 1075 1606 necessarium
1092 1560 1165 1605 esse
1217 1536 1310 1629 quod
1324 1535 1422 1606 iubet
1439 1548 1480 1605 ut
1492 1535 1677 1626 disciplina
1695 1537 1792 1604 civili
1813 1532 1975 1606 homines
1991 1535 2204 1613 cohercean-

176 1642 343 1713 omnihus
370 1644 548 1734 quandam
574 1642 617 1709 de
643 1641 803 1710 moribus
828 1639 1023 1708 doctrinam
1046 1651 1079 1708 et
1103 1641 1166 1707 de·
1217 1651 1286 1720 tur,
1307 1650 1340 1707 et
1358 1637 1520 1705 maximis
1538 1637 1702 1727 praemiis
1719 1652 1822 1708 ornat
1839 1653 1964 1708 natura
1983 1633 2132 1715 honjesta
2148 1644 2205 1717 in-¹

176 1744 402 1836 scriptionem
416 1744 610 1826 virtutum,
635 1742 728 1811 utin
744 1742 873 1810 nostris
894 1740 1053 1809 moribus
1075 1754 1107 1810 et
1126 1742 1163 1808 in
1215 1740 1356 1823 stituta,
1383 1763 1473 1832 quae
1496 1739 1679 1831 continent
1701 1740 1840 1808 civilem
1865 1742 2060 1811 societatem
2084 1739 2207 1814 homi-

175 1842 362 1915 hominum
378 1846 531 1934 negociis
546 1843 748 1913 iudicandis
766 1830 965 1928 intelligere
980 1842 1164 1930 possimus,
1216 1864 1314 1912 utrm.
1365 1838 1448 1908 Non
1471 1863 1555 1934 crgo
1569 1842 1817 1910 contemnendi
1840 1855 1922 1911 sunt
1937 1836 2144 1935 Philosophi
2170 1862 2205 1919 et

175 1949 401 2040 quiddeceat,
415 1947 588 2039 quidnon
600 1947 732 2033 deceat,
751 1956 938 2037 quaesunt
953 1956 1058 2027 recte,
1074 1964 1165 2036 quae
1215 1941 1277 2009 alii
1292 1941 1480 2032 scriptores
1493 1941 1555 2034 qui
1572 1937 1718 2011 honesta
1735 1944 1829 2013 vitae
1845 1957 2029 2035 praecepta
2043 1949 2203 2030 tradunt,

174 2070 274 2118 secus
289 2049 389 2119 facta.
440 2046 580 2116 Tenere
596 2069 677 2134 ergo
699 2047 829 2114 formas
846 2058 882 2112 et
905 2045 1074 2132 imagines
1089 2044 1163 2112 vir-
1215 2045 1272 2109 sed
1288 2042 1478 2131 diligenter
1492 2043 1642 2130 legendi,
1667 2057 1706 2113 ut
1723 2058 1850 2114 acuant
1865 2045 2038 2115 iudicium
2054 2050 2099 2117 de
2116 2050 2201 2118 civi-

175 2162 292 2221 tutum
322 2161 477 2239 oportet,
519 2170 604 2240 quas
637 2148 675 2215 in
710 2148 875 2215 omnibus
906 2145 1082 2228 consiliis,
1124 2146 1161 2213 in
1214 2144 1306 2213 libus
1331 2145 1485 2231 negociis
1507 2158 1542 2212 et
1566 2144 1735 2216 moribus.
1794 2144 1910 2216 Multa
1936 2161 2104 2238 poterunt
2126 2175 2201 2222 mo·

174 2251 342 2321 omnibus
372 2248 527 2338 negociis
564 2247 763 2317 iudicandis
793 2271 992 2341 sequamur.
1021 2245 1162 2340 ,Atque
1214 2269 1296 2314 nere
1320 2245 1388 2312 viri
1411 2246 1586 2337 sapientes
1614 2246 1653 2314 in
1679 2244 1821 2338 Repub.
1845 2250 1992 2334 versati,
2024 2277 2114 2344 quae
2136 2276 2201 2323 usu

174 2347 260 2421 haec
282 2350 444 2420 doctriua
463 2350 606 2439 proprie
630 2351 785 2418 vocanda
804 2363 856 2419 est
878 2344 1098 2432 humanitas,
1122 2373 1162 2416 ac
1212 2360 1472 2436 cognoverunt,
1498 2372 1650 2440 quorum
1673 2350 1827 2438 cognitio
1843 2373 1909 2419 nos
1926 2354 2051 2422 reddet
2067 2354 2202 2425 cautin-

171 2465 265 2523 recte
285 2465 320 2521 ct
343 2450 484 2519 civilem
508 2451 653 2519 vivendi
677 2452 850 2520 rationem
867 2450 1022 2520 ostendit
1044 2451 1159 2518 omni·
1211 2472 1265 2518 res
1290 2448 1327 2515 in
1351 2450 1488 2539 maguis
1510 2451 1617 2518 rebus
1639 2452 1811 2539 gerendis.
1869 2447 2028 2545 Exposui
2053 2454 2140 2549 quid
2162 2449 2200 2524 hi

170 2554 238 2623 hus
260 2551 449 2636 aetatibus,
476 2575 579 2645 quam
598 2551 659 2644 qui
683 2575 755 2621 non
779 2565 931 2631 norunt,
955 2552 1159 2641 parumad-
1211 2550 1323 2619 libelli
1347 2564 1380 2619 et
1403 2552 1444 2619 ad
1465 2552 1654 2620 verborum
1680 2553 1817 2642 copiam
1833 2568 1865 2625 et
1881 2557 1925 2622 ad
1950 2579 2067 2625 rerum
2087 2558 2203 2626 scien·
2236 2628 2245 2637 „

170 2654 315 2726 modum
332 2652 466 2723 distant
481 2677 500 2721 a
516 2654 647 2723 bestiis.
706 2652 930 2745 Quamquam
947 2666 1062 2722 autem
1081 2655 1159 2722 aliis
1210 2652 1294 2719 tiam
1317 2653 1518 2737 conferant,
1544 2676 1626 2720 nam
1650 2668 1683 2723 et
1706 2654 1840 2746 cop'iam
1858 2657 2031 2724 sermonis
2048 2658 2150 2729 alunt
2168 2672 2201 2728 et

155 2756 256 2826 'locis
278 2754 388 2844 magis
412 2754 559 2824 fortasse
582 2754 765 2838 convenit,
791 2756 975 2823 ostendere
997 2757 1093 2846 quod
1114 2755 1159 2824 sit
1209 2753 1351 2824 firmant
1372 2753 1543 2822 iudicium
1568 2756 1612 2823 de
1639 2756 1815 2835 moribus,
1842 2780 1995 2847 quorum
2018 2773 2202 2853 utrunque

168 2856 358 2927 discrimen
382 2850 489 2925 huius
506 2856 689 2926 doctrinae
708 2870 742 2924 et
757 2850 963 2945 Evangelii,
988 2870 1157 2933 tamenet
1209 2855 1311 2924 valde
1327 2857 1559 2926 necessarium
1576 2870 1625 2927 est
1648 2856 1687 2925 in
1703 2858 1786 2930 vita.
1834 2856 1904 2949 ,sed
1929 2872 1979 2929 est
2003 2858 2072 2928 alia
2089 2884 2200 2952 quae-

168 2954 254 3028 haee
276 2958 360 3039 duxi
383 2952 449 3025 hac
471 2958 516 3026 de
537 2981 576 3026 re
595 2957 843 3027 ¹admonendos
869 2980 943 3026 esse
968 2958 1156 3041 auditores,
1208 2957 1290 3025 dam
1308 2957 1443 3028 utilitas
1462 2953 1591 3027 horum
1609 2958 1832 3042 libellorum,
1858 2948 2012 3057 quaead
2025 2950 2204 3055 eloquen':

167 3071 208 3127 ut
230 3058 404 3139 eximatur
427 3059 476 3127 eis
507 3083 625 3144 error,
659 3058 721 3151 qui
750 3059 819 3127 iam
846 3059 994 3129 istorum
1019 3060 1157 3128 animos
1208 3058 1292 3127 tiam
1311 3058 1481 3150 pertinet,
1506 3083 1595 3153 quae
1613 3062 1668 3129 vel
1686 3084 1765 3130 meo
1785 3060 1917 3129 iudicio
1933 3062 1987 3130 vel
2011 3058 2199 3153 praecipua

169 3160 370 3249 occupavit,
395 3154 480 3227 haec
501 3156 738 3230 Ethnicorum
764 3160 891 3250 scripta
914 3161 1061 3250 indigna
1084 3184 1156 3231 csse
1207 3173 1268 3229 est.
1321 3155 1458 3229 Omnes
1475 3161 1569 3231 docti
1587 3161 1654 3230 viri
1671 3162 1911 3252 praecipiunt,
1936 3174 1975 3231 ut
1991 3162 2085 3257 loco's
2101 3186 2200 3233 com-

167 3283 257 3355 quae
273 3254 466 3329 Christiani
482 3256 644 3330 homines
658 3263 796 3349 legant,
827 3276 862 3332 et
883 3255 1154 3351 Philosophiam
1205 3284 1331 3330 munes
1352 3255 1544 3332 habeamus
1566 3262 1774 3348 instructos,
1801 3286 1842 3331 ex
1865 3263 1998 3356 quihus
2020 3287 2198 3336 sumamus

165 3360 289 3454 procul
312 3362 515 3452 fugiendam
531 3386 604 3431 esse
618 3358 842 3433 Christianis.
891 3360 1014 3455 ltaque
1036 3365 1156 3432 brevi·
1206 3365 1403 3432 orationem
1432 3365 1475 3431 de
1505 3357 1663 3434 honestis
1685 3364 1808 3451 rebus,
1841 3358 1981 3456 quoties
2007 3390 2099 3458 opus
2119 3369 2198 3439 erit·

165 3476 221 3534 ter
245 3458 312 3531 hac
345 3465 389 3532 de
423 3488 459 3531 re
493 3465 701 3535 sententiam
737 3477 893 3532 nostram
928 3487 1154 3554 exponemus.
1203 3462 1436 3537 Namomnia
1465 3467 1671 3557 negociain
1694 3466 1783 3551 vita,
1817 3465 2023 3559 iudicantur
2043 3474 2084 3537 ex
2112 3469 2201 3539 locis

166 3559 396 3655 Philosophia
413 3561 506 3649 nihil
522 3567 684 3636 adfirmat
698 3566 742 3634 de
757 3565 939 3634 voluntate
954 3562 1034 3648 Dei,
1062 3561 1152 3634 nihil
1205 3567 1455 3637 communibus
1485 3569 1658 3638 virtutum
1689 3582 1723 3638 et
1752 3567 1940 3665 vitiorum,
1972 3578 2120 3667 eamque
2150 3570 2201 3657 ob

163 3667 335 3758 praecipit
351 3668 394 3735 de
413 3666 538 3737 timore
554 3682 587 3737 et
600 3667 727 3735 fiducia
744 3666 782 3733 in
798 3664 929 3735 Deum:
967 3660 1053 3735 haec
1071 3692 1153 3757 pro·
1205 3691 1343 3737 causam
1365 3670 1408 3737 ad
1432 3669 1513 3737 illos
1538 3670 1721 3738 reserenda
1743 3674 1795 3738 est
1814 3660 2201 3763 oratio,''de'quocun-

122 3756 123 3759 ¹
163 3769 305 3860 prie'ad
323 3764 556 3857 Evangelium
577 3768 767 3860 pertinent.
818 3766 886 3838 Sed
911 3782 1047 3859 practer
1068 3763 1154 3838 haec
1204 3793 1272 3862 que
1287 3771 1433 3859 negocio
1449 3770 1608 3839 instituta
1624 3770 1741 3844 suerit.
1792 3762 2033 3864 Hiepriihum
2050 3773 2204 3863 'prodest'

163 3870 277 3940 civilis
294 3870 386 3940 vitae
407 3884 611 3963 praecepta,
636 3871 831 3940 necessaria
853 3882 952 3948 sunt,
981 3894 1069 3962 quae
1087 3871 1152 3939 do·
1204 3872 1298 3947 locos
1314 3872 1472 3960 perfecte.
1484 3874 1643 3963 cognitos
1658 3867 1806 3956 habere,
1832 3896 1916 3941 nam
1932 3894 1988 3940 res
1999 3872 2100 3963 'ipsae
2114 3896 2200 3966 per·

163 3986 263 4043 ceant
279 3973 459 4065 quomodo
478 3969 642 4042 homines
660 3974 753 4043 inter
767 3997 803 4041 se
824 3971 1017 4067 tranquille
1035 3973 1152 4041 vivere
1202 3973 1289 4059 fecte
1304 3975 1474 4062 cognitae,
1492 3974 1642 4065 gignunt
1657 3975 1864 4061 orationem,
1884 3974 1944 4043 sed
1962 3975 2073 4065 magis
2088 3970 2200 4046 etiam¹

161 4075 313 4165 possint:
342 4068 427 4140 haec
442 4073 480 4138 iu
497 4068 729 4163 Philosophia
747 4075 955 4157 traduntur,
982 4089 1014 4144 et
1030 4100 1049 4144 a
1066 4075 1152 4143 viris
1203 4076 1346 4162 prodest
1361 4070 1489 4145 habere
1504 4077 1543 4144 in
1561 4090 1729 4168 promptu
1745 4077 1794 4144 sic
1809 4089 1971 4146 tractatas
1994 4090 2030 4147 et
2053 4088 2197 4148 ornatas

163 4172 416 4258 excellentibus
435 4192 557 4239 causae
584 4196 705 4241 eorum
721 4174 766 4240 in
788 4174 925 4261 ratione
939 4176 1074 4262 positae
1090 4178 1152 4243 dc·
1187 4200 1221 4243 ‘a
1244 4172 1432 4263 Cicerone,
1458 4190 1497 4267 ut
1519 4178 1602 4246 inde
1626 4180 1730 4247 verba
1756 4192 1860 4271 atque
1883 4191 2093 4247 ornamenta
2116 4200 2197 4249 mu-

163 4268 464 4362 prehensae'sunt.
515 4268 637 4364 Neque
659 4272 928 4341 existimandum
953 4290 1020 4359 est,
1047 4273 1151 4345 Chri·
1202 4277 1293 4347 tnari
1312 4279 1501 4369 possimus,
1527 4293 1693 4349 antcerte
1710 4278 1854 4350 imitari.
1894 4277 1991 4366 Quid
2008 4281 2109 4353 enim
2124 4278 2196 4371 agit

163 4388 256 4444 stum
275 4372 411 4439 venisse
434 4372 660 4440 inmundum
676 4385 715 4441 ut
733 4368 818 4440 haec
835 4388 1018 4465 praecepta
1035 4378 1150 4445 trade·
1202 4373 1260 4447 hic
1283 4379 1380 4448 aliud
1403 4376 1549 4460 Cicero',
1583 4381 1653 4448 nisi
1677 4396 1716 4451 ut
1739 4383 1835 4451 locos
1864 4405 2093 4463 communes,
2127 4378 2196 4451 hbe

160 4486 232 4558 ret,
257 4471 355 4540 aliud
378 4472 547 4564 quiddam
569 4474 612 4541 de
634 4475 814 4543 voluntate
828 4474 894 4544 Dei
915 4488 948 4544 et
966 4477 1009 4544 de
1023 4477 1149 4548 fiducia
1201 4493 1261 4564 est,
1278 4481 1449 4551 virtutum
1465 4481 1688 4553 definitiones
1701 4482 1904 4572 colligeret?
1922 4485 1964 4551 ad
1982 4508 2070 4575 quas
2087 4507 2194 4555 revo-

160 4576 199 4644 in
214 4573 330 4644 Deum
348 4573 524 4665 exposuit,
552 4598 641 4668 quae
656 4577 746 4645 ratio
767 4570 920 4646 hnmana
937 4601 1012 4646 non
1035 4580 1150 4667 potuit
1200 4584 1309 4650 cienda
1322 4596 1406 4652 sunt
1419 4582 1536 4651 omnia
1554 4586 1670 4683 civilia
1687 4587 1842 4676 negocia,
1861 4587 1904 4653 de
1921 4584 2052 4685 quibus
2069 4585 2197 4656 dicen-

54 4698 66 4715 ‘
161 4670 432 4767 deprehendere.
485 4673 631 4746 Interim
666 4691 783 4746 tamen
819 4693 851 4747 ct
885 4679 1003 4749 civilia
1034 4680 1148 4749 officia
1199 4688 1284 4750 dum
1301 4696 1364 4755 est.
1415 4681 1454 4752 Si
1472 4687 1595 4757 scribis
1608 4688 1810 4778 epistolam,
1835 4686 1872 4753 in
1889 4712 1957 4779 qua
1975 4686 2049 4775 agis
2062 4688 2196 4778 gratias

160 4778 254 4847 vitae
266 4779 439 4868 approbat
454 4774 549 4847 Deus
566 4793 598 4848 et
619 4779 771 4871 requirit
783 4780 826 4849 ab
843 4781 1008 4850 omnibus
1026 4782 1150 4851 aetati·
1200 4783 1311 4852 amico
1336 4786 1426 4853 bene
1443 4787 1486 4854 de
1509 4802 1543 4857 te
1560 4792 1704 4873 merito,
1730 4813 1836 4881 quam
1854 4788 1964 4859 multa
1980 4803 2195 4860 ornamenta

160 4880 248 4963 hus,
281 4874 346 4948 hac
373 4878 560 4970 disciplina
586 4876 765 4950 coherceri
790 4884 866 4952 vult
890 4879 1052 4953 homines
1074 4908 1148 4952 non
1197 4887 1436 4976 suppeditabit
1451 4886 1573 4960 Cicero
1590 4893 1628 4959 in
1642 4892 1704 4959 illo
1721 4891 1809 4974 loco,
1836 4891 1898 4982 qui
1912 4889 2074 4960 continet
2088 4914 2193 4984 prae-

162 4980 265 5049 aliter
293 4994 397 5072 atque
423 4979 697 5071 Magistratuum
731 4984 867 5073 legibus
900 4998 935 5054 et
966 4985 1148 5066 institutis,
1198 5001 1296 5076 cepta
1322 4990 1366 5057 de
1397 4992 1637 5078 gratitudine?
1671 4993 1805 5062 multae
1838 4992 1889 5061 ihi
1922 4990 2194 5077 similitudines,

150 5095 251 5174 'quae
266 5103 345 5151 cum
362 5081 406 5149 iis
421 5085 614 5175 praeceptis
632 5108 794 5174 magnam
820 5080 952 5155 habent
967 5088 1148 5177 cognatio-
1198 5089 1309 5158 multa
1343 5111 1547 5182 argumenta
1577 5107 1661 5162 sunt
1687 5117 1776 5187 quae
1809 5096 1852 5164 ad
1883 5117 1989 5163 usum
2024 5109 2191 5166 nostrum

160 5205 263 5266 nem,
287 5203 372 5250 nam
388 5207 430 5251 ex
445 5183 488 5250 iis
505 5196 671 5276 tanquam
688 5211 728 5256 ex
744 5188 902 5256 sontibus
917 5211 1040 5257 omues
1055 5189 1147 5278 leges
1198 5193 1386 5262 transferre
1410 5217 1606 5285 possumus.
1657 5194 1697 5266 Si
1720 5197 1759 5264 iu
1780 5196 2037 5266 deliberatione
2055 5197 2194 5268 incidat

162 5297 197 5354 et
219 5281 338 5352 omnia
363 5282 439 5350 iura
454 5281 727 5372 Magistratuum
745 5300 826 5357 nata
848 5301 979 5359 suntet
994 5291 1041 5359 ob
1057 5285 1147 5359 hanc
1195 5292 1359 5364 utilitatis
1391 5321 1471 5366 cum
1499 5292 1682 5367 honestate
1708 5298 1909 5383 contentio,
1943 5313 1983 5369 ut
2010 5321 2117 5390 saepe
2141 5299 2192 5382 fit,

160 5407 300 5454 causam
331 5405 492 5471 maguam
519 5378 625 5456 habet
646 5389 835 5459 utilitatem
866 5385 950 5459 haec
973 5391 1146 5472 doctriua,
1195 5417 1302 5485 quam
1319 5398 1428 5467 multa
1444 5398 1536 5465 sumi
1550 5410 1717 5488 poterunt
1732 5424 1773 5469 ex
1788 5400 1892 5471 tertio
1913 5399 2034 5469 libro?
2089 5400 2191 5491 Quid

161 5486 244 5576 quia
264 5508 344 5556 cum
369 5486 532 5558 ostendat
557 5510 677 5558 causas
695 5489 812 5580 legum
835 5505 869 5563 et
890 5491 1026 5585 publici
1047 5492 1147 5579 iuris,
1194 5497 1337 5584 gravius
1359 5500 1398 5570 in
1429 5497 1493 5569 tali
1517 5501 1757 5571 controversia
1786 5501 1857 5571 dici
1887 5514 2003 5592 potest
2036 5499 2190 5575 historia
