4732 6030
143 176 243 255 sose
730 165 895 246 nucu
934 167 1010 246 ou
1048 168 1261 252 aucun
1292 171 1581 258 ausuram.
2073 171 2177 258 sors

137 372 305 445 praeceps
324 348 468 440 lingua,
494 345 556 415 aed
578 343 712 416 crebris
732 344 922 436 gemitibus
944 358 1079 437 repetat
1097 359 1133 417 et
1181 347 1261 418 cilia
1283 350 1475 439 gubernet,
1516 364 1551 421 et
1574 375 1638 425 vos
1660 353 1766 426 iaciat
1788 376 1872 429 vasa
1895 353 2182 445 misericordiae,

138 450 209 525 boc
228 456 364 525 dictum
389 449 478 540 regis
499 443 680 538 losapbat:
720 445 813 517 Cum
838 448 1013 516 nescimus
1043 449 1131 541 quid
1180 451 1349 522 salutaria
1369 453 1492 540 nobis,
1518 450 1699 527 Ecclesiae
1717 470 1754 528 ct
1767 454 2016 550 Reipublicae.
2053 457 2152 531 Dixi.

138 556 186 625 sit
199 557 394 645 agendum,
419 548 511 622 Ecce
525 550 620 620 oculi
637 549 751 619 nostri
764 551 810 619 ad
826 561 860 619 te
879 546 975 619 Deus
994 550 1131 620 tollun-

140 671 212 729 tur.
263 653 311 725 Et
323 655 413 723 illud
436 652 569 721 dictum
585 649 751 720 Domini:
776 648 920 739 Quanto
937 652 1047 740 magis
1068 675 1133 743 pa-

143 772 196 828 ter
210 772 323 828 vester
340 755 499 825 coelestis
516 753 616 822 dabit
634 751 809 844 Spiritum
831 768 992 823 sanctum
1010 768 1132 844 peten-

144 857 266 929 tibus?
306 854 354 929 Et
374 856 464 926 illud
481 852 700 924 Salomonis:
732 853 786 924 Da
802 876 904 924 servo
922 869 983 925 tuo
1000 878 1061 925 cor
1074 855 1133 923 in·
1181 821 1360 949 Q
2004 928 2167 958 m

143 960 321 1048 telligens,
360 972 401 1028 ut
423 956 597 1048 populum
626 968 728 1025 tuum
754 954 910 1026 iudicare
935 955 1062 1047 possit,
1100 971 1133 1028 et

142 1056 342 1130 discerncre
355 1059 450 1128 inter
468 1060 602 1128 bonum
619 1069 653 1126 et
670 1058 815 1132 malum.
1432 1037 1508 1123 De
1537 1041 1692 1153 leyttm
1720 1042 1913 1127 iustitia.

245 1211 329 1282 Non
344 1212 539 1282 existimate
549 1208 765 1295 Stationem,
790 1211 829 1279 in
844 1233 949 1302 quam
957 1206 1055 1282 Deus
1072 1231 1135 1280 vos
1249 1190 1628 1336 ¹¹¹ffiffif‘fflgglv·
1645 1214 1672 1268 Ρ·
1685 1197 1738 1253 ¹4²
1747 1216 1806 1270 ’‘ll·
1837 1199 1956 1260 ⁸“V‘⁸¹·
1968 1200 2001 1262 Τ·
2016 1202 2064 1264 ¹V·
2077 1224 2103 1299 l'·
2117 1209 2176 1266 1³⁰·

146 1314 355 1385 collocatio
381 1312 654 1402 gubernatione,
687 1312 813 1381 ludum
841 1335 928 1384 esse.
985 1311 1135 1405 Specula

144 1417 281 1534 generis
298 1410 447 1533 immani
461 1428 542 1532 θεῖτ’
557 1427 590 1482 θῑ
604 1436 667 1532 513⁸
683 1410 1046 1533 νῦῙῑΡῗῦἣωῦῑθάθδ
1061 1435 1135 1536 {⁸⁸²
1184 1442 1313 1513 Oratio
1342 1437 1388 1510 de
1414 1440 1540 1536 legum
1569 1441 1720 1529 isssts'ce'u
1747 1449 1785 1513 et
1810 1440 2036 1538 disciplinae
2064 1476 2180 1546 prue-

146 1518 346 1608 rebgronrs,
373 1516 508 1606 legum,
532 1529 710 1600 rusticias,
736 1516 942 1606 disciplinae
958 1531 993 1588 et
1008 1537 1113 1609 pacis.
1326 1546 1473 1613 ,ganisa
1493 1547 1797 1616 00213003351010,
1848 1538 1915 1619 An,
1934 1554 2027 1624 1552,

247 1664 344 1736 Hm
367 1668 500 1756 ⁰ptim³
523 1666 617 1734 ‘¹⁰⁰³
638 1689 720 1734 Μ
743 1667 1021 1755 gub⁰¹¹¹³¹⁰m¹¹¹
1039 1665 1136 1788 ΒΨ
1184 1691 1269 1778 Etsi
1298 1702 1587 1782 honestissimum
1624 1723 1696 1797 est,
1743 1725 1779 1783 et
1810 1711 1899 1784 utile
1928 1711 2179 1812 Reipublicae,

146 1769 275 1885 tribuit
298 1768 418 1855 generi
444 1763 628 1884 hum³¹¹92
665 1764 738 1835 V⁰⁵
760 1766 867 1886 issflm
890 1793 1025 1840 ⁸⁰¹¹¹¹¹¹³
1045 1794 1136 1889 vrgi—
1185 1808 1372 1902 praecipue
1388 1834 1488 1883 senes
1502 1834 1543 1882 ac
1557 1828 1800 1904 praeceptores
1814 1815 1971 1888 iudicare
1987 1823 2033 1892 de
2048 1828 2178 1897 studiis

147 1870 258 1938 lanua
271 1880 304 1936 ⁸2
320 1867 442 1986 fidffit
459 1880 640 1937 mianum·
692 1865 953 1987 N⁰¹¹J¹¹¹P⁶¹¹³t
968 1893 1031 1942 νο*
1044 1872 1136 1991 ,lm
1184 1910 1400 1997 auditorum,
1421 1925 1456 1985 et
1468 1913 1764 2006 plusautoritatis
1780 1928 1832 1987 est
1844 1917 1884 1986 in
1900 1921 2105 1996 testimonio
2120 1952 2177 1999 se-

146 1983 198 2040 tas
214 1973 258 2039 ad
272 1969 523 2088 ambrtronem,
548 1970 640 2038 etad
657 1970 895 2088 adulationes:
929 1996 1003 2041 non
1020 1988 1137 2043 vincat
1185 2012 1270 2082 nm,
1295 2027 1414 2085 tamen
1438 2015 1662 2086 excusatione
1680 2017 1823 2103 matis,
1847 2025 2122 2115 occupationum
2145 2046 2179 2102 et

146 2086 277 2189 melus,
311 2084 351 2142 ¹11
373 2084 524 2188 ¹¹¹¹ufl³²
548 2084 743 2187 ⁸?”l‘mffie
767 2073 1041 2194 ‘Pl'mben'fm
1062 2096 1137 2145 '¹⁰¹¹
1186 2111 1383 2189 moestitiae
1399 2116 1453 2188 uti
1471 2128 1649 2208 poteram,
1675 2141 1721 2188 ne
1737 2114 1828 2189 mihi
1845 2115 1904 2191 bic
1917 2124 2021 2197 labor
2036 2131 2178 2222 publice

148 2176 249 2257 odra,
276 2196 350 2241 uon
365 2173 691 2290 studraofactronnm
709 2174 903 2245 accendant
917 2199 1071 2296 ammos,
1096 2188 1138 2247 ut
1185 2215 1328 2285 dicendi
1342 2217 1596 2308 imponeretur,
1629 2217 1785 2289 Memini
1797 2243 1918 2292 ,emm
1934 2235 2177 2304 venerandum

147 2288 254 2344 ruant
270 2286 393 2344 contra
408 2285 605 2358 rustrcram,
631 2285 666 2342 et
681 2289 830 2364 augeant
846 2275 937 2346 mala
954 2278 1104 2368 publica.
1186 2318 1365 2389 doctorem
1388 2316 1548 2411 Effinge,
1569 2321 1608 2390 gn
1630 2317 1824 2394 Academia
1842 2322 2086 2419 Tuffingeffl,
2113 2337 2178 2427 qui

247 2425 400 2516 Magnae
424 2426 854 2515 suessionensibus,
886 2430 949 2524 qus
971 2431 1137 2524 dissipari
1185 2442 1299 2488 annos
1320 2420 1578 2513 quinquagina
1604 2444 1664 2490 ⁵²¹
1683 2423 1827 2514 pentae
1850 2427 1987 2502 docuit:
2020 2431 2069 2504 Et
2092 2459 2174 2505 cum

145 2550 255 2617 genus
274 2524 470 2597 humanum
492 2541 651 2602 conatur.
711 2527 844 2619 Magna
861 2533 977 2601 rabies
994 2548 1044 2605 est
1059 2535 1135 2604 dia·
1185 2533 1330 2613 propter
1358 2536 1504 2592 naturae
1528 2523 1725 2594 bonitatem
1755 2538 1791 2597 et
1813 2533 2096 2618 temperantiam,
2134 2551 2174 2608 et

147 2630 332 2714 boiorum,
359 2630 420 2723 qni
444 2629 527 2699 odio
544 2626 611 2697 Dei
634 2628 815 2700 saevitiam
834 2647 997 2705 exercent
1014 2649 1136 2707 contra
1187 2634 1300 2692 totum
1315 2621 1407 2692 vilae
1421 2622 1585 2692 ⁰rdi¹¹0¹¹¹
1606 2625 1699 2695 *51⁸⁸
1722 2628 1875 2719 001901'5‘
1896 2622 2045 2705 haberet
2066 2637 2176 2707 eliam

146 2725 237 2799 hanc
260 2731 440 2801 infirmam
458 2725 646 2799 hominum
664 2745 836 2806 naturam,
891 2731 974 2804 ideo
991 2735 1067 2806 giris
1082 2737 1137 2806 vi.
1185 2723 1224 2793 in
1240 2737 1379 2794 senecta
1395 2724 1514 2793 minus
1528 2725 1782 2816 languefact'as,
1804 2751 1879 2797 nou
1896 2731 2018 2805 omisit
2033 2735 2175 2826 legendi

146 2832 364 2920 gilantiores.
423 2826 556 2926 Aliqua
582 2857 623 2901 ex
649 2832 808 2924 partein
832 2849 945 2908 vestra
968 2852 1136 2929 potestate
1188 2837 1221 2895 el
1239 2824 1479 2917 Νψῡΰᾶθῦἆὶ
1495 2825 1666 2900 l³b⁰¹⁶¹¹b
1720 2827 1791 2900 Sed
1811 2829 1899 2900 viiii
1918 2831 1977 2903 ille
1997 2834 2036 2904 in
2052 2835 2174 2930 Repu.

146 2945 217 3016 est,
243 2948 283 3004 ut
302 2956 466 3004 normam
492 2934 608 3023 legum
630 2935 844 3028 sequamini:
871 2951 905 3011 et
928 2939 1057 3034 aliquis
1081 2941 1137 3011 lo-
1185 2926 1399 3020 tranquilla,
1429 2949 1469 2997 ac
1492 2927 1643 3000 florente
1663 2930 1782 3022 potius
1796 2928 2010 3019 Germania,
2037 2937 2172 3032 inqua

145 3058 206 3103 cus
229 3048 282 3106 est
305 3035 509 3125 diligentiae
538 3049 674 3107 vestrae
696 3034 735 3106 in
757 3036 925 3111 discendo
950 3055 983 3112 21
1004 3040 1042 3112 in
1066 3043 1136 3113 ste.
1186 3027 1392 3119 Principum
1405 3029 1691 3101 coniunctionem
1700 3031 2176 3125 sapientertuebaturMari-

148 3136 276 3204 nandis
292 3137 487 3209 affectibus,
1185 3128 1355 3199 milianus
1370 3129 1462 3223 Imp.
1500 3127 1548 3202 Et
1564 3131 1730 3224 inprimit
1743 3135 1892 3208 florebat
1908 3138 2177 3211 ducatusWir-

1185 3231 1419 3321 tebergeusis,
1453 3232 1591 3321 legibus
1611 3247 1645 3305 et
1666 3233 1853 3327 disciplina
1874 3238 1979 3309 ducis
1999 3236 2175 3313 Eberardi

1186 3331 1364 3423 Principis
1379 3334 1659 3410 moderatissimi.
1698 3329 1781 3405 Non
1796 3336 1888 3408 vidit
1901 3338 1966 3410 ille
1980 3364 2086 3412 senex
2101 3347 2176 3413 dis-

1186 3434 1278 3504 sidia
1297 3436 1504 3530 dogmatum
1528 3436 1565 3505 in
1587 3433 1761 3522 Ecclesia,
1777 3434 1862 3506 'non
1882 3441 2068 3514 seditiosas
2089 3469 2175 3515 con-

1186 3535 1397 3627 spirationes
1419 3534 1627 3630 Principum
1652 3552 1773 3609 contra
1798 3537 2071 3631 Imperatorem,
2100 3570 2176 3616 non

1186 3638 1451 3728 peregrinarum
1464 3640 1622 3729 gentium
1638 3639 1811 3712 exercitus
1823 3640 1863 3709 iu
1875 3639 2086 3717 Germania:
2111 3653 2177 3718 sed

1186 3762 1267 3809 cum
1289 3741 1478 3815 mediocris
1504 3755 1591 3812 esset
1613 3742 1832 3833 reipublicae
1853 3747 2106 3841 tranquillitas,
2137 3763 2174 3819 et

1186 3841 1398 3911 domesticae
1427 3865 1484 3911 res
1513 3845 1591 3912 sina
1615 3843 1748 3933 insigni
1779 3845 1992 3932 calamitate,
2029 3849 2171 3940 placide

247 3941 493 4014 Certissimum
519 3955 589 4027 est,
624 3943 781 4012 exaudiri
807 3957 887 4015 vota
918 3958 953 4017 et
983 3945 1134 4035 gemitus
1185 3942 1370 4013 fruebatur
1394 3944 1520 4015 studiis
1543 3947 1727 4016 doctrinae
1749 3968 1849 4018 suae:
1884 3948 2032 4018 leniebat
2058 3949 2175 4018 etiam

145 4059 295 4116 nostros.
347 4044 417 4116 Sed
446 4057 624 4136 petamus,
652 4068 724 4113 non
750 4058 789 4115 nt
813 4045 898 4116 vitia
921 4062 981 4118 aut
1003 4050 1133 4118 scelera
1185 4068 1288 4115 curas
1307 4045 1506 4137 precatione
1532 4061 1566 4117 et
1591 4049 1805 4139 cogitatione
1830 4052 1874 4117 de
1891 4046 1978 4117 Deo.
2030 4046 2176 4121 llabuit

145 4149 415 4217 confirmentur:
451 4147 510 4213 sed
537 4157 577 4213 ut
594 4160 847 4216 conserventur
866 4144 1043 4233 Ecclesia,
1075 4173 1134 4219 so·
1184 4161 1218 4217 et
1233 4148 1355 4218 solatia
1371 4147 1561 4217 domestica
1584 4174 1657 4219 non
1681 4149 1834 4240 ingrata,
1857 4151 1947 4219 duos
1969 4149 2063 4219 filios
2083 4151 2176 4221 iuris

142 4249 249 4317 cietas
267 4248 422 4338 politica,
449 4232 606 4325 iusticia,
631 4247 835 4336 disciplina,
859 4273 943 4339 pax,
970 4250 1133 4320 salutaris
1183 4251 1362 4319 doctores:
1390 4263 1487 4320 etex
1510 4245 1565 4319 his
1587 4251 1812 4322 dulcissimos
1836 4263 1956 4332 natos,
1982 4253 2046 4344 qui
2063 4277 2175 4322 avum

141 4349 351 4439 gubernatio
376 4348 517 4438 publica
542 4363 575 4419 et
600 4349 746 4438 privata.
796 4346 899 4419 Hanc
915 4351 1132 4421 admonitio·
1182 4351 1443 4424 comitabantur
1472 4368 1612 4424 euntem
1642 4353 1679 4420 in
1714 4347 1877 4438 hortum,
1910 4353 1948 4422 in
1975 4368 2176 4450 quoerant

142 4475 241 4535 nem,
262 4475 367 4544 quam
391 4451 427 4518 in
444 4446 509 4518 bac
529 4449 669 4538 publica
687 4449 955 4521 renunciatione
971 4452 1131 4524 testimo·
1182 4475 1371 4544 operarum
1388 4454 1485 4524 socii.

140 4553 193 4623 nii
209 4557 376 4623 mandato
394 4550 538 4633 divino,
565 4563 599 4621 et
614 4550 761 4620 nomine
775 4548 1008 4644 Reipublicae
1030 4554 1130 4623 vobis

141 4678 315 4747 propono,
341 4667 455 4725 tenete
472 4651 614 4721 infixam
633 4653 779 4731 animis,
806 4665 840 4724 et
854 4678 957 4746 saepe
970 4655 1132 4745 cogitate,

140 4769 173 4824 et
190 4759 233 4825 ad
250 4783 325 4827 eam
342 4755 485 4848 dirigite
501 4752 646 4825 consilia
665 4768 700 4826 et
715 4754 870 4828 actiones
888 4771 1027 4828 vestras.

249 3285 319 3356 Sed
349 3284 495 3374 adiungi
527 3300 665 3375 oportet
693 3288 954 3360 invocationem
976 3290 1061 3362 Dei:
1101 3308 1135 3365 et

146 3388 312 3481 promisit
333 3385 429 3458 Deus
455 3409 495 3455 se
515 3401 610 3457 certo
634 3386 892 3478 opitulaturum
925 3414 997 3460 esse
1023 3397 1137 3479 nobis,

145 3489 396 3560 invocantibus
429 3512 511 3559 eum
539 3490 633 3558 bona
659 3489 890 3560 conscientia:
926 3516 1016 3584 quaa
1042 3510 1136 3565 certe

144 3595 243 3683 sugat
264 3591 459 3662 affectatam
483 3589 731 3679 negligentiam
758 3603 792 3660 et
817 3593 1013 3684 perfidiam.
1077 3596 1136 3668 si.

146 3706 205 3765 cut
226 3693 395 3784 scriptum
418 3703 485 3761 est:
519 3690 560 3762 Si
583 3691 668 3784 quid
690 3693 844 3783 petimus
859 3699 1054 3768 secundum
1070 3723 1136 3769 vo·

145 3796 317 3866 luntatem
335 3794 430 3878 eius,
456 3793 557 3864 audit
576 3815 652 3867 nos.

1282 4600 1358 4695 Ego
1373 4627 1452 4673 cum
1469 4605 1539 4673 iam
1554 4598 1621 4671 Dei
1638 4603 1810 4675 beneficio
1827 4604 2005 4694 ingressus
2019 4606 2086 4676 sim
2104 4633 2174 4677 an·

1180 4729 1266 4774 num
1300 4710 1493 4776 secundum
1524 4717 1557 4774 et
1590 4705 1908 4797 septuagesimum,
1938 4732 2018 4778 cum
2048 4723 2083 4779 et
2106 4713 2177 4780 ‹lo-

616 4877 619 4881 .
1179 4809 1303 4893 cendi,
1352 4822 1388 4879 et
1420 4807 1657 4896 respondendi
1690 4807 1938 4878 adsiduitatem
1964 4811 2178 4897 sustineam,

236 4902 314 4976 Oro
330 4924 445 4980 autem
463 4907 598 4997 Deum,
625 4919 808 4976 aeternum
831 4921 964 4998 patrem
980 4907 1128 4979 Domini
1178 4924 1310 5002 quanta
1332 4909 1371 4978 in
1391 4908 1569 4978 moesticia
1593 4907 1696 4978 sum?
1728 4904 1859 4990 lncidit
1875 4911 1969 4979 enim
1987 4907 2074 4982 baec
2092 4937 2176 4984 mea

14 5088 25 5109 ·
137 5023 171 5079 et
186 5008 494 5080 salvatorisnostri
510 5011 589 5079 lesu
604 5002 759 5095 Christi,
784 5011 1004 5080 conditorem
1021 5035 1126 5102 gene·
1177 5025 1332 5082 senectas
1354 5009 1392 5077 in
1413 5032 1559 5098 magnas
1578 5004 1754 5079 Ecclesiae
1776 5024 1810 5081 et
1833 5011 2064 5101 imperiorum
2084 5037 2179 5085 con-

135 5112 184 5180 ris
216 5105 364 5198 humani
398 5124 432 5180 et
463 5112 615 5182 aliarum
640 5124 902 5192 creaturarum,
941 5137 1012 5182 una
1044 5137 1125 5182 cum
1175 5112 1348 5191 fusiones,
1398 5135 1548 5203 quarum
1584 5113 1798 5200 cogitatione
1832 5113 1934 5182 valde
1974 5120 2177 5191 excrucior.

133 5213 206 5282 lilio
231 5236 295 5284 suo
319 5204 476 5282 Domino
503 5227 624 5284 nostro
651 5209 731 5283 Iesu
755 5207 901 5283 Christo
926 5225 962 5283 et
987 5213 1125 5305 Spiritu
1174 5211 1243 5282 Sed
1263 5210 1328 5283 hac
1345 5236 1400 5282 me
1416 5213 1659 5284 consolatione
1675 5214 1793 5298 firma,
1820 5227 1853 5284 et
1869 5239 2098 5309 nequaquam
2124 5222 2180 5288 ir-

131 5336 195 5384 suo
213 5327 351 5400 sancto,
375 5326 450 5386 toto
469 5326 630 5402 pectore,
657 5328 697 5385 ut
710 5329 823 5386 vestra
841 5315 958 5385 studia
981 5328 1015 5385 et
1036 5339 1122 5385 con-
1174 5314 1262 5395 rita,
1289 5315 1386 5405 erigo
1402 5328 1436 5386 et
1451 5328 1633 5401 sustento,
1652 5315 1749 5408 quod
1766 5313 1840 5386 scio
1856 5314 1969 5388 filium
1985 5314 2068 5400 Dei,
2095 5317 2177 5392 Do-
