4732 6030
223 339 310 414 ’447
839 327 999 408 DECL.
1030 326 1104 404 DE
1137 325 1282 404 VITA
1313 328 1652 410 AUGUSTINI.
2186 348 2260 422 448

237 529 357 588 torum
385 505 585 583 Ecclesiae?
637 502 737 592 Quae
768 527 848 573 cum
880 486 1074 575 ostendunt
1103 503 1221 596 qualia
1270 518 1384 576 ctores
1412 517 1619 596 propugnat.
1677 497 1768 574 Earn
1795 509 1995 581 orationem
2026 538 2102 586 uon
2136 522 2264 595 dubito

238 619 370 688 fuerint
385 611 562 683 doctrinae
580 606 790 690 certamina,
815 607 969 675 formant
983 606 1222 676 studiosorum
1271 606 1487 697 complexam
1502 629 1575 676 esse
1591 619 1625 676 et
1640 602 1833 698 Augustini
1848 612 1989 700 laudes,
2009 631 2044 688 et
2056 621 2264 697 universam

239 718 388 792 iudicia,
422 732 555 801 nosque
576 711 618 777 de
639 705 814 776 Ecclesiae
838 708 1002 799 periculis
1019 709 1223 788 admonent,
1271 707 1449 779 Ecclesiae
1464 731 1623 793 causam,
1648 733 1737 801 quae
1753 713 1782 779 si
1798 725 1951 799 extaret,
1974 717 2052 789 iure
2067 723 2264 817 vituperari
2353 720 2357 724 ⁶

240 834 274 889 α
289 814 447 885 discendi
469 835 588 880 euram
613 811 817 879 exuscitant.
877 805 931 877 Ac
950 804 1225 901 praecipueAu-
1272 832 1428 902 possem,
1451 808 1482 878 si
1491 810 1585 878 idem
1595 826 1842 899 argumentum
1855 829 2010 888 retexere
2023 843 2128 894 ausus
2141 851 2265 898 essem.

239 916 372 1009 gustini
386 913 629 984 contentiones
644 912 801 1001 exemplo
818 933 891 979 esse
904 923 1068 1001 possunt,
1095 924 1225 1002 quanta
1274 910 1344 981 Sed
1367 909 1451 1003 (luia
1472 911 1711 993 d⁸³id⁰m¹¹¹f³
1743 937 1846 1006 sP⁸¹⁰
1877 939 1943 986 ‘¹⁰⁸
1966 917 2058 991 mihi
2080 930 2268 1019 ³0q⁰l⁰f²³

239 1018 420 1091 dominae
431 1016 597 1084 variam
611 1026 645 1083 et
659 1012 777 1103 copia,
799 1012 1121 1105 quantavigilantia
1137 1032 1226 1101 opus
1272 1012 1361 1084 fore.
1410 1006 1505 1081 Amo
1519 1013 1635 1081 studia
1649 1035 1827 1085 sacrarum
1842 1017 2047 1104 literarum,
2073 1040 2107 1097 et
2122 1044 2268 1122 propter

239 1122 286 1191 ,ir
311 1120 372 1203 iis,
407 1117 527 1209 quiin
550 1111 617 1184 hoc
639 1113 1049 1183 muncreunoomnium
1071 1111 1227 1182 interris
1274 1108 1360 1182 haec
1380 1106 1620 1201 Augustinum
1644 1116 1813 1187 admiror.
1864 1117 1986 1206 Quare
2003 1126 2048 1194 de
2065 1150 2107 1196 eo
2124 1133 2266 1220 potissi·

239 1222 392 1291 marimo
408 1218 603 1286 difficilimo
623 1230 825 1299 versantur,
851 1214 1014 1283 videlicet
1036 1214 1075 1281 in
1093 1210 1228 1282 diiudi-
1276 1237 1373 1284 mum
1390 1213 1496 1283 libuit
1512 1214 1647 1297 dicere,
1674 1240 1753 1287 cum
1769 1219 1845 1288 dies
1861 1221 1893 1289 ei
1913 1223 2051 1296 dicatus
2067 1252 2125 1297 me
2140 1254 2264 1322 nuper,

241 1325 379 1395 catione
409 1333 445 1390 et
469 1318 724 1408 gubernatione
756 1315 936 1385 doctrinae
966 1315 1226 1384 ecclesiasticae.
1275 1328 1315 1385 ut
1330 1316 1374 1382 de
1396 1315 1472 1383 eius
1493 1316 1565 1386 vita
1582 1331 1617 1386 et
1634 1319 1886 1390 certaminibus
1902 1326 2092 1414 cogitarem
2114 1332 2264 1423 diligen-

241 1424 379 1496 Lucent
400 1422 439 1488 in
463 1422 533 1488 illis
549 1418 800 1489 certaminibus
816 1418 972 1507 exempla
988 1411 1116 1486 harum
1132 1438 1228 1484 com·
1277 1417 1364 1500 tius,
1389 1417 1639 1487 admonuisset.
1693 1417 1808 1491 Venio
1825 1423 1934 1514 igitur
1948 1428 1992 1495 ad
2008 1423 2208 1504 historiam.

72 1540 75 1565 '
113 1521 120 1530 ’
242 1526 406 1597 munium
440 1521 601 1604 artium,
635 1543 724 1611 qnae
758 1519 932 1587 iuventuti
967 1530 1230 1609 proponuntur,
1377 1513 1490 1586 Natus
1511 1531 1563 1588 est
1585 1513 1808 1608 Augustinus
1832 1520 1981 1597 honesto
1997 1529 2075 1601 loco
2091 1532 2129 1600 in
2145 1536 2265 1606 muni-

243 1652 351 1722 quare
371 1647 444 1693 non
470 1635 520 1690 est
538 1619 845 1709 intempestivum,
870 1644 956 1688 cum·
968 1622 1012 1688 de
1029 1618 1159 1689 nostris
1173 1642 1230 1687 ar·
1278 1617 1370 1709 cipio
1393 1615 1580 1702 Africano,
1609 1623 1705 1711 quod
1728 1624 1803 1714 ipse
1824 1623 2009 1716 Tagastam
2032 1647 2151 1719 vocat,
2184 1638 2265 1729 opi-

243 1730 339 1800 tibus
354 1725 425 1794 dici
440 1724 548 1806 solet,
572 1724 756 1812 decerpere
771 1721 904 1814 aliquid
928 1744 968 1790 er
991 1719 1230 1790 ecclesiasticis
1278 1743 1347 1789 nor
1368 1732 1485 1788 autem
1509 1714 1722 1792 Thebestam
1748 1749 1767 1795 a
1792 1722 1993 1799 Ptolemaeo
2019 1736 2156 1820 vocari,
2187 1761 2264 1807 non

243 1828 418 1912 materiis,
466 1823 667 1913 praesertim
698 1845 778 1890 cum
811 1822 931 1890 omnia
963 1823 1078 1911 studia
1110 1834 1230 1889 nostra
1279 1819 1404 1912 procul
1426 1820 1615 1893 distantem
1644 1846 1664 1891 a
1689 1822 1877 1898 Madauro.
1935 1827 2101 1903 Parentes
2118 1837 2263 1908 fuerunt

188 1982 192 1989 1
244 1931 430 2024 praecipue
445 1927 595 1995 debeant
616 1948 657 1992 eo
673 1937 847 2015 spectare,
871 1937 911 1993 ut
926 1945 991 1991 nos
1005 1923 1231 2006 instruamus,
1280 1920 1454 1991 Patricius
1467 1933 1502 1991 et
1516 1919 1681 2009 Monica,
1705 1922 1928 1999 Christianae
1942 1932 2105 2022 religioni
2120 1938 2266 2024 addicti,

244 2046 286 2106 ut
306 2028 481 2104 Ecclesiae
512 2026 592 2095 usui
617 2049 688 2094 esse
711 2025 896 2114 possimus.
953 2023 1023 2093 llic
1042 2024 1141 2108 linis,
1171 2016 1231 2091 hic
1280 2023 1344 2092 etsi
1359 2035 1458 2113 pater
1471 2044 1549 2092 sero
1563 2027 1685 2095 matris
1699 2029 1828 2119 pietate
1842 2032 1888 2100 ad
1901 2026 2036 2106 Christi
2048 2037 2266 2126 agnitionem

245 2138 373 2226 scop‘us
400 2129 567 2200 omnibus
593 2129 696 2197 bonis
722 2126 899 2197 mentibus
928 2126 1128 2217 propositus
1159 2147 1231 2193 esse
1280 2136 1475 2216 pertractus
1498 2137 1568 2206 est,
1600 2126 1657 2195 vir
1674 2129 1809 2222 alioqui
1831 2133 1964 2221 gravis,
1995 2130 2162 2208 honestos
2180 2141 2268 2210 etin

245 2237 361 2308 debet.
414 2232 532 2322 Quare
547 2254 647 2323 spero
665 2252 729 2297 vos
742 2253 816 2298 non
830 2229 1031 2319 improbare
1040 2224 1108 2296 hoc
1124 2248 1232 2315 genus
1281 2225 1406 2317 primis
1425 2226 1581 2295 liberalis
1600 2226 1639 2295 in
1658 2230 1821 2301 fovendis
1839 2233 1904 2302 lilii
1918 2236 2065 2321 studiis,
2089 2254 2130 2311 ut
2143 2237 2268 2331 Augu-

246 2350 546 2428 argumentorum.
588 2331 802 2423 Quanquam
815 2343 931 2401 autem
947 2330 1049 2398 video
1063 2327 1231 2419 prolixio-
1281 2327 1394 2397 stinus
1417 2327 1491 2417 ipse
1514 2330 1703 2418 praedicat.
1754 2331 1884 2403 Matris
1901 2359 1985 2406 vero
2003 2361 2127 2428 magua
2157 2345 2268 2431 pietas

246 2464 321 2509 rem
346 2460 417 2507 esse
437 2433 629 2522 Augustini
649 2429 851 2512 historiam,
886 2454 991 2523 quam
1009 2445 1050 2502 ut
1066 2424 1125 2498 hic
1143 2428 1234 2498 reci·
1282 2443 1316 2499 et
1338 2429 1510 2498 excellens
1535 2429 1574 2497 in
1597 2433 1696 2500 omni
1718 2446 1901 2506 matronae
1927 2438 2042 2508 officio
2056 2441 2168 2510 virtus
2188 2443 2269 2512 fuis.

244 2540 313 2612 tari
339 2550 412 2608 tota
433 2535 561 2627 possit,
586 2534 723 2603 etiamsi
736 2533 844 2601 velim
867 2557 942 2600 eam
958 2535 1090 2601 nudam
1108 2544 1142 2601 et
1157 2530 1233 2599 sine
1282 2526 1422 2600 Omitto
1440 2524 1518 2615 hic,
1544 2555 1635 2623 quae
1650 2534 1695 2603 de
1711 2557 1794 2605 suae
1808 2537 1984 2628 puericiae
2002 2541 2160 2611 moribus
2177 2543 2268 2612 reci-

244 2641 329 2711 ullis
344 2637 561 2708 ornamentis
577 2658 785 2727 proponere.
837 2632 972 2703 Verum
987 2634 1026 2702 in
1042 2627 1108 2702 hac
1123 2645 1234 2702 mate·
1281 2643 1332 2702 tat
1355 2631 1445 2723 ipse,
1469 2655 1559 2723 quae
1580 2638 2061 2710 suntcommuniaomnibus
2080 2642 2268 2713 etiambo-

246 2743 300 2814 ria
315 2763 457 2834 quoquo
471 2739 578 2806 modo
595 2738 775 2806 elaborare
790 2735 890 2826 pium
913 2758 985 2803 esse
1004 2738 1110 2804 duco:
1137 2734 1233 2826 quod
1282 2733 1339 2801 nis
1363 2733 1534 2821 ingeniis,
1567 2735 1632 2803 etsi
1654 2735 1767 2807 voluit
1780 2730 1836 2806 his
1855 2740 2025 2831 exemplis
2042 2741 2268 2814 imbecillita-

246 2843 277 2914 si
293 2867 356 2912 vos
373 2864 514 2934 quoque
528 2839 687 2922 sentitis,
712 2849 752 2906 ut
767 2836 940 2922 arbitror,
965 2851 1046 2927 peto
1064 2829 1153 2903 mihi
1174 2858 1234 2903 ve·
1283 2848 1353 2904 tem
1375 2828 1520 2902 humani
1543 2837 1682 2924 generis
1706 2837 1909 2929 depingere3
1943 2843 2002 2909 sed
2034 2837 2181 2912 humani
2205 2868 2267 2934 ge-

247 2946 343 3015 niam
366 2942 462 3021 dari,
493 2942 590 3034 quod
613 2938 781 3008 orationis
803 2961 928 3007 sonum
951 2962 990 3007 ac
1010 2937 1234 3028 splendorem
1283 2936 1379 3005 neris
1394 2936 1573 3025 corruptio
1590 2932 1695 3007 habet
1708 2939 1796 3010 alios
1809 2939 1959 3010 maiores
1974 2944 2131 3029 morbos,
2158 2971 2267 3040 quam

247 3072 322 3116 non
346 3044 515 3126 adhibeo,
548 3065 652 3134 quem
681 3039 829 3110 varietas
851 3039 1049 3128 argumenti
1072 3039 1235 3128 postulat.
1284 3036 1335 3108 ibi
1352 3051 1587 3112 recensentur.
1637 3038 1763 3110 Dicam
1784 3041 1912 3132 igitur,
1933 3055 1975 3112 ut
1989 3045 2106 3135 coepi,
2130 3049 2174 3115 de
2191 3049 2267 3116 eius

247 3145 330 3216 Non
344 3146 458 3213 solum
481 3138 738 3232 pulcherrimae
760 3140 907 3211 virtutes
924 3141 1010 3210 boni
1025 3140 1187 3211 Doctoris
1200 3152 1236 3209 et
1284 3139 1424 3211 studiis.

156 3332 160 3337 Ι
249 3243 493 3339 gubernatoris
515 3240 691 3311 Ecclesiae
713 3239 771 3311 lric
785 3244 1035 3311 monstrandae
1053 3255 1173 3326 erant,
1201 3253 1236 3311 et
1382 3238 1574 3332 Postquam
1591 3239 1690 3309 dorni
1705 3241 1861 3331 percepit
1876 3241 2160 3334 Grammaticen,
2186 3252 2272 3320 mis·

249 3348 409 3422 oratione
426 3344 677 3425 illustrandae,
701 3342 881 3411 sedetiam
897 3367 1025 3433 magno
1040 3357 1141 3413 motu
1156 3342 1236 3411 aoi—
1285 3362 1343 3411 sus
1359 3342 1467 3410 estad
1484 3336 1694 3411 Rhetorices
1711 3340 1923 3431 professores
1940 3346 1979 3413 in
1997 3350 2172 3438 oppidum
2190 3350 2272 3421 Ma-

249 3452 300 3523 mi
317 3446 533 3539 deploranda
555 3441 733 3513 Ecclesiae
749 3442 947 3526 calamitas,
972 3446 1065 3536 quod
1085 3444 1148 3511 diu
1165 3444 1234 3511 iam
1284 3443 1455 3524 daurom,
1487 3443 1582 3532 quod
1608 3466 1628 3511 a
1652 3437 1828 3512 Thebesta
1852 3445 1955 3515 distat
1982 3449 2182 3521 miliaribus
2205 3477 2274 3523 no·

249 3577 315 3646 pro
339 3547 548 3638 Augustinis
571 3558 719 3634 regnant
747 3542 951 3629 Pontifices,
991 3541 1171 3634 Caligulae
1202 3557 1236 3613 et
1284 3545 1365 3614 stris
1387 3543 1516 3632 opinor
1539 3557 1682 3635 septem.
1739 3541 1932 3635 Praecipua
1957 3559 2043 3618 tunc
2071 3551 2109 3619 in
2140 3547 2270 3624 scholis

139 3727 142 3731 ,
247 3653 425 3735 Nerones,
447 3663 481 3718 et
495 3647 644 3718 extincta
659 3646 767 3715 veteri
778 3646 958 3729 doctrina,
977 3670 1017 3714 ac
1030 3642 1236 3723 luceEvan·
1285 3668 1368 3716 cura
1396 3657 1470 3714 erat
1491 3646 1713 3714 adsuefacere
1743 3647 1981 3717 adolescentes
2002 3652 2045 3720 ad
2071 3653 2271 3722 declaman-

248 3756 351 3846 gelii,
373 3749 571 3822 horrendae
587 3749 751 3818 tenebrae
766 3743 958 3816 Ecclesiam
977 3762 1236 3837 oppresserunt.
1286 3748 1370 3816 dum
1397 3747 1496 3814 etad
1519 3746 1790 3835 extemporalem
1813 3747 2025 3821 facundiam.
2076 3750 2119 3820 ln
2139 3777 2179 3822 eo
2207 3776 2270 3843 ge-

247 3856 418 3929 Doctrina
434 3854 477 3922 de
501 3852 568 3920 lide
584 3863 617 3920 et
633 3874 713 3918 vera
730 3848 953 3918 invocatione
969 3844 1104 3919 Christi
1123 3850 1236 3918 deleta
1285 3872 1369 3917 nere
1393 3870 1474 3916 cum
1499 3847 1710 3939 aliquandiu
1732 3848 1939 3919 exercitatus
1961 3864 2048 3922 esset
2074 3866 2108 3923 et
2132 3855 2272 3923 foelici-

125 3978 128 3982 ’
249 3974 320 4043 est,
351 3954 515 4026 idolatria
539 3952 721 4021 manifesta
746 3962 901 4041 recepta,
933 3964 967 4021 et
987 3951 1026 4018 io
1049 3945 1186 4020 scholas
1202 3964 1237 4021 ει
1286 3963 1339 4020 ter
1366 3950 1613 4037 promovisset,
1654 3946 1904 4039 Carthaginem
1931 3953 2100 4039 mittitur,
2133 3979 2222 4046 quae
2249 3980 2272 4026 a

249 4052 438 4133 conciones
452 4057 608 4123 invectae
623 4067 705 4122 sunt
719 4052 849 4141 impiae
870 4051 1111 4141 persuasiones
1124 4052 1237 4143 pluri·
1286 4049 1462 4122 Madauro
1479 4051 1575 4119 abest
1590 4051 1728 4119 circiter
1744 4053 1863 4118 decern
1878 4066 1994 4122 nostra
2010 4054 2174 4127 miliaria.
2218 4056 2276 4128 lbi

248 4188 325 4233 mae
359 4173 395 4230 et
426 4154 677 4244 nugacissimae
708 4152 814 4218 rixae.
875 4148 953 4218 Hae
982 4155 1144 4244 querelae
1173 4155 1237 4222 ad·
1287 4177 1367 4221 cum
1392 4165 1426 4221 ει
1449 4152 1669 4244 eloquentiae
1685 4163 1720 4219 et
1739 4147 1989 4242 Philosophiae
2008 4179 2150 4246 operam
2167 4159 2276 4245 daret,

249 4263 385 4333 dendae
402 4268 503 4326 erant
515 4250 572 4321 his
587 4249 1124 4338 narrationibusdeAugustino,
1148 4278 1237 4343 quae
1288 4277 1454 4343 magnae,
1477 4252 1683 4344 opulentae,
1706 4263 1740 4319 et
1754 4253 1891 4321 ociosae
1904 4256 2004 4324 urbis
2020 4257 2210 4343 illecebris,
2235 4285 2275 4332 ac

250 4387 331 4433 cum
348 4371 491 4450 propter
515 4353 681 4443 temporis
695 4352 902 4421 brevitatem
927 4353 1141 4421 omittendae
1156 4355 1238 4437 sint,
1288 4354 1428 4423 licentia
1454 4366 1592 4432 narrat,
1626 4365 1659 4421 et
1680 4374 1762 4420 suos
1781 4375 1895 4422 mores
1917 4372 2101 4448 corruptos
2118 4383 2209 4439 esse,
2234 4387 2275 4432 ae

250 4462 355 4534 initio
372 4456 543 4528 orationis
557 4453 713 4522 breviter
732 4451 902 4519 admonui
919 4452 1171 4538 adolescentes,
1198 4468 1239 4525 ut
1288 4456 1499 4526 nominatim
1522 4453 1683 4547 queritur
1704 4451 1771 4522 sibi
1802 4459 1997 4544 spectacula
2025 4473 2061 4530 ει
2085 4485 2192 4552 prava
2216 4486 2275 4533 so-

249 4591 331 4638 cum
354 4561 500 4632 audient
521 4552 724 4638 historiam,
758 4552 826 4644 ipsi
844 4553 1026 4622 conferant
1040 4555 1238 4647 exemplum
1289 4558 1416 4625 dalicia
1430 4558 1608 4636 nocuisse,
1634 4577 1721 4647 quae
1738 4569 1820 4624 sunt
1836 4580 2040 4628 communes
2057 4564 2276 4653 corruptelae

248 4668 343 4760 apud
372 4688 445 4735 sese
474 4663 520 4730 ad
550 4658 619 4728 alia
644 4669 813 4747 tempora.
873 4650 992 4723 Audio
1020 4667 1102 4725 ante
1125 4680 1237 4726 annos
1288 4656 1497 4727 iuventutis:
1524 4656 1684 4724 nondum
1702 4655 1798 4724 enim
1817 4657 1990 4748 baptismo
2015 4661 2176 4734 initiatus
2189 4678 2276 4752 erat,

249 4771 339 4840 duos
362 4781 396 4838 et
416 4762 544 4854 viginti
569 4756 725 4830 habitam
747 4779 821 4826 esse
836 4757 1032 4827 orationem
1056 4758 1239 4847 deAugu-
1289 4757 1354 4827 etsi
1367 4752 1606 4828 Christianam
1630 4756 1836 4846 religionem
1860 4759 2138 4849 amplexum-at,
2191 4765 2278 4837 Fuit

249 4870 362 4955 stiuo,
387 4892 406 4938 a
429 4865 623 4937 reverendo
646 4858 691 4933 D.
713 4855 866 4929 Doctore
890 4857 1050 4928 Martino
1067 4856 1239 4944 Luthero,
1289 4858 1383 4929 enim
1399 4857 1530 4935 vitiosa
1560 4860 1779 4929 consuetudo
1807 4859 1870 4942 iis,
1902 4862 1965 4952 qui
1986 4863 2135 4936 liberius
2155 4867 2278 4938 vivere

249 4974 482 5042 instauratore
511 4963 666 5057 purioris
695 4960 877 5031 doctrinae
900 4955 1106 5048 Evangelii,
1138 4985 1238 5051 prae-
1289 4959 1496 5051 cupiebant,
1536 4958 1680 5029 differre
1709 4959 1923 5051 baptismum
1953 4987 2064 5057 usque
2097 4968 2142 5036 ad
2175 4992 2279 5038 sene-

249 5087 389 5164 ceptore
404 5082 524 5139 nostro
535 5088 671 5136 summa
687 5063 815 5154 pietate
830 5074 865 5131 et
877 5060 1100 5131 observantia
1118 5063 1237 5133 colen·
1289 5073 1400 5140 ctam,
1433 5074 1473 5130 ut
1496 5072 1615 5151 postea
1639 5060 1746 5131 semel
1779 5060 1911 5132 deleret
1936 5064 2132 5156 baptismus
2154 5093 2278 5139 omno,

249 5177 316 5259 do,
341 5175 380 5243 in
398 5193 467 5263 qua
488 5164 674 5237 historiam
695 5158 887 5254 Augustini
911 5162 1062 5232 contulit
1078 5165 1120 5232 ad
1140 5162 1238 5232 Psal-
1288 5162 1424 5253 priores
1438 5161 1565 5254 lapsus.
1619 5161 1835 5254 Quanquam
1860 5177 1976 5247 autern
1994 5165 2164 5239 nonnihil
2179 5171 2280 5242 laxa-

249 5301 366 5348 mum:
398 5271 529 5346 Beatus
543 5269 599 5336 vir
621 5265 683 5359 qui
700 5287 774 5335 non
790 5265 877 5335 abiit
893 5263 931 5332 in
948 5263 1096 5334 consilio
1111 5265 1239 5354 impio·
1287 5263 1338 5332 vit
1353 5264 1493 5333 frenum
1509 5263 1780 5353 cupiditatibus,
1804 5275 1921 5340 tamen
1944 5290 2059 5338 mores
2082 5284 2181 5341 erant
2199 5273 2279 5363 pla-

249 5404 330 5450 rum
347 5391 409 5448 etc.
463 5370 505 5440 ln
528 5393 599 5460 quo
613 5366 754 5436 Psalmo
770 5367 850 5457 pius
866 5361 1001 5437 Doctor
1016 5366 1240 5449 describitur,
1288 5363 1377 5449 cidi,
1403 5379 1437 5436 et
1450 5390 1524 5435 non
1538 5365 1743 5457 pugnabant
1755 5387 1835 5434 curo
1854 5365 1991 5455 legibus
2015 5371 2188 5459 civitatis,
2212 5398 2281 5446 nec

250 5482 313 5575 qui
338 5499 439 5550 verae
452 5470 631 5547 Ecclesiae
653 5466 862 5542 sententiam
885 5481 1007 5540 contra
1023 5466 1150 5557 impios
1164 5463 1241 5538 Do·
1288 5489 1434 5559 prorsus
1456 5468 1629 5539 abductus
1649 5478 1702 5537 est
1722 5465 1862 5537 animus
1884 5490 1907 5538 a
1929 5471 2066 5548 studiis.
2118 5472 2174 5546 lbi
2199 5499 2280 5547 cum
