4732 6030
132 315 210 388 898
459 310 620 388 nuel.
650 310 724 386 DE
757 308 955 386 DICTO:
999 307 1207 397 PATER,
1238 302 1596 384 SANCTlFlCA
1628 304 1739 382 EOS
1765 327 1849 384 erc,
2101 296 2177 372 894

133 511 196 561 seu
223 487 480 557 auscultatione
505 487 700 571 librorum,
731 487 792 579 qui
812 486 986 558 divinitus
1001 482 1126 576 Eccle-
1217 488 1219 492 '
1280 484 1366 553 Ideo
1391 505 1458 553 nos
1483 506 1643 575 expresse
1670 483 1814 553 deducit
1845 482 1890 550 ad
1919 479 2172 562 ministerium,

133 592 206 660 siae
224 588 345 659 traditi
369 603 462 663 sunt.
513 586 587 657 Nec
601 587 719 658 subito
738 612 793 658 res
809 601 926 659 tautae
941 587 1125 679 arripiun-
1178 587 1221 656 ad
1249 586 1438 655 lectionem
1465 598 1500 654 et
1528 585 1822 655 auscultationem
1853 583 2059 673 gravissima
2089 603 2172 651 seu-

133 708 202 762 tur.
254 687 371 761 Etiam
389 690 565 781 ingeniosi
582 691 711 761 rectius
727 690 932 782 intelligunt
955 692 1042 761 lecta
1064 704 1126 762 aut
1177 689 1305 774 tentia,
1330 712 1436 782 quam
1452 689 1579 778 repetit
1592 686 1725 758 Paulus
1740 711 1781 756 ex
1797 684 1938 780 Moyse:
1966 684 2049 755 Non
2063 685 2172 764 dicas,

106 794 281 876 -tradita,
308 818 389 862 cum
408 795 531 862 eadem
554 815 655 884 saepe
675 807 862 885 repetunt,
888 818 968 864 cum
993 793 1125 882 cogita·
1177 792 1261 885 quis·
1287 791 1451 861 ascendet
1483 791 1521 857 in
1552 792 1716 861 coelum?
1752 787 1843 878 Quis
1872 787 2026 858 traiiciet
2051 785 2173 855 mare?

130 896 228 965 tione
243 895 491 965 immorantur.
542 892 615 966 Nec
635 894 720 965 satis
742 908 812 981 est,
843 910 1012 989 tanquam
1038 895 1126 964 laci·
1177 896 1235 962 sed
1262 917 1373 986 prope
1401 908 1453 962 est
1475 894 1624 963 verbum
1648 888 1688 961 in
1712 916 1773 962 ore
1795 904 1829 961 et
1845 892 2038 963 cordetuo.
2089 885 2172 958 Hu-

131 998 229 1066 niam
246 1021 287 1064 ex
308 996 470 1079 doctrina
493 996 651 1083 auferre,
683 1021 791 1089 quam
810 1011 964 1069 ostentes
988 999 1033 1068 ad
1057 1021 1124 1089 po·
1179 1019 1309 1085 manae
1330 1009 1465 1065 mentes
1491 995 1696 1084 ignorantes
1722 993 1885 1063 exercitia
1911 992 2012 1072 fidei,
2045 991 2171 1082 dispu-

129 1101 271 1191 pulum:
296 1111 337 1168 ut
350 1112 496 1169 sumunt
510 1096 623 1191 aliqui
638 1122 745 1168 unam
761 1113 867 1194 atque
882 1102 1025 1171 alteram
1042 1124 1125 1191 par·
1177 1110 1254 1168 tant
1268 1121 1403 1167 secum:
1433 1095 1539 1168 Unde
1555 1099 1704 1168 sciemus
1720 1096 1938 1166 voluntatem
1954 1093 2046 1165 Dei?
2078 1091 2171 1183 Quis

129 1201 274 1271 ticolam
301 1200 483 1271 doctrinae
507 1200 750 1294 plausibilem,
784 1214 937 1273 caeteras
960 1202 1124 1273 materias
1175 1200 1241 1269 scit
1255 1201 1300 1269 ad
1317 1221 1405 1292 quos
1419 1199 1620 1289 pertineant
1634 1195 1720 1269 haec
1743 1198 1920 1289 generalia
1944 1196 2063 1267 dicta?
2110 1187 2170 1266 Ab

129 1303 314 1372 omittunt.
1095 1385 1101 1395 ³
1176 1297 1232 1371 his
1250 1297 1445 1394 prophanis
1469 1301 1743 1390 cogitationibus
1767 1295 1956 1371 retrahunt
1979 1320 2045 1369 nos
2060 1294 2170 1390 Moy-

233 1402 400 1474 Secundo
420 1427 547 1494 magna
569 1418 622 1475 est
642 1428 745 1475 causa
769 1407 980 1496 repetendae
1000 1405 1124 1477 lectio-
1175 1426 1230 1473 ses
1245 1418 1280 1475 et
1292 1401 1439 1474 Paulus:
1476 1400 1574 1489 lmo,
1606 1403 1796 1497 inquiunt,
1822 1403 1939 1472 inore
1958 1400 2169 1473 etincorde

127 1505 202 1590 nis,
221 1520 262 1574 ut
280 1505 441 1575 doctrina
459 1508 621 1599 quamvis
634 1522 729 1579 recte
744 1522 926 1599 percepta,
951 1530 1024 1576 non
1040 1531 1122 1577 rur·
1175 1519 1237 1576 tuo
1252 1505 1401 1575 verbum
1418 1519 1479 1580 est.
1530 1502 1610 1575 Hoc
1625 1507 1774 1576 verbum
1797 1505 1828 1574 si
1849 1529 1932 1575 vera
1958 1501 2169 1574 adsensione

128 1630 188 1676 sus
204 1608 430 1697 extinguatur
441 1609 666 1698 negligentia.
717 1607 768 1691 ,Ut
784 1623 926 1680 tenerae
939 1611 1123 1702 plantulae
1174 1609 1356 1701 amplexus
1375 1609 1504 1692 fueris,
1530 1600 1765 1678 certissimum
1790 1619 1843 1677 est
1865 1621 1899 1677 te
1921 1603 2034 1676 aDeo
2057 1601 2169 1693 recipi

128 1710 250 1792 crebra
267 1708 440 1799 'rigatione
454 1710 627 1780 fovendae
640 1727 737 1783 sunt:
757 1712 806 1781 ita
823 1712 945 1782 crebra
960 1711 1122 1796 lectione,
1173 1723 1210 1781 et
1233 1710 1410 1780 exaudiri:
1451 1711 1498 1780 sit
1519 1722 1582 1780 tua
1602 1732 1703 1779 mens
1725 1705 1834 1780 buius
1862 1709 1958 1777 vocis
1983 1703 2170 1797 discipula,

127 1810 482 1897 commemoratione,
523 1825 559 1883 et
586 1814 709 1884 multis
737 1812 912 1885 exercitiis
939 1813 1066 1883 alenda
1087 1826 1121 1883 et
1173 1835 1238 1880 nec
1255 1811 1431 1883 existimet
1447 1836 1523 1881 eam
1541 1806 1636 1881 nihil
1650 1812 1703 1881 'ad
1725 1826 1759 1883 te
1784 1811 1972 1902 pertinere.
2021 1806 2168 1900 Loquor

127 1912 368 1982 confirmanda
401 1926 454 1983 est
486 1915 670 2003 doctrina,
725 1915 816 1984 sicut
848 1911 1120 2015 Deuteronomii
1172 1913 1285 1987 dere
1318 1936 1445 2004 magna
1480 1927 1515 1985 et
1549 1914 1594 1982 de
1625 1912 1800 1984 exercitiis
1833 1912 1917 1982 fidei
1950 1933 2026 1980 non
2052 1907 2168 1999 negli-

126 2015 252 2107 quinto
268 2030 492 2107 praeceptum
509 2031 577 2088 est:
605 2012 793 2109 Eruntque
808 2018 916 2087 verba
930 2011 1016 2088 haec
1030 2039 1120 2110 quae
1171 2014 1304 2104 gendis.

126 2137 189 2204 ego
206 2116 383 2234 praecipio
406 2116 473 2188 tibi
488 2112 616 2236 hodie,
641 2117 681 2186 iu
701 2119 903 2239 cordetuo,
928 2132 964 2188 et
984 2131 1120 2210 repetes
1273 2144 1383 2218 Mulli
1406 2172 1447 2218 ω
1472 2149 1591 2219 mim„
1614 2149 1756 2239 legunt,
1782 2148 1864 2243 quia
1886 2145 2043 2237 cogitant
2065 2145 2108 2213 ad
2131 2163 2168 2213 se

126 2239 166 2287 ⁰³
183 2218 265 2286 fil¹¹⁸
280 2231 371 2339 turs,
399 2234 442 2338 ft·
455 2221 618 2290 ”amlffl
639 2220 830 2338 ‘ludim
853 2245 892 2289 ¹¹¹
916 2222 1023 2291 d⁰¹⁰⁰
1047 2233 1119 2306 ‘¹¹³²
1170 2271 1245 2318 non
1270 2250 1447 2342 pertinere
1470 2249 1730 2323 consolationes
1752 2250 1792 2319 in
1815 2249 1888 2319 illis
1910 2247 2088 2319 veteribus
2107 2240 2169 2316 hi·

126 2320 316 2436 ssfflltulffffls
337 2344 378 2389 ¹¹¹
401 2333 548 2439 ῑῑξῐῑθΐθ»
577 2324 760 2440 (ἲῦῑωῑθῦδ
782 2336 817 2393 ⁰²
838 2344 994 2413 ⁸⁰¹8⁰¹¹⁸0
1045 2320 1120 2394 ΒΕ·
1169 2350 1288 2421 storiis
1311 2365 1374 2423 aut
1395 2355 1626 2435 concionibus
1651 2354 1808 2444 scriptas.
1860 2350 1932 2422 Sed
1951 2362 2044 2420 recte
2063 2346 2169 2419 insti-

124 2433 197 2511 Ρθιι
224 2436 259 2492 ‘l
283 2421 603 2542 ⁰l0b¹⁰J¹¹⁰¹¹¹⁰⁸¹¹
625 2425 848 2543 vult-eadem
877 2427 995 2510 d⁰mlc
1022 2425 1119 2510 ᾐών
1171 2452 1257 2532 tuti,
1296 2456 1435 2526 discant
1463 2451 1556 2526 hanc
1588 2457 1699 2547 ipsam
1730 2453 2091 2525 accommodationem
2121 2450 2166 2518 ad

124 2544 246 2609 manes
280 2546 430 2643 V⁰⁸P⁸¹¹g
488 2520 537 2597 El
558 2523 691 2643 P³⁰l¹¹⁸
714 2539 849 2644 ¹⁰51¹¹¹¹²
883 2524 1060 2597 A⁵⁸ld⁰¹¹⁶
1084 2540 1118 2597 ‘l
1170 2578 1255 2642 nos,
1280 2554 1366 2626 fidei
1389 2558 1595 2629 exercitium
1618 2581 1709 2638 esse,
1742 2570 1775 2627 et
1795 2552 1864 2625 hoc
1883 2555 1992 2624 modo
2010 2552 2167 2623 excitan—

124 2637 278 2694 attentus
311 2636 386 2745 estp
416 2649 457 2744 ru
487 2626 651 2700 lectione.
711 2624 779 2697 Hcs
809 2630 1118 2700 admonitionibus
1169 2658 1251 2726 dam
1278 2672 1314 2729 et
1342 2659 1621 2731 confirmandam
1656 2682 1730 2730 me
1759 2660 1879 2728 fldem,
1945 2655 2049 2746 Legis
2079 2648 2166 2724 haec

124 2738 217 2795 ‘⁰2²0
240 2750 376 2796 ¹¹¹⁰V⁰¹¹
396 2750 534 2799 ³¹¹¹m⁰⁸
559 2752 634 2799 ‘¹⁰¹¹
659 2731 792 2800 fffl⁸⁰⁸
814 2743 973 2823 ⁰P⁰fl⁰ls
999 2745 1038 2804 ¹¹²
1064 2732 1117 2802 ¹⁰·
1170 2760 1292 2831 verba:
1315 2757 1408 2831 lacta
1425 2786 1545 2834 curam
1561 2765 1714 2834 tuamiu
1730 2759 1867 2846 Deum,
1893 2759 2014 2848 etipse
2036 2769 2070 2827 te
2086 2775 2165 2827 sus-

123 2829 230 2916 gffldl
245 2829 402 2948 “Ullum
419 2844 549 2900 amem·
607 2930 616 2947 ‚
655 2930 664 2948 Ι
760 2951 762 2954 Υ
1047 2935 1056 2951 .
1168 2862 1329 2933 tentabit.
1391 2860 1461 2934 Hic
1481 2866 1629 2955 cogites,
1662 2861 1753 2935 mihi
1773 2858 1866 2932 hanc
1887 2857 2166 2930 consolationem

226 2927 351 3009 Tertia
380 2951 484 2998 causa
518 2952 724 3017 gravissima
760 2943 844 3050 est-‚0
868 2956 977 3027 quam
994 2948 1115 3052 ‘ettam
1168 2964 1471 3057 pmponitnem,
1493 2964 1905 3054 ,ustmenoneffingui
1925 2961 2069 3046 dolore,
2102 2957 2165 3028 sed

124 3025 210 3099 haee
226 3030 334 3099 verba
351 3024 676 3118 comprehendunt:
702 3029 889 3102 Sanctrhea
912 3057 972 3103 cos
993 3059 1032 3103 ru
1055 3059 1117 3105 ve-
1167 3065 1386 3160 ,cqupmm
1404 3068 1443 3137 in
1466 3067 1562 3160 5930,
1585 3082 1620 3140 ep
1639 3069 1685 3140 ab
1708 3092 1750 3139 ω
1774 3078 1955 3161 „Peme
1979 3061 2165 3133 auxilium.

122 3132 246 3214 ritate,
271 3128 397 3201 Sermo
414 3142 497 3200 tuus
512 3144 564 3201 est
579 3132 719 3201 verims.
770 3123 951 3220 Lectione,
976 3137 1117 3206 auscul-
1167 3165 1275 3238 Hune
1300 3163 1474 3240 honorem
1497 3170 1568 3240 ,iffi
1588 3171 1665 3241 ,up
1690 3169 1818 3254 uibus,
1843 3167 1940 3261 quod
1956 3189 2037 3235 vm
2055 3186 2165 3233 exau-

121 3231 277 3349 ῐὸῑῖθΰξ»
302 3230 706 3355 (θὲἷῑῇῑῖθῦθβθῑῐΰῗῑξῑθ
720 3235 834 3305 dlllnl
849 3233 947 3308 D⁰¹¹⁸
968 3249 1020 3308 ⁰⁸²
1040 3240 1115 3307 effi·
1166 3269 1258 3357 diat,
1283 3273 1379 3364 quod
1396 3295 1477 3342 vere
1491 3273 1539 3342 sit
1553 3271 1764 3362 opitulator,
1790 3271 1887 3365 quod
1902 3292 1977 3338 non
1998 3267 2043 3339 sit
2062 3265 2165 3338 ocio·

122 3356 205 3417 cax,
230 3357 270 3400 rn
294 3334 473 3404 mentibus
494 3349 563 3406 eret
579 3335 718 3427 Spiritu
735 3354 857 3410 saneto
881 3355 1115 3429 congruentes
1165 3394 1244 3442 ,um
1260 3396 1415 3459 numen,
1439 3374 1541 3467 qm,
1559 3373 1693 3465 pictum
1712 3372 1861 3447 idolum,

120 3435 296 3520 adlectus,
319 3432 368 3523 ‚si
398 3436 492 3505 euim
517 3432 602 3508 haee
624 3439 773 3530 legenda
800 3455 902 3526 sunt,
935 3455 976 3512 ut
998 3455 1114 3514 tecum
1270 3504 1389 3595 Quam
1405 3507 1560 3578 difficilis
1575 3520 1692 3577 autem
1715 3509 1760 3576 sip
1782 3500 1868 3575 hm
1890 3502 2002 3586 pum,
2026 3513 2163 3571 norunt

120 3536 223 3630 loqui
237 3538 356 3608 Deum
376 3537 476 3611 scias.
527 3538 587 3611 Ad
603 3553 637 3610 te
654 3535 739 3610 haec
757 3566 822 3610 vox
844 3544 1015 3633 pertinet:
1041 3545 1115 3614 Ve-
1167 3609 1176 3626 ,
1209 3608 1219 3626 ,
1315 3609 1325 3626 ,
1906 3603 1945 3622 ..

120 3641 195 3708 nite
218 3641 263 3710 ad
288 3663 345 3709 me
367 3662 507 3725 omnes,
531 3641 593 3734 qui
619 3640 789 3712 laboratis
814 3655 849 3712 et
865 3645 1003 3715 onerati
1020 3645 1114 3718 estis.
1165 3609 1238 3728 ’ψ’
1264 3632 1326 3702 ‘lu'
1342 3632 1417 3679 ⁰⁰¹¹
1433 3610 1635 3679 mde⁸⁸¹¹¹¹¹
1650 3602 1779 3678 h⁰ffll¹¹
1803 3618 2064 3679 “mmmm
2113 3598 2163 3674 El

120 3738 176 3811 Te
190 3740 386 3835 alloquitur
400 3741 495 3811 filios
512 3739 600 3827 Dei,
624 3756 659 3812 te
674 3743 753 3813 vult
767 3743 836 3812 fide
855 3759 975 3835 petere
997 3758 1031 3817 et
1054 3771 1113 3816 ex·
1165 3733 1196 3778 ⁵¹
1214 3709 1277 3803 qui
1295 3708 1429 3802 almi
1446 3723 1548 3791 ‘⁰¹¹¹’
1572 3734 1613 3781 ‘⁰
1628 3711 1752 3799 legunt
1764 3707 1916 3778 mdiu&
2042 3787 2046 3795 ·

118 3856 258 3934 pectare
274 3843 467 3924 auxilium,
493 3868 706 3938 quocunque
722 3858 880 3936 tempore
893 3841 962 3918 hoc
977 3848 1112 3919 dictum
1218 3910 1221 3915 .
1265 3841 1342 3915 Has
1358 3866 1480 3917 esusau
1505 3846 1551 3916 de
1573 3844 1746 3930 lectione,
1771 3857 1807 3916 et
1829 3837 1924 3913 hanc
1945 3855 2161 3915 totam-sen-

121 3943 227 4033 legis,
247 3958 310 4016 aut
323 3943 465 4036 cogitas.
1163 3944 1313 4018 tentiam
1329 3947 1375 4016 de
1388 3944 1609 4032 ministerio,
1634 3959 1675 4017 ut
1692 3969 1795 4038 saepe
1815 3944 2042 4040 multumque
2064 3945 2161 4037 cogi-

29 4138 32 4143 ·
109 4122 113 4128 ,
221 4046 303 4117 Non
320 4061 372 4119 est
386 4047 523 4117 alienae
538 4040 707 4117 historiae
724 4047 901 4134 narratio,
925 4063 965 4120 ut
974 4043 1113 4123 Aeneas
1164 4048 1265 4129 tetis,
1289 4070 1353 4119 vos
1367 4061 1511 4140 propter
1527 4060 1679 4119 vestram
1693 4062 1728 4120 et
1740 4044 1917 4119 Ecclesiae
1931 4048 2080 4118 salutem
2094 4050 2161 4118 ad-

124 4146 169 4215 ad
194 4148 307 4216 socios
332 4149 436 4221 dicit:
464 4145 618 4234 Durate,
647 4163 683 4220 et
700 4161 836 4220 vosmet
853 4151 961 4221 rebus
978 4167 1113 4229 servate
1164 4145 1290 4220 hortor
1304 4165 1338 4222 et
1354 4152 1521 4224 obtestor.
1564 4146 1618 4223 Ac
1634 4162 1676 4223 ut
1690 4151 1729 4222 in
1744 4150 1912 4223 omnibus
1925 4150 2032 4220 rebus
2049 4149 2160 4221 simus

121 4248 296 4322 secundis.
342 4246 439 4321 Deus
461 4251 528 4324 toti
551 4250 674 4342 generi
694 4246 854 4324 humano
871 4254 1113 4337 concionatur,
1163 4250 1427 4342 vigilantiores,
1465 4276 1673 4325 moveamur
1702 4252 1949 4345 magnitudine
1981 4251 2160 4344 periculo·

12 4397 15 4401 -
120 4364 155 4421 et
170 4351 249 4422 vult
264 4349 422 4439 singulos
436 4353 600 4447 amplecti
615 4377 654 4423 ea
671 4377 762 4448 quae
776 4354 874 4427 dicit.
907 4351 987 4426 Hoc
1005 4360 1113 4428 modo
1165 4378 1258 4435 rum.
1295 4350 1338 4425 ln
1352 4355 1460 4427 tantis
1476 4355 1568 4427 odiis
1582 4370 1619 4428 et
1632 4356 1808 4428 incendiis
1820 4354 2043 4440 animorum,
2063 4366 2159 4427 certa

119 4451 198 4521 volt
214 4452 392 4542 conspici,
418 4455 496 4526 vult
517 4480 620 4545 opero
643 4457 736 4526 ferre
757 4456 819 4542 iis,
851 4456 914 4551 qui
938 4451 1005 4530 hac
1027 4483 1114 4531 voce
1163 4457 1407 4528 antdiuturno
1421 4481 1489 4549 pax
1504 4481 1668 4530 essenon
1683 4471 1809 4552 potest.
1858 4453 2159 4529 Etfortassisali·

121 4554 230 4624 erecti
247 4557 292 4624 ad
309 4555 425 4645 ipsum
442 4557 626 4630 accedunt.
1162 4561 1307 4654 quando
1323 4559 1433 4630 subiti
1447 4573 1481 4632 et
1496 4560 1616 4652 panici
1632 4561 1806 4633 tumultus
1821 4559 1996 4630 orientur.
2047 4554 2158 4628 Prae-

224 4653 309 4727 ldeo
331 4653 465 4726 Paulus
487 4656 624 4749 iuquit:
656 4656 759 4748 Quae
781 4660 910 4754 scripta
933 4676 1033 4748 sunt,
1066 4666 1110 4735 ad
1162 4675 1278 4748 terea,
1306 4660 1444 4732 etiamsi
1461 4685 1558 4752 reges
1574 4675 1606 4731 et
1620 4661 1800 4754 principes
1814 4659 2011 4755 quiescent,
2037 4672 2156 4733 tamen

119 4772 276 4828 nostram
293 4757 491 4829 doctrinam
508 4759 639 4850 scripta
653 4774 746 4847 sunt,
770 4778 812 4836 ut
825 4788 889 4857 per
905 4765 1111 4854 patientiam
1163 4788 1239 4834 non
1263 4763 1444 4857 quiescent
1466 4757 1693 4857 hypocritae,
1727 4765 1792 4857 qui
1814 4763 1963 4834 turbant
1979 4758 2158 4833 Ecclesias

119 4875 154 4931 et
186 4859 468 4931 consolationem
496 4860 752 4952 scripturarum
786 4889 882 4958 spem
907 4861 1111 4942 habeamus.
1163 4864 1270 4935 variis
1292 4863 1419 4936 modis.
1470 4861 1546 4935 Alii
1569 4865 1647 4957 pios
1666 4879 1824 4959 pastores
1848 4888 1929 4935 cum
1947 4863 2157 4936 miserrimis

116 4961 187 5032 llic
209 4987 291 5034 com
318 4963 481 5035 adfirmat
503 4961 636 5034 Paulus
659 4963 788 5056 scripta
816 4964 1023 5060 prophetica
1047 4972 1126 5073 ³⁶⁸.
1161 4966 1306 5037 familiis
1329 4966 1469 5058 pellunt
1490 4992 1531 5037 ex
1552 4968 1627 5039 suis
1650 4968 1805 5055 nidulis,
1838 4966 1899 5037 alii
1923 4980 2073 5039 onerant
2095 4989 2155 5037 eos

117 5064 211 5133 ferre
236 5065 534 5148 consolationem,
567 5086 709 5149 necesse
738 5079 791 5136 est
817 5071 861 5139 ad
881 5094 949 5141 nos
968 5096 1112 5167 quoque
1162 5068 1305 5141 iniustis
1327 5068 1419 5140 odiis
1442 5072 1579 5162 populi.
1642 5070 1806 5165 Denique
1831 5062 2047 5163 multiplices
2072 5082 2154 5140 suut

116 5166 296 5258 pertinere
317 5168 570 5260 promissiones
591 5188 685 5271 quq·
703 5168 865 5260 legimus.
917 5170 1038 5261 Quare
1062 5174 1110 5245 ita
1162 5195 1373 5259 aerumnae,
1399 5195 1488 5266 quae
1512 5186 1606 5244 certe
1630 5172 1823 5245 exuscitare
1844 5196 1911 5243 nos
1932 5172 2082 5256 debent,
2113 5183 2155 5242 ut

116 5268 300 5359 legantur,
324 5282 366 5340 ut
381 5270 533 5340 sciamus
546 5268 662 5343 Deum
678 5295 744 5341 uos
758 5272 1019 5371 ipsosslloqui,
1044 5300 1111 5346 nos
1161 5274 1368 5347 auxiliuma
1392 5288 1516 5346 nostro
1540 5277 1706 5360 custode,
1736 5276 1811 5347 lilio
1824 5272 1893 5346 Dei
1919 5288 2095 5366 petamus,
2119 5285 2155 5342 et

117 5371 210 5442 velle
237 5368 304 5444 hac
330 5396 415 5444 voce
439 5375 584 5461 docere,
623 5371 800 5462 iudicare,
834 5376 987 5468 erigere,
1021 5402 1109 5450 con·
1161 5401 1242 5449 cum
1263 5398 1304 5448 eo
1326 5376 1365 5446 in
1386 5376 1497 5468 ipsius
1515 5373 1712 5470 Evangelio
1733 5378 1992 5471 colloquamur.
2046 5370 2153 5462 Quod

116 5471 236 5547 solari.
939 5480 944 5525 ²
1130 5442 1201 5551 lut
1222 5479 1280 5573 pie
1302 5493 1337 5551 et
1363 5480 1520 5552 studiose
1541 5481 1695 5570 faciatis,
1720 5504 1784 5552 vos
1799 5474 1980 5550 adhortor.
2032 5475 2155 5569 Ipsum
