4732 6030
68 336 143 413 917
491 327 651 403 DECL.
685 326 759 401 DE
793 323 1000 398 LEGUM
1035 322 1336 399 FONTlBUS
1371 322 1445 398 ET
1480 327 1699 406 CAUSlS.
2040 338 2114 412 918

67 511 171 602 cipua
198 507 267 578 init
298 502 534 575 consideratio
563 499 780 570 difficultatis
809 493 1063 580 honestissimi,
1088 540 1092 583 ἔ
1116 496 1248 587 pientia
1267 499 1341 567 eius
1363 499 1435 567 frui
1453 503 1644 581 concessit,
1671 517 1705 572 et
1721 528 1817 573 nnnc
1840 530 1920 576 eum
1947 509 1985 576 in
2005 502 2111 579 huiua

68 627 103 683 et
119 634 208 702 pene
223 608 353 678 summi
370 608 465 676 inter
481 599 644 674 homines
661 602 787 694 operis.
832 599 878 671 Ut
893 599 988 668 enim
1006 597 1063 666 lex
1115 600 1248 667 laboris
1270 600 1372 669 initio
1398 624 1600 686 censorem,
1635 617 1806 676 rectorem
1835 622 1870 678 et
1896 611 2109 679 monitorem

67 727 120 783 est
141 713 260 782 radius
280 707 474 801 sapientiae
498 706 641 775 divinae
664 704 803 793 fulgens
830 700 870 770 in
896 696 1063 785 hacvita,
1112 695 1413 792 haberepossum.
1468 702 1588 793 Quare
1603 706 1708 775 etiam
1725 708 1763 776 in
1782 703 1849 778 hoc
1864 711 2009 779 exordio
2026 736 2110 802 pro-

68 840 114 884 ue
128 838 236 904 genus
251 808 449 883 humanum
465 807 676 899 dissipatum
690 806 852 888 intereat,
877 805 936 871 sed
952 815 992 871 ut
1006 801 1062 870 in-‘
1112 802 1231 886 fiteor,
1258 828 1313 869 me
1341 804 1451 893 ipsius
1475 805 1607 875 iudicio
1632 832 1754 877 omnes
1778 834 1873 878 meas
1897 811 2110 902 interpreta-

68 918 161 988 stitia
184 913 424 984 consociatum
450 911 495 980 ad
522 908 739 998 agnitionem
757 905 843 988 Dei,
869 905 1061 973 adsertam
1113 905 1227 974 tiones
1242 925 1276 974 er
1291 906 1564 976 diiudicationes
1578 909 1761 978 subiicere.
1795 909 2107 1003 'l'urpisestenim

67 1017 315 1107 coniugiorum
333 1014 485 1082 formam
512 1024 546 1080 et
572 1013 615 1079 ad
639 1009 800 1080 omniurn
817 1006 989 1077 virtutum
1004 1005 1062 1072 in·
1112 1007 1324 1094 arrogantia,
1351 1007 1389 1074 in
1407 1020 1502 1078 tanta
1519 1010 1755 1099 amplitudine
1769 1014 1951 1083 doctrinae
1968 1017 2056 1085 iuris
2072 1031 2107 1086 et

67 1120 244 1190 tellectum
270 1129 304 1185 et
325 1114 440 1185 officia
462 1112 642 1197 assuefiat,
674 1124 708 1180 et
730 1110 803 1179 sint
825 1133 866 1178 ac
894 1118 1061 1175 maneant

67 1216 208 1290 honesti
231 1212 418 1287 hominum
442 1229 580 1299 coetus,
606 1214 644 1281 in
668 1211 798 1305 quibus
822 1211 979 1290 luceant,
1005 1232 1061 1277 sa-

65 1321 221 1414 pientia,
246 1318 402 1401 institia,
426 1317 576 1400 castitas,
602 1312 851 1396 beneficentia,
878 1324 912 1380 et
927 1311 987 1379 fiat
1004 1334 1060 1378 re-

67 1448 145 1493 rum
160 1418 433 1490 communicatio
450 1418 616 1506 legitimis
631 1415 883 1496 contractibus,
912 1425 946 1481 et
962 1411 1059 1479 iudi-

66 1550 147 1595 cum
162 1547 248 1592 voce
261 1524 306 1591 de
322 1520 454 1591 iustitia
472 1519 625 1613 populus
641 1517 842 1600 erudiatur,
868 1528 902 1585 et
920 1512 1059 1582 soboles

66 1624 227 1709 educari,
253 1648 292 1693 ac
306 1623 440 1706 foveri,
463 1647 503 1690 ae
519 1621 681 1692 doctrina
698 1618 810 1687 excoli
828 1615 950 1707 possit.
1005 1613 1058 1685 lta

65 1728 184 1816 legum
200 1724 455 1815 interpretatio,
482 1747 561 1792 cum
576 1723 674 1791 illam
690 1719 897 1812 sapientiam
913 1713 980 1785 Dei
998 1739 1059 1784 ru·

66 1828 228 1897 dioribns
253 1839 427 1916 exponat,
452 1848 508 1893 res
532 1824 743 1894 difficillima
768 1834 839 1899 est,
865 1832 900 1892 et
921 1839 1058 1886 summa

65 1928 262 1999 reverentia
287 1927 520 2018 suscipienda.
571 1924 712 1997 Deinde
734 1920 860 1990 videtis
883 1932 1057 2012 quantum

66 2054 156 2101 onus
184 2030 222 2097 in
244 2027 442 2119 Republica
474 2030 563 2097 ordo
585 2022 922 2096 lurisconsultorum
952 2017 1057 2087 susti-

64 2144 157 2201 neat.
187 2129 397 2200 Consulitur
413 2128 507 2197 enim
524 2131 568 2198 de
582 2125 782 2219 praecipuis
797 2125 902 2195 rebus
919 2122 956 2189 in
973 2121 1057 2198 vita,

65 2235 110 2303 de
135 2232 326 2321 religione,
359 2232 404 2300 de
426 2231 594 2300 omnibus
617 2227 769 2297 vinculis
787 2225 881 2316 pacis
897 2238 930 2293 et
953 2221 1057 2292 iusti-

65 2335 152 2412 tiae,
182 2335 226 2402 de
248 2332 440 2422 coniugiis,
475 2330 654 2402 decausis
682 2329 880 2411 bellorum,
913 2328 957 2395 de
980 2324 1058 2393 iure

63 2435 298 2516 defensionis,
327 2436 371 2503 de
401 2433 612 2504 dirimendis
644 2431 765 2513 bellis,
798 2431 842 2498 de
873 2429 1056 2496 foederum

65 2535 355 2626 interpretatione
369 2549 403 2603 et
419 2536 619 2618 autoritate,
644 2537 688 2603 de
706 2531 927 2620 singulorum
946 2525 1056 2618 patri-

63 2639 196 2706 moniis
212 2651 246 2706 et
258 2635 448 2705 domiciliis
463 2637 616 2707 tuendis.
667 2629 721 2702 Ac
739 2633 933 2701 multorum
949 2652 1057 2698 even-

64 2752 122 2810 tus
137 2738 342 2820 ostendunt,
368 2762 473 2830 quam
497 2738 542 2810 sit
563 2734 710 2805 infoelix
724 2733 903 2803 temeritas
917 2731 955 2798 in
971 2754 1057 2798 con-

65 2839 154 2909 siliis
176 2837 303 2908 dandis
324 2839 502 2908 discedere
523 2862 542 2905 a
563 2859 688 2904 norma
706 2833 822 2922 legum
842 2844 1057 2902 nostrarum.

65 2939 186 3030 Quare
208 2941 272 3012 etsi
296 2939 368 3007 seio
392 2932 680 3005 honestissimum
703 2955 792 3023 opus
808 2954 900 3015 esse,
926 2946 960 3001 et
981 2931 1056 3000 Deo

66 3057 205 3132 gratum
222 3043 343 3108 iuvare
365 3037 577 3106 discentium
601 3034 740 3118 studia,
772 3046 891 3102 tamen
913 3044 1058 3122 propter

63 3140 282 3214 difficultatis
297 3138 594 3229 magnitudinem,
615 3136 787 3229 quaedam
812 3158 868 3202 me
882 3134 937 3202 vel
960 3131 1057 3202 timi-

64 3245 167 3326 ditas,
189 3241 245 3310 vel
262 3240 457 3309 reverentia
472 3252 646 3309 remorata
663 3251 724 3320 est,
743 3261 814 3326 quo
833 3236 952 3304 minus
963 3230 1056 3302 hanc

63 3345 245 3437 publicam
261 3341 522 3412 enarrationem
539 3334 755 3408 inchoarem.
791 3335 862 3407 Sed
881 3330 973 3405 hanc
988 3338 1057 3403 du-

63 3446 271 3515 bitationem
297 3443 380 3515 vicit
401 3444 542 3512 tandem
565 3441 734 3510 autoritas
749 3436 946 3509 Clarissimi
966 3434 1057 3520 Viri,

62 3544 211 3618 Domini
243 3542 407 3615 Doctoris
434 3541 645 3634 Hieronymi
681 3536 844 3617 Schurff,
883 3563 987 3630 quem
1023 3549 1057 3605 et

63 3662 210 3742 propter
240 3647 465 3738 sapientiam,
510 3643 678 3713 virtutem
712 3653 746 3708 et
777 3638 982 3728 gravitatem
1018 3638 1057 3703 in

64 3750 232 3819 omnibns
247 3748 384 3831 officiis,
409 3768 532 3814 omnes
549 3744 636 3814 boni
651 3742 721 3810 viri
735 3742 868 3834 ubique
884 3761 1057 3808 veneran-

66 3865 142 3933 tur,
167 3865 201 3922 et
219 3873 281 3941 ego
299 3861 443 3940 propter
461 3860 642 3939 paternam
664 3866 744 3932 erga
763 3867 818 3910 me
842 3841 1058 3910 benevolen-

64 3954 150 4023 tiam
178 3966 212 4023 et
234 3953 390 4042 ingentia
412 3948 581 4018 beneficia
608 3957 928 4039 tanquampatrem
946 3942 1057 4030 diligo

66 4067 102 4124 et
117 4053 215 4131 colo,
240 4050 388 4145 Deoque
404 4050 533 4141 gratias
549 4072 627 4138 ago,
652 4048 749 4140 quod
766 4040 863 4115 hunc
878 4038 967 4112 mihi
983 4067 1058 4110 non

65 4156 180 4225 solum
206 4147 313 4220 huius
335 4153 515 4224 doctrinae
545 4161 833 4230 monstratorem,
864 4146 924 4214 sed
951 4145 1059 4214 totius

66 4258 160 4326 vitae
176 4268 348 4324 rectorem
363 4256 474 4326 dedit.
511 4249 583 4324 Nec
599 4251 695 4320 enim
710 4263 848 4320 tautum
864 4247 902 4315 in
919 4247 1058 4316 discen-

65 4361 113 4428 do
130 4357 206 4427 eius
225 4354 370 4443 vestigia
385 4378 533 4448 sequor,
558 4367 593 4425 et
607 4352 732 4424 iudicii
750 4349 998 4419 rectitudinem
1026 4361 1060 4418 et

66 4459 328 4531 dexteritatem,
366 4469 400 4525 et
423 4455 582 4527 veritatis
602 4456 754 4525 tuendae
780 4476 899 4521 curam
925 4450 1059 4519 imitari

67 4562 212 4644 studeo,
247 4557 369 4627 sedin
394 4556 465 4625 vita
492 4554 599 4625 etiam
620 4557 659 4625 in
690 4555 852 4651 eligenda
877 4553 1060 4641 religionis

65 4662 239 4755 puritate,
264 4659 356 4729 etin
382 4656 545 4748 regendis
568 4657 728 4728 moribus
753 4658 793 4726 in
817 4656 953 4746 ipsum,
979 4668 1059 4724 tan-

66 4789 173 4858 quam
190 4764 227 4831 in
243 4760 425 4854 speculum
443 4760 598 4828 intueor.
647 4755 717 4826 Hic
731 4783 811 4829 cum
826 4753 916 4826 mihi
938 4751 1061 4826 horta-

66 4881 126 4936 tor
141 4879 228 4935 esset
244 4861 421 4932 subeundi
437 4855 506 4930 hoe
521 4879 626 4947 onus,
652 4873 853 4929 reverenter
868 4858 979 4951 ipsius
995 4860 1060 4928 ad-

1112 1107 1402 1177 difficillimarum
1418 1112 1758 1198 controversiarum,
1782 1115 1940 1185 iuniores
1957 1141 2030 1187 sese
2048 1142 2107 1185 so-

1111 1210 1164 1278 los
1179 1211 1293 1279 facere
1308 1211 1463 1296 iudices,
1493 1236 1557 1280 nec
1579 1214 1760 1283 seniorum
1777 1228 1810 1286 et
1832 1219 2026 1306 peritorum
2048 1221 2106 1289 iu·

1111 1311 1203 1380 dicia
1230 1314 1421 1403 requirere.
1482 1310 1633 1383 Adferre
1655 1329 1772 1386 autem
1793 1321 1837 1388 ad
1861 1314 1929 1389 hoc
1952 1322 2104 1391 docendi

1112 1436 1243 1482 munus
1260 1406 1353 1506 (Deo
1377 1411 1542 1511 iuvante)
1558 1417 1703 1501 studeo,
1729 1442 1804 1489 non
1820 1422 1935 1490 solum
1952 1423 2105 1513 diligen-

1111 1514 1209 1599 tiam,
1233 1517 1295 1584 sed
1313 1515 1418 1584 etiam
1432 1515 1552 1600 tidem,
1578 1542 1735 1588 amorem
1751 1520 1904 1591 iustitiae
1922 1537 1958 1593 et
1976 1525 2104 1594 verita-

1110 1616 1175 1698 tis,
1205 1640 1245 1684 ac
1270 1617 1492 1688 modestiam.
1553 1617 1607 1688 Ae
1627 1617 1743 1690 Deum
1766 1637 1946 1694 aeternum
1971 1639 2103 1715 patrem

1109 1713 1257 1785 Domini
1286 1719 1398 1786 nostri
1424 1716 1500 1787 lesu
1525 1713 1676 1800 Christi,
1711 1725 1931 1794 conditorem
1956 1727 2043 1795 coeli
2070 1740 2104 1796 et

1109 1830 1223 1887 terrae
1250 1833 1285 1888 et
1310 1817 1457 1887 humani
1478 1820 1631 1909 generis,
1659 1835 1693 1893 et
1714 1817 1820 1894 huius
1840 1827 1950 1916 ipsius
1966 1828 2104 1898 ordinis

1110 1933 1144 1989 et
1166 1918 1375 2010 sapientiae,
1402 1945 1492 2012 quae
1513 1923 1669 1991 ostendit
1686 1923 1877 1994 discrimen
1897 1928 2052 1998 iustitiae
2069 1944 2105 2001 et

1109 2021 1321 2105 iniustitiae,
1349 2035 1382 2090 et
1400 2025 1489 2091 iusta
1512 2023 1703 2116 praecipit,
1730 2039 1763 2094 et
1780 2021 1947 2115 prohibet
1962 2029 2104 2115 iniusta,

1109 2136 1144 2194 et
1165 2124 1355 2192 denunciat
1380 2117 1570 2193 horribiles
1596 2149 1726 2217 poenas
1750 2127 1968 2200 violantibus
2000 2132 2103 2202 iusti-

1108 2225 1212 2309 tiam,
1236 2249 1318 2308 oro,
1344 2239 1384 2295 nt
1408 2249 1464 2294 me
1488 2241 1585 2316 regat
1610 2227 1647 2294 in
1674 2229 1834 2299 docendo
1860 2246 1894 2301 et
1919 2232 1957 2299 in
1975 2234 2104 2303 dandis

1108 2326 1285 2411 consiliis,
1311 2351 1423 2395 acme
1445 2329 1549 2398 faciat
1565 2352 1623 2397 vas
1642 2329 1925 2411 misericordiae,
1952 2336 2103 2406 satutare

1107 2424 1195 2496 mihi
1223 2443 1256 2498 et
1276 2426 1519 2517 Reipublicae.

1209 2528 1400 2622 Postquam
1427 2524 1513 2600 haec
1542 2533 1586 2599 de
1613 2556 1691 2600 mea
1718 2533 1901 2605 voluntate
1926 2537 2102 2625 praefatus

1107 2654 1204 2715 sum,
1231 2655 1328 2699 nunc
1342 2645 1485 2723 propter
1500 2633 1682 2702 iuniorum
1701 2634 1889 2707 utilitatem
1906 2638 2041 2731 aliquid
2059 2643 2102 2710 de

1106 2732 1164 2802 his
1180 2733 1266 2825 ipsis
1281 2733 1420 2821 legibus
1434 2747 1468 2802 et
1482 2736 1526 2802 de
1542 2758 1662 2803 earum
1679 2737 1796 2806 studio
1811 2737 1939 2807 dicam.
1974 2737 2102 2813 Annos

1108 2835 1178 2904 iam
1203 2834 1330 2924 viginti
1358 2849 1535 2926 spectator
1561 2836 1615 2906 sui
1639 2838 1856 2910 tumultuum
1875 2837 2103 2930 Germaniae,

1108 2936 1293 3029 inquibus
1313 2961 1392 3004 cum
1416 2937 1596 3006 initio-res
1610 2941 1825 3009 necessariae
1840 2944 2030 3030 patefactae
2048 2970 2103 3015 es·

1107 3051 1204 3118 sent,
1234 3051 1353 3126 postea
1388 3062 1406 3104 a
1440 3039 1654 3108 turbulentis
1678 3055 1713 3111 et
1741 3042 1915 3112 seditiosis
1940 3045 2104 3135 ingeniis,

1108 3136 1213 3206 etiam
1235 3139 1366 3206 multae
1386 3139 1493 3208 falsae
1516 3140 1704 3232 opiniones
1731 3157 1848 3213 motae
1877 3160 1981 3230 sunt,
2016 3172 2104 3240 quas

1107 3253 1225 3307 tamen
1242 3236 1339 3308 Dens
1356 3238 1547 3309 elementer
1562 3245 1746 3332 repressit,
1771 3268 1810 3312 ac
1825 3268 1947 3315 earum
1970 3250 2103 3320 refuta-

1107 3341 1158 3410 tio
1175 3340 1357 3408 veritatem
1379 3341 1582 3412 illustravit.
1632 3340 1786 3413 Memini
1810 3345 1948 3417 furores
1970 3353 2102 3421 multo-

1107 3465 1199 3524 rum,
1216 3441 1277 3533 qui
1290 3465 1436 3532 prorsus
1450 3457 1563 3514 totum
1578 3444 1740 3513 ordinem
1756 3446 1941 3535 politicum
1953 3450 2101 3521 damna-

1109 3545 1206 3624 bant,
1233 3543 1393 3632 imperia,
1417 3544 1652 3631 magistratus,
1678 3545 1782 3634 leges,
1808 3561 2018 3635 contractus,
2045 3555 2102 3626 iu-

1108 3643 1219 3723 dicia,
1245 3665 1385 3733 poenas.
1420 3640 1493 3712 Nec
1507 3657 1647 3714 tanturn
1664 3670 1764 3715 error
1779 3643 1957 3720 humanus
1973 3646 2101 3724 horum

1109 3756 1242 3812 mentes
1256 3757 1453 3831 occuparat,
1469 3746 1531 3836 qui
1548 3741 1632 3815 haec
1649 3761 1849 3837 portentosa
1866 3751 2099 3826 deliramenta

1107 3844 1336 3935 spargebant,
1374 3847 1434 3913 sed
1459 3846 1654 3915 diabolicae
1682 3849 1795 3919 furiae
1829 3873 1888 3921 eos
1912 3855 2103 3943 agitabant,

1109 3961 1147 4016 ut
1169 3945 1241 4014 vita
1263 3939 1448 4047 hominum
1474 3947 1585 4034 magis
1616 3950 1838 4041 turbaretur,
1872 3968 1906 4025 et
1936 3961 2101 4028 tenebrae

1107 4046 1258 4115 maiores
1274 4046 1481 4135 religionem
1499 4049 1751 4139 opprimerent.
1804 4053 2101 4146 proponebantur

1109 4146 1202 4217 enim
1229 4170 1364 4216 errores
1386 4148 1440 4215 illi
1462 4164 1642 4241 praetextu
1665 4153 1813 4224 eximiae
1828 4157 1978 4248 pietatis.
2029 4162 2101 4234 Sed

1108 4249 1191 4317 vicit
1217 4262 1334 4318 tamen
1350 4250 1478 4319 veritas
1501 4252 1675 4324 illustrata
1696 4255 1891 4329 multorum
1909 4287 2012 4346 voce,
2037 4265 2101 4356 qui

1108 4352 1338 4422 ostenderunt
1353 4352 1523 4423 fanaticos
1540 4354 1632 4438 illos,
1648 4380 1723 4426 non
1737 4360 1851 4430 solum
1869 4375 2017 4434 naturae
2033 4361 2101 4434 ho-
2179 4363 2183 4371 ’

1108 4452 1264 4536 minum,
1289 4454 1471 4523 sedetiam
1493 4452 1571 4527 Deo
1589 4457 1723 4529 bellum
1747 4461 1926 4548 intulisse,
1950 4468 2102 4539 acvelut

1110 4552 1281 4643 Gigantes
1311 4557 1458 4645 aggestis
1491 4558 1692 4644 montibus,
1727 4562 1865 4632 coelum
1897 4589 2101 4657 oppugnare

1109 4670 1253 4726 conatos
1272 4680 1355 4728 esse.
1406 4655 1493 4726 Etsi.
1507 4670 1623 4726 autern
1640 4675 1766 4730 natura
1789 4664 1864 4754 ipsa
1879 4690 1945 4735 nos
1962 4671 2100 4762 perspi-

1110 4782 1173 4829 cue
1187 4761 1299 4842 docet,
1325 4757 1422 4826 nasci
1437 4751 1600 4829 homines
1616 4763 1659 4830 ad
1675 4762 1815 4832 civilem
1833 4767 2044 4851 societatem,
2068 4786 2103 4843 et

1109 4859 1252 4930 vincula
1282 4858 1458 4929 societatis
1488 4883 1562 4929 esse
1595 4860 1764 4954 imperia,
1806 4866 1917 4955 leges,
1959 4871 2102 4958 iudicia,

67 4963 263 5038 hortationi
281 4965 477 5056 parendum
493 4984 567 5030 esse
586 4958 718 5031 censui.
771 4958 938 5052 ldqueeo
956 4961 1060 5030 etiam
1109 4983 1256 5053 poenas:
1285 4975 1403 5030 tamen
1429 4985 1503 5030 non
1526 4976 1665 5032 tantum
1682 4965 1962 5063 videamusquid
1981 4998 2102 5045 neces-

65 5069 133 5139 feci
150 5066 331 5152 libentius,
357 5067 452 5159 quod
469 5059 556 5133 mihi
574 5062 613 5131 in
629 5062 749 5130 eadem
766 5057 972 5147 Academia,
998 5062 1062 5132 ubi
1110 5065 1195 5132 sitas
1212 5062 1393 5147 docuerit,
1417 5065 1476 5132 sed
1494 5064 1595 5133 initia
1611 5066 1728 5154 legum
1744 5068 1851 5138 altius
1869 5089 2076 5164 repetamus.

65 5166 174 5242 huius
189 5169 321 5241 summi
335 5167 404 5236 viri
419 5189 578 5250 censura,
604 5186 689 5233 voce
716 5177 752 5233 et
777 5162 926 5231 consilio
946 5159 1062 5233 adhue
1214 5163 1381 5235 Summae
1401 5179 1435 5235 et
1451 5156 1675 5256 optimae'res
1693 5168 1730 5236 in
1744 5185 1862 5245 mente
1876 5175 1998 5246 divina
2013 5202 2100 5246 con-

66 5273 184 5343 iurari
218 5294 380 5365 possum,
416 5267 567 5339 docendi
594 5289 726 5335 munus
756 5263 967 5335 attributum
999 5279 1062 5349 est,
1111 5265 1237 5338 ditrice
1262 5266 1399 5355 generis
1428 5261 1577 5338 humani
1606 5286 1709 5355 sunt,
1743 5273 1938 5364 sapientia,
1970 5278 2103 5347 discer-

67 5396 309 5466 magnumque
323 5370 390 5442 Dei
405 5369 616 5440 beneficium
632 5389 705 5438 csse
723 5367 826 5446 duco,
850 5367 948 5467 qnod
962 5381 998 5438 et
1011 5380 1065 5440 tot
1085 5346 1089 5380 ⁸
1112 5390 1201 5439 nens
1218 5363 1365 5440 honesta
1381 5381 1415 5437 et
1431 5369 1570 5461 turpia,
1594 5386 1628 5442 et
1644 5362 1798 5458 iustitia,
1823 5378 1969 5461 veritas,
1994 5378 2102 5449 bene·

68 5497 185 5546 annos
207 5476 331 5545 audire
352 5469 451 5544 hunc
472 5471 610 5554 virum,
636 5482 673 5541 et
696 5492 769 5540 una
786 5468 924 5549 vivere,
957 5482 992 5540 et
1007 5492 1059 5539 sa-
1112 5470 1275 5555 lieentia,
1298 5469 1504 5552 clementia,
1530 5472 1681 5548 castitas.
1732 5471 1870 5544 Harum
1888 5478 2102 5570 optimarum

1350 5623 1353 5637 .
1422 5567 1508 5645 ὁδ’
