4732 6030
135 215 210 290 409
451 259 453 263 >
633 204 791 285 orco.
827 206 1667 292 11111111111111101111111111
1732 237 1738 245 ·
1795 218 1798 226 '
2094 217 2171 293 410

128 451 137 467 ,
191 386 331 456 centn
346 393 661 471 complexustensm,
688 413 789 464 mere,
816 393 938 474 sydera,
964 398 1089 472 manete,
1181 383 1297 467 bonis,
1322 383 1495 455 divinitus
1509 385 1623 455 malos
1637 386 1771 476 puniri.
1806 384 1990 458 Praedicat
2005 387 2172 461 Minerua

192 493 230 557 Et
247 506 335 555 cantu
349 490 468 572 illusas,
506 506 536 553 et
553 492 711 556 Phoebum
726 497 1006 578 aequavithonore,
1146 538 1150 545 -
1181 486 1221 554 111
1235 487 1349 576 11111110
1365 481 1563 579 Odysseae,
1587 486 1752 582 Ulyssem
1765 488 1920 581 primum
1938 505 2081 582 propter
2095 494 2170 563 vlr-

192 596 296 678 Atque
308 595 383 656 heco
397 608 504 657 cuncta
519 599 602 677 prius
619 617 708 681 quam
727 610 875 674 cerneret,
903 600 1007 660 ordine
1022 603 1107 661 terris
1180 601 1292 658 tutem
1311 610 1351 657 ac
1373 582 1610 675 honestatem,
1640 590 1768 660 deinde
1791 602 1826 660 et
1847 605 1992 682 propter
2012 595 2170 665 studium

189 696 343 775 Prodidit,
365 718 399 760 ao
414 711 542 759 vestram
555 702 626 761 tulit
639 721 733 782 usque
750 700 788 760 ad
802 698 908 781 sydera
921 699 1057 766 Troiam.
1180 689 1591 780 1111131181111111101111,
1615 714 1677 761 1111
1699 693 1835 763 cultum
1847 691 2017 765 Deorum.
2070 693 2171 783 Quid

191 796 296 883 Soipio
315 804 496 881 perlustrans
513 804 608 863 oculis
620 804 779 863 latentibus
794 805 939 881 umbram,
1182 786 1337 861 humana
1360 805 1504 876 natura,
1529 793 1559 861 si
1576 793 1648 863 suis
1670 794 1807 864 viribus
1828 794 1964 864 nitatur
1979 796 2024 865 tle
2040 797 2170 866 volun-

190 898 226 964 Si
241 923 322 963 nuno
340 902 401 963 lata
416 902 537 982 duent,
563 901 829 966 utllomulal‘aota
844 927 897 986 per
913 908 1017 968 orbem
1181 906 1251 965 tale
1286 891 1353 963 Del
1386 894 1512 963 mellus
1544 907 1605 965 aut
1639 895 1827 967 sublimius
1860 896 2012 984 cogitare
2042 909 2170 987 potest,

190 1003 252 1066 Hie
269 1017 386 1066 caueret
400 1019 500 1083 vates,
525 1020 637 1088 quanto
652 1012 764 1067 maiora
778 1009 897 1070 l'uturos
1180 1018 1285 1087 quam
1303 996 1397 1086 quod
1416 995 1493 1086 pl0⁸
1507 1010 1541 1066 ei
1556 997 1671 1066 1101108
1685 1010 1789 1081 amet,
1812 997 1941 1081 foveat,
1966 998 2073 1082 luvet,
2099 999 2169 1067 lm·

190 1106 280 1168 Facta
295 1104 644 1186 eadentnunenttn,
669 1112 787 1192 inquit,
814 1121 887 1171 11111
908 1121 1042 1192 nepotes.
1181 1094 1259 1188 pios
1284 1109 1318 1165 et
1343 1096 1526 1167 sceleratos
1547 1099 1682 1182 oderit,
1715 1099 1908 1191 poenisque
1933 1099 2078 1184 alliciat,
2114 1124 2170 1170 res

191 1208 303 1270 Foslix
318 1206 470 1287 Aeacide,
500 1213 550 1271 1111
563 1216 617 1273 teti
630 1206 756 1291 contigit
772 1233 823 1272 ore
1180 1191 1368 1266 homiuum
1393 1210 1508 1281 curet,
1547 1200 1741 1287 gubernet?
1793 1198 1901 1288 Quod
1923 1196 2006 1270 ve'ro
2032 1214 2171 1293 praeter

193 1306 341 1374 Gentibus
356 1312 471 1372 ostendi
480 1358 492 1396 ‚
517 1317 610 1374 erevit
625 1327 677 1374 tua
692 1317 822 1375 carmine
837 1314 943 1377 vinus.
1180 1293 1267 1368 haec
1279 1298 1465 1387 allegorica
1480 1301 1652 1390 quaedam
1667 1301 1870 1386 admiscuit,
1893 1302 1995 1373 facile
2018 1303 2171 1394 intelligi

139 1403 236 1477 Haec
251 1408 294 1475 de
306 1402 453 1475 Homeri
467 1408 633 1477 laudibus
648 1406 838 1479 Africanus
856 1408 948 1498 apud
964 1401 1106 1474 Silium.
1141 1412 1144 1417 ⁴
1181 1412 1311 1490 potest,
1336 1400 1435 1471 aliud
1453 1400 1568 1490 ipsum
1585 1401 1715 1491 egisse,
1739 1403 1897 1472 allusisse
1914 1407 1959 1474 ad
1974 1428 2090 1474 mores
2103 1400 2170 1481 ho,-

237 1506 306 1578 Scd
323 1507 520 1577 occurritur
536 1511 643 1579 nobis
659 1523 692 1579 et
704 1511 847 1604 quidem
863 1532 882 1578 a
896 1528 1035 1578 summo
1051 1502 1129 1570 viro
1180 1501 1348 1585 minum,¹
1364 1504 1406 1570 ad
1426 1515 1589 1593 naturam
1606 1527 1743 1585 rerum,
1769 1504 1958 1574 involvisse
1981 1502 2038 1575 his
2053 1507 2171 1599 1111111-

140 1632 181 1677 11
204 1608 406 1678 doctissimo
427 1607 595 1696 Platone,
628 1611 690 1706 qui
705 1610 902 1681 Homerum
919 1609 1016 1678 velut
1034 1603 1130 1673 iudi·
1180 1604 1230 1673 cis
1252 1603 1416 1674 iconibus
1439 1604 1528 1675 seria
1553 1618 1587 1675 et
1605 1605 1725 1693 gravia
1742 1608 1922 1694 dogmata,
1947 1620 1988 1677 ut
2008 1632 2085 1678 mos
2101 1608 2170 1679 tuit

141 1709 195 1777 cio
226 1710 350 1801 capitis
370 1713 598 1798 damnatum,
633 1736 696 1782 sua
721 1711 863 1804 Repub.
888 1707 1061 1790 excludit,
1091 1704 1131 1771 111
1181 1705 1325 1774 illorum
1342 1718 1552 1795 temporum.
1604 1705 1702 1794 Quid
1721 1710 1817 1801 quod
1833 1720 1868 1777 et
1884 1706 1984 1778 Plato
1998 1733 2171 1779 nonnun-

139 1810 285 1879 exilium
316 1810 423 1900 exigit
448 1836 488 1881 ac
517 1813 658 1903 relegat·
725 1813 808 1901 Quo
839 1814 878 1881 in
911 1813 989 1881 loco
1014 1809 1130 1876 dicere
1182 1830 1286 1900 quam
1305 1806 1349 1873 ad
1365 1801 1460 1874 hunc
1474 1808 1623 1876 modum
1639 1808 1732 1879 ludit
1747 1810 1790 1878 de
1803 1806 1882 1878 Diis
1897 1809 2171 1895 immortalibus,

139 1935 299 2002 possum,
325 1911 360 1979 id
379 1909 762 2008 quodChrysostomus
778 1915 957 1983 decadem
973 1906 1131 1979 Platonis
1182 1931 1261 1976 cum
1276 1906 1371 1975 aliud
1388 1907 1557 1998 quiddam
1582 1907 1771 1997 significet,
1797 1911 1860 2003 qui
1884 1912 1914 1979 si
1935 1924 2006 1981 tam
2029 1935 2172 1982 severus

141 2027 264 2082 contra
288 2010 484 2082 Homerum
507 2015 727 2089 accusatione
751 2015 949 2106 respondit:
975 2008 1131 2082 Difficile
1183 2009 1287 2077 iudex
1311 2009 1350 2075 in
1371 2007 1459 2076 alios
1485 2031 1557 2077 esse
1580 2011 1677 2095 vult,
1717 2013 1840 2080 eodem
1866 2025 1900 2082 et
1923 2013 1997 2102 ipse
2020 2014 2172 2086 crimine

140 2135 213 2182 esse
228 2114 322 2183 inter
335 2126 453 2184 tantos
467 2108 629 2185 homines
643 2115 849 2206 disceptare,
865 2129 904 2186 ut
919 2115 948 2184 si
963 2115 1035 2181 duo
1051 2107 1130 2187 viri,
1181 2109 1343 2178 damnari
1360 2123 1485 2198 potest.
1534 2108 1673 2181 Deinde
1687 2113 1896 2204 responderi
1912 2127 1946 2184 et
1962 2111 2028 2185 hoc
2044 2128 2174 2211 potest,

140 2214 246 2283 ambo
262 2213 366 2298 boui,
391 2216 494 2284 ambo
516 2235 639 2305 graves
663 2231 697 2287 et
715 2212 873 2301 bonesti,
892 2216 996 2285 ambo
1012 2210 1132 2293 amici,
1182 2211 1277 2303 quod
1299 2205 1571 2304 Chrysostomus
1592 2213 1660 2298 ait,
1690 2213 1887 2286 Homerum
1908 2210 1956 2286 111
1977 2211 2047 2308 μὲν
2074 2212 2170 2289 κατὰ

141 2318 186 2385 de
202 2339 240 2383 re
257 2316 421 2407 quapiam
437 2317 527 2385 seria
545 2330 579 2387 et
602 2318 701 2408 gravi
720 2318 905 2388 sententiis
921 2317 1131 2404 discrepent,
1181 2305 1317 2395 δόξαν,
1358 2305 1449 2382 coldo
1483 2310 1569 2384 κατ’
1602 2311 1783 2409 sitq-Peior
1824 2317 1992 2408 posuisse.
2052 2315 2170 2412 Atque

140 2416 284 2485 difficile
316 2417 362 2487 sit
387 2419 643 2506 pronunciare,
675 2443 721 2490 ne
748 2420 892 2490 alterius
919 2415 1130 2488 sententiaro
1182 2409 1267 2484 baec
1285 2409 1372 2481 mibi
1387 2415 1431 2482 de
1445 2415 1559 2504 prima
1574 2440 1676 2486 causa
1692 2417 1821 2487 dixisse
1837 2419 1919 2488 satis
1935 2421 1993 2494 sit.
2029 2417 2172 2491 0111111-

141 2517 292 2586 videaris
309 2530 368 2587 tua
383 2519 544 2588 oratione
558 2522 740 2594 damnare.
792 2520 861 2592 Sed
881 2521 1062 2590 videamus
1076 2529 1131 2585 ta·
1181 2530 1241 2587 tur
1255 2530 1371 2585 autem
1388 2518 1543 2584 secundo
1567 2516 1661 2602 loco,
1688 2520 1783 2609 quod
1807 2519 1943 2607 magnis
1959 2544 1999 2589 ac
2018 2516 2171 2591 heroicis

139 2643 221 2688 men
237 2618 324 2711 quid
340 2617 525 2691 Platonem
540 2622 701 2708 moverit,
723 2636 763 2693 ut
779 2619 975 2693 Homerum
991 2618 1131 2690 civitate
1181 2617 1266 2685 viris
1280 2610 1478 2709 lachrymas
1492 2617 1708 2687 attribuerit:
1728 2619 1763 2687 id
1779 2642 1843 2687 cur
1857 2616 2170 2710 reprehensionem

139 2746 158 2790 a
174 2744 210 2790 se
227 2721 415 2791 constituta
428 2722 583 2794 eiiceret:
608 2748 683 2794 non
699 2724 794 2793 enim
811 2738 942 2795 temere
958 2722 995 2791 id
1011 2719 1131 2788 iecisse
1181 2730 1448 2801 mereatur,non
1460 2717 1653 2804 rideo,imo
1663 2744 1746 2790 vero
1756 2721 1942 2813 praecipue
1951 2723 2170 2793 laudandum

140 2823 319 2914 putandus
340 2835 410 2904 est,
436 2826 641 2914 praesertim
666 2849 771 2916 quem
794 2826 869 2916 ipsc
891 2823 1045 2919 ἄριστον
1067 2814 1132 2891 καὶ
1181 2814 1248 2889 hoc
1267 2814 1356 2886 1111111
1372 2818 1625 2912 videturesse,
1659 2824 1754 2915 quod
1770 2845 1845 2890 non
1860 2824 2003 2894 stultam
2019 2825 2116 2893 illam
2135 2839 2170 2897 et

140 2917 339 2995 θειότατον
363 2926 442 2991 τῶν
469 2928 651 3014 ποιητῶν,
686 2925 860 3013 optimum
887 2939 920 2993 et
949 2921 1131 2992 divinissi-
1183 2920 1426 3010 imaginariam
1444 2918 1645 2991 Stoicorum
1669 2916 1859 2995 ἀπάθειαν
1877 2926 2085 3011 somniavit,
2108 2928 2170 2996 sed

139 3047 238 3095 mum
256 3023 446 3092 Poetarum
462 3036 573 3095 vocet.
623 3021 720 3109 Quid
750 3023 859 3112 igitur
873 3035 1010 3094 tantum
1033 3045 1132 3090 com·
1181 3023 1268 3096 tales
1291 3044 1409 3089 rerum
1432 3037 1536 3114 atque
1564 3016 1749 3093 hominum
1774 3024 1944 3116 imagines
1973 3027 2172 3119 proposuit,
2252 3056 2255 3061 ’
2344 3012 2354 3017 ’

140 3123 271 3194 meruit
292 3117 379 3188 hacc
406 3121 695 3194 innocentissima
725 3123 892 3209 luscinia,
932 3137 973 3195 ut
1000 3121 1132 3214 campis
1182 3123 1303 3217 quales
1326 3135 1440 3190 essent
1462 3123 1501 3191 in
1524 3147 1641 3194 rerum
1666 3139 1792 3196 natura
1813 3139 1847 3197 et
1860 3127 1949 3213 vita,
1972 3152 2048 3199 non
2070 3130 2173 3201 finxit

139 3220 332 3294 Platonicis
348 3221 564 3313 pelleretur?
595 3219 779 3295 Obiicitur
794 3227 890 3319 quod
907 3227 952 3296 de
968 3222 1046 3294 Diis
1063 3223 1132 3290 im-
1182 3222 1417 3317 prodigiosas,
1444 3239 1513 3294 eta
1531 3227 1712 3295 communi
1732 3222 1891 3297 humano
1913 3252 2018 3299 sensu
2040 3226 2173 3301 1111111-
2272 3290 2276 3297 .

141 3321 351 3394 mortalibus
364 3345 403 3391 ac
418 3321 588 3413 religione
604 3323 755 3394 ridicula
768 3327 942 3419 quaedam
958 3339 992 3396 et
1004 3325 1132 3395 absur-
1181 3339 1298 3396 rentes
1327 3325 1530 3420 opiniones,
1563 3328 1624 3396 sed
1657 3349 1697 3397 ea
1718 3350 1782 3398 suo
1806 3329 1961 3400 carmine
1989 3320 2171 3423 expressit,

140 3428 185 3495 da
211 3421 417 3516 prodiderit.
476 3420 614 3509 Audio,
647 3449 813 3516 magnum
837 3440 872 3498 et
893 3427 1042 3521 capitale
1061 3426 1131 3494 cri·
1181 3449 1392 3520 quaequam
1416 3426 1567 3496 maxime
1588 3441 1704 3499 essent
1719 3430 1845 3499 usitata
1865 3431 1902 3499 in
1918 3432 2009 3517 vita,
2036 3447 2071 3504 et
2086 3458 2173 3503 con-

140 3550 235 3600 men.
267 3522 338 3595 Sed
356 3524 450 3594 dicat
462 3522 551 3594 mibi
568 3527 624 3596 vel
638 3525 757 3614 Plato,
779 3528 835 3597 vel
849 3530 940 3599 alius
954 3527 1131 3624 quispiam
1180 3540 1345 3599 scotanea
1372 3530 1554 3597 communi
1578 3529 1709 3602 sensui.
1768 3530 1894 3601 Voluit
1917 3545 2035 3604 autem
2061 3534 2171 3624 signi-

140 3624 247 3698 huius
271 3627 464 3695 sententiae
492 3641 750 3718 propugnator,
785 3653 957 3723 quaenam
988 3629 1056 3697 alia
1085 3628 1131 3696 de
1180 3631 1283 3698 ficare
1299 3650 1444 3716 magnos
1459 3629 1555 3699 viros
1570 3654 1650 3698 cum
1665 3630 1883 3719 gravissimis
1904 3646 1939 3704 et
1960 3635 2171 3706 tristissimis

140 3729 244 3811 Diis,
276 3739 338 3797 aut
360 3728 404 3795 dc
428 3727 619 3817 religione,
650 3741 785 3802 uttum
809 3731 877 3801 suit
909 3731 949 3799 in
969 3725 1130 3812 Graecia,
1180 3731 1319 3800 casibus
1351 3729 1564 3814 conllictari,
1606 3754 1804 3824 magnoque
1837 3733 2038 3805 animorum
2071 3749 2171 3806 motu

139 3830 318 3901 Homerus
347 3829 502 3921 potuerit
529 3831 686 3914 tradere,
726 3844 761 3902 et
784 3845 904 3903 utrum
927 3830 1029 3901 Plato
1056 3831 1130 3920 ipse
1180 3829 1342 3923 percelli,
1366 3842 1406 3899 ut
1422 3832 1544 3898 11111111
1561 3827 1681 3902 Aenea
1698 3828 2020 3903 RomanusPoe'ta:

139 3933 251 4003 multo
277 3929 422 4000 meliora
443 3931 585 4003 noverit
606 3932 662 4000 vel
685 3934 893 4023 prodiderit.
951 3929 1130 4002 Homerus
1255 3934 1350 4018 Spem
1361 3939 1447 3996 vultu
1460 3940 1599 4014 simulet,
1625 3943 1735 4018 premit
1751 3942 1811 3999 alto
1826 3939 1915 4000 eorde
1928 3942 2074 4005 dotorem.

103 4115 112 4124 .
141 4037 185 4104 de
204 4033 396 4122 religione,
419 4033 465 4101 de
481 4029 561 4103 Diis
583 4033 864 4119 immortalibus,
889 4058 928 4103 ea
946 4045 1133 4126 quactum
1179 4030 1227 4103 Et
1243 4032 1313 4099 alio
1328 4031 1421 4099 loco:

139 4135 268 4208 usitata
284 4134 451 4224 fuerunt,
475 4133 550 4226 ipse
563 4158 705 4228 quoque
719 4149 857 4205 secutus
875 4148 945 4219 est,
970 4157 1035 4204 nec
1056 4131 1130 4201 illis
1356 4132 1475 4218 lugenti
1488 4140 1600 4200 inrum
1618 4141 1852 4205 1111111111111.

140 4237 283 4333 quidem
306 4236 526 4325 temporibus
552 4252 587 4309 et
606 4237 700 4328 apud
724 4237 803 4305 illas
826 4249 946 4326 gentes
968 4235 1036 4305 alia
1062 4232 1131 4303 luit
1182 4229 1452 4323 Descripserunt
1479 4234 1574 4303 enim
1603 4234 1734 4307 Po'e'tae
1759 4239 1846 4307 tales
1871 4232 2016 4324 heroas,
2048 4239 2170 4333 quales

138 4337 321 4430 religionis
345 4337 477 4423 forma,
509 4362 616 4430 quam
640 4337 779 4431 qualem
800 4329 978 4407 Homerus
998 4334 1130 4405 1111111-
1180 4334 1342 4415 inerunt,
1374 4357 1500 4429 nempe
1521 4336 1584 4429 qui
1607 4352 1642 4409 et
1672 4333 1837 4409 humanis
1858 4341 1994 4410 casibus
2023 4341 2170 4412 obnoxii

140 4443 208 4514 bit.
244 4438 373 4510 Utrum
389 4461 430 4507 ea
447 4463 529 4508 vera
540 4462 587 4509 an
601 4439 707 4524 falsa,
733 4463 808 4509 non
822 4435 880 4509 hic
895 4439 1051 4529 disputo.
1087 4434 1129 4504 ln
1180 4448 1312 4519 essent,
1345 4451 1381 4509 et
1406 4436 1449 4505 iis
1474 4453 1712 4512 moverentur.
1774 4439 2039 4532 Proposueru'nt
2065 4444 2170 4512 nobis

138 4540 208 4615 hoc
230 4563 356 4632 nempe
368 4537 527 4608 Homero
549 4564 629 4611 cum
645 4537 793 4610 Platone
813 4554 848 4612 et
872 4537 1129 4631 praestantisei-
1180 4536 1422 4621 consiliorum,
1448 4538 1650 4626 affectuum,
1675 4542 1855 4612 actionum
1883 4557 1917 4614 et
1941 4545 2170 4634 negociorum
2251 4545 2258 4567 '

140 4643 208 4715 mis
224 4641 421 4735 quibusque
438 4640 523 4708 viris
536 4641 711 4726 convenit,
736 4644 832 4736 quod
847 4644 892 4714 sit
907 4639 1015 4721 Deus,
1032 4640 1129 4733 quod
1180 4637 1219 4707 in
1241 4638 1341 4729 vita,
1363 4634 1552 4710 hominum
1572 4642 1677 4712 etiam
1703 4644 1848 4714 usitatas
1873 4645 2060 4734 imagines,
2094 4668 2169 4714 non

142 4770 198 4817 res
213 4741 384 4814 humanas
400 4756 515 4813 curet:
542 4741 1130 4831 111111111111111111111111111111-
1181 4751 1265 4810 sunt
1285 4740 1395 4809 secuti
1415 4739 1477 4810 illa
1499 4734 1721 4814 ἀτοπώτατα
1742 4737 1955 4839 παράδοξα,
1982 4747 2112 4840 quibus
2128 4771 2170 4817 er

140 4849 210 4938 git,
236 4858 277 4916 ut
291 4846 451 4915 ostendat
466 4865 520 4913 res
534 4838 720 4913 hominum
735 4869 808 4916 non
825 4859 955 4918 temere
968 4868 1032 4915 nec
1047 4865 1129 4912 casu
1179 4835 1406 4933 Philosophis
1444 4844 1612 4912 nonnulli
1653 4844 1838 4936 impendio
1875 4860 1958 4917 sunt
1994 4849 2170 4919 delectati.

140 4952 268 5031 iluere,
288 4947 349 5017 sed
367 4968 387 5013 a
406 4944 483 5014 Diis
501 4945 762 5016 immortalibus
777 4948 972 5040 dispensari
999 4971 1039 5016 ac
1063 4965 1130 5033 gu·
1179 4940 1292 5011 Porro
1314 4945 1410 5035 qnod
1433 4943 1565 5013 inleros
1587 4944 1745 5029 tinxerit,
1779 4947 1815 5017 id
1837 4949 1997 5035 tertium,
2029 4951 2171 5042 opinor,

140 5046 293 5120 berneri.
338 5040 1129 5144 11111111111111111111,1111111111-
1178 5043 1313 5113 crimen
1328 5043 1485 5114 Homero
1505 5045 1707 5116 obiicitura
1725 5046 1891 5137 Platone,
1913 5052 2169 5142 putaturenim
2280 5056 2284 5061 ’

139 5155 250 5226 terab
275 5150 350 5240 ipso
366 5148 624 5236 introducitur,
651 5172 872 5242 conquerens
887 5151 978 5221 affici
998 5174 1034 5219 se
1059 5142 1128 5215 hu·
1178 5157 1308 5215 metum
1324 5146 1450 5218 mortis
1465 5148 1623 5218 incutere
1646 5143 1871 5238 hominihus,
1896 5177 1977 5223 cum
1995 5153 2169 5224 terribilia

139 5254 254 5324 manis
268 5251 424 5334 casibus,
445 5263 479 5321 et
495 5251 614 5322 dolere
629 5251 698 5322 sibi
713 5247 899 5321 bominum
914 5254 1006 5323 mala
1021 5261 1127 5341 atque
1177 5257 1213 5316 et
1228 5248 1345 5338 qualia
1363 5248 1437 5341 ipse
1459 5249 1573 5341 pingit
1592 5252 1686 5342 apud
1710 5251 1861 5340 interos,
1887 5255 1957 5326 sibi
1975 5269 2054 5347 post
2077 5250 2169 5323 hanc

138 5357 314 5428 miserias:
350 5352 472 5424 statuit
502 5352 586 5424 item
616 5355 729 5426 bonos
756 5355 918 5442 delendi,
950 5349 1126 5425 cumulari
1176 5346 1287 5420 vitam
1320 5367 1542 5448 proponant,
1577 5364 1683 5448 atque
1717 5354 1767 5425 ita
1802 5355 1953 5427 lectione
1987 5354 2170 5424 Homerici
