4732 6030
210 360 284 435 703

311 528 354 602 'Si
370 527 449 622 quis
461 548 569 602 vero,
594 523 690 615 quod
708 522 819 606 absit,
843 517 935 591 hanc
958 535 1116 591 nostram
1137 523 1200 590 be-

209 631 377 702 nevolam
393 624 670 695 admonitionem
686 636 927 706 contemnens,
949 624 1004 691 vel
1021 624 1129 691 verbo
1144 623 1199 689 vel

214 730 373 821 exemplo
389 726 467 795 aliis
483 724 699 793 offendiculo
713 723 838 807 luerit,
859 723 889 790 is
902 722 1041 792 noverit
1058 722 1201 812 impune

215 854 253 901 se
269 826 336 898 hoc
352 849 425 894 non
443 826 636 905 facturum,
660 846 774 916 neque
796 824 906 892 iustae
928 822 1202 891 animadversio-

213 930 272 999 nis
285 949 435 1018 poenam
452 925 691 1013 effugiturum.

204 1120 208 1125 ,
317 1042 503 1114 Postremo
527 1064 608 1109 cum
628 1036 800 1129 Apostolo
824 1034 1012 1123 adhortor,
1052 1051 1093 1106 ut
1122 1050 1202 1106 ante

212 1145 338 1216 omnia
364 1145 450 1213 fiant
469 1141 748 1231 deprecationes,
782 1139 1059 1219 obsecrationes,
1092 1137 1202 1207 inter-

217 1244 443 1337 pellationes,
464 1242 655 1331 gratiarum
673 1241 844 1323 actiones,
876 1262 940 1328 pro
955 1239 1120 1306 omnibus
1137 1231 1203 1305 ho-

219 1345 398 1423 minibus,
436 1366 499 1433 pro
517 1340 676 1429 regibus,
708 1354 741 1409 et
764 1340 929 1407 omnihus
953 1338 992 1405 iu
1014 1337 1203 1406 eminentia

219 1444 440 1526 constitutis,
465 1455 505 1511 ut
527 1440 701 1528 placidam
727 1462 767 1507 ac
791 1439 945 1530 quietam
970 1437 1076 1506 vitam
1100 1439 1205 1525 dega-

220 1566 322 1629 mus,
347 1567 428 1611 cum
443 1541 540 1609 omni
556 1541 683 1630 pietate
698 1553 731 1606 et
748 1534 949 1621 honestate,
975 1538 1205 1624 glorificantes

222 1646 261 1713 in
278 1646 383 1714 corde
398 1656 432 1711 et
457 1664 601 1731 corpore
623 1652 742 1707 nostro
757 1636 952 1706 Dominum
972 1652 1131 1707 nostrum
1151 1636 1206 1706 le-

223 1767 301 1812 sum
327 1738 527 1821 Christum,
560 1739 620 1830 qui
644 1761 723 1806 cum
745 1736 847 1805 Patre
869 1751 905 1806 et
925 1735 1061 1825 Spiritu
1087 1750 1205 1805 sancto

222 1844 313 1912 vivit
330 1856 363 1911 et
379 1852 519 1929 regnat,
545 1839 749 1908 benedictus
769 1837 864 1905 Deus
881 1838 919 1903 in
936 1839 1072 1905 saecula
1087 1860 1208 1905 saecu-

224 1944 359 2024 lorum,
382 1938 509 2011 Anien.

329 2053 483 2125 Oremus
500 2054 619 2143 igitur,
644 2077 682 2121 ac
700 2053 897 2122 coniunctis
912 2054 1002 2124 votis
1015 2068 1048 2123 et
1065 2055 1209 2123 vocibus

225 2172 405 2229 cantemus
426 2180 514 2224 utra:
548 2153 603 2222 Da
620 2179 738 2246 pacem
756 2152 906 2222 Domine
928 2154 966 2220 in
990 2155 1115 2224 diebus
1142 2179 1208 2222 no-

227 2258 329 2341 stris,
356 2270 419 2327 etc.

231 2491 1205 2511 W—m·-—omu

231 2644 380 2768 Q.
1022 2676 1071 2720 au.
1093 2655 1186 2718 1554.

995 2743 1206 2783 “a

311 2848 386 2932 De
419 2840 573 2955 officio
599 2844 913 2927 ministrorum
944 2843 1124 2963 Eooap.

301 3022 333 3073 lu
347 3018 498 3073 Declamat.
511 3020 546 3072 T.
560 3015 608 3069 ΙΙΙ.
621 3016 803 3087 p.600⁸qq.,
832 3018 861 3071 iu
876 3019 992 3073 Servest.
1007 3022 1041 3073 T.
1056 3022 1102 3075 ΙΙΙ.
1134 3025 1213 3079 .568.

334 3096 361 3137 ²²
376 3084 926 3208 ee-¹vvatatna.aa
942 3088 969 3205 a
993 3088 1084 3209 'ta-⁸.
1099 3041 1213 3213 iata

334 3152 581 3284 gppquppssspha.
599 3219 643 3267 tta
656 3217 728 3268 enirn
745 3174 831 3273 oratio
842 3158 1149 3292 lnlbyneod'obauberobs
1163 3197 1213 3280 hs:

337 3285 443 3349 banda,
474 3300 558 3353 quam
573 3282 644 3360 ‘Mel
668 3284 773 3352 scripsit
791 3289 818 3338 in
839 3306 919 3340 usum
940 3288 1052 3361 Georgii
1070 3295 1216 3357 Anhaltini,

333 3356 381 3424 qui
398 3370 457 3407 cem
469 3352 592 3406 recitavit
605 3349 719 3418 Synodo
732 3352 797 3405 ieris
811 3364 872 3421 post
878 3353 1013 3423 Ursulae,
1032 3360 1072 3413 M.
1086 3362 1124 3415 D.
1133 3360 1215 3417 XLV.

236 3515 364 3585 Oratio
389 3507 598 3603 (synodica)
630 3506 678 3577 de
709 3480 1005 3604 officio'eorum,
1043 3522 1107 3607 qui
1127 3526 1217 3588 sunt

475 3614 517 3681 ia
537 3614 747 3680 ministerio
767 3614 976 3706 Evangelii.

235 3746 366 3828 Veteri
383 3757 458 3845 lege
475 3752 622 3823 honesta
637 3769 671 3824 et
687 3755 769 3826 utili
793 3761 996 3830 mandatum
1020 3777 1090 3846 est,
1114 3778 1154 3836 ut
1178 3767 1217 3834 in

237 3858 385 3948 singulis
405 3854 606 3945 regionibus
631 3858 811 3946 praecipui
827 3862 1078 3946 gubernatores
1095 3861 1218 3935 Eccle-

237 3962 388 4037 siarum,
429 3956 618 4049 quotannis
643 3958 713 4040 bis,
753 3958 938 4031 inferiores
960 3960 1139 4045 Pastores,
1179 3992 1218 4037 ac

238 4060 438 4130 doctrinam
454 4057 653 4146 explorent,
679 4071 712 4126 et
729 4059 786 4143 pia
801 4061 966 4140 consilia,
999 4089 1088 4153 quae
1104 4070 1147 4136 ad
1164 4094 1219 4137 re·

237 4162 421 4233 tinendam
441 4153 627 4241 Evangelii
650 4156 835 4243 puritatem
862 4173 897 4228 ct
929 4162 971 4227 ad
996 4165 1219 4254 disciplinam

239 4259 465 4329 sanciendam
480 4255 666 4342 profutura
680 4254 865 4335 videntur,
891 4263 1069 4328 communi
1085 4266 1219 4337 delibe-

236 4357 377 4428 ratione
392 4365 578 4443 quacrant,
605 4353 802 4443 mansitque
817 4356 890 4424 eius
903 4359 1011 4426 moris
1026 4363 1221 4451 vestigium,

240 4482 308 4527 seu·
318 4456 444 4524 umbra
461 4451 577 4540 potius
595 4446 763 4521 hactenus
785 4466 835 4522 ιοι
860 4458 1017 4530 saeculis.
1067 4460 1140 4530 Nos
1155 4468 1220 4554 igi-

240 4574 300 4631 tur
321 4557 379 4646 pio
400 4554 518 4623 studio
551 4566 586 4620 et
607 4575 739 4619 morem
753 4567 929 4624 vetustum
947 4559 1155 4648 retinemus,
1187 4581 1223 4637 et

236 4672 411 4751 quantum
421 4653 517 4724 Deus
533 4654 710 4736 concedet,
730 4676 770 4721 ea
787 4656 913 4724 facturi
928 4681 1060 4746 sumus,
1079 4681 1224 4755 propter

81 4760 86 4769 '
148 4776 154 4783 '
240 4782 329 4850 qnae
344 4754 500 4827 Ecclesia
518 4750 584 4825 hos
600 4768 793 4824 conventus
808 4757 918 4837 indici
936 4762 1060 4833 voluit.
1115 4762 1224 4835 Com-

240 4859 514 4927 monelaciemus
531 4855 690 4928 Pastores
705 4858 749 4923 de
765 4880 848 4925 suae
872 4861 1062 4931 functionis
1086 4869 1224 4956 magni-

241 4958 387 5039 tudine,
414 4959 640 5047 inspiciemus
656 4957 872 5041 doctrinam,
898 4964 989 5029 etde
1006 4968 1151 5035 caeteris
1169 4994 1224 5037 re-

240 5062 327 5146 bus,
368 5059 496 5149 quibus
523 5072 642 5125 nostra
676 5058 858 5146 diligentia
882 5074 1061 5155 utcunque
1091 5070 1224 5139 mederi

237 5173 373 5252 potest,
398 5158 577 5226 vobiscum
596 5158 881 5231 deliberabimus.

343 5292 439 5363 Haec
467 5302 506 5358 ut
530 5292 655 5358 ordine
678 5289 782 5378 fiant,
824 5295 977 5383 primum
1008 5320 1104 5369 utine
1133 5302 1226 5373 iuter

245 5397 402 5488 publicas
418 5412 556 5485 preces,
589 5391 720 5482 quibus
741 5392 911 5481 petimus,
939 5410 979 5468 ut
996 5395 1091 5471 Deus
1114 5418 1226 5473 aeter-

590 350 751 427 DECL.
790 350 864 425 DE
896 347 1141 425 OFFlClO
1174 342 1603 423 MlNlSTRORUM
1634 342 1844 422 EVANG.

2153 346 2231 419 704

1249 540 1317 587 nus
1328 515 1433 586 Pater
1447 513 1595 585 Domini
1611 514 1724 583 nostri
1741 511 1819 584 Iesu
1839 509 1972 585 Christi
1990 527 2106 584 servet
2123 514 2236 584 mini-

1251 617 1394 686 sterium
1410 610 1615 705 Evangelii,
1640 614 1801 685 Pastores
1824 610 2015 694 hortabor,
2041 628 2079 685 ut
2102 616 2146 684 de
2169 641 2237 686 suo

1252 716 1367 786 officio
1383 716 1570 805 diligenter
1582 715 1745 806 cogitent.
1781 711 1821 782 ln
1838 715 1998 806 quolibet
2015 716 2106 786 vitae
2122 720 2237 804 gradu

1251 817 1404 908 primum
1419 814 1617 905 intelligere
1632 838 1908 907 unumquenque
1921 838 2060 884 necesse
2074 827 2137 899 εει,
2152 841 2237 908 pro-

1250 918 1368 1008 prium
1383 938 1466 985 suae
1478 938 1646 1007 personae
1663 938 1810 996 munus,
1835 929 1869 985 et
1887 915 1942 1009 (ut
1957 939 2023 983 nos
2039 915 2238 1010 loquimur)

1251 1016 1471 1085 vocationem
1494 1036 1613 1094 suam,
1643 1039 1664 1084 a
1688 1039 1776 1105 quo,
1810 1016 1855 1083 ad
1877 1017 1974 1107 quod
1999 1039 2088 1106 opus
2110 1017 2237 1087 delecti

1252 1115 1379 1194 simus,
1412 1139 1501 1207 quae
1525 1112 1673 1197 auxilia,
1712 1115 1772 1207 qui
1795 1114 1906 1184 exitus
1929 1116 2134 1205 expectandi
2155 1118 2238 1202 siut,

1254 1239 1342 1308 quae
1358 1215 1404 1282 sit
1417 1216 1535 1283 lutura
1554 1215 1714 1282 laborum
1731 1225 1765 1283 et
1782 1216 2014 1285 certaminum
2038 1230 2147 1299 meta,
2180 1219 2238 1286 cui

1253 1316 1432 1385 reddenda
1447 1316 1491 1383 sit
1507 1314 1666 1383 omnium
1684 1313 1912 1383 consiliorum
1929 1326 1963 1382 et
1979 1316 2156 1384 actionum
2180 1341 2238 1386 ra-

1255 1417 1318 1487 tio.
1378 1412 1474 1482 Haec
1495 1438 1569 1481 non
1592 1413 1744 1502 cogitare
1766 1412 1803 1480 iu
1832 1414 1920 1497 vita,
1951 1429 2074 1505 stupor
2095 1432 2166 1501 est,
2198 1432 2240 1487 ut

1256 1514 1357 1583 multi
1373 1514 1538 1582 omnibus
1551 1514 1770 1603 temporibus
1785 1513 1971 1584 sacriliculi
1987 1516 2150 1596 suemnt,
2176 1519 2239 1609 qui

1255 1636 1437 1705 nunquam
1460 1635 1577 1683 secum
1600 1613 1668 1701 ipsi
1690 1612 1956 1704 quaesiverunt,
1989 1618 2084 1707 quod
2108 1640 2238 1686 munus

1257 1715 1480 1786 sustinerent.
1514 1710 1683 1803 Exempla
1696 1712 1933 1805 sequebantur
1948 1727 1985 1785 ut
1998 1714 2135 1798 simiae,
2154 1742 2237 1785 cum

1258 1814 1419 1882 viderent
1434 1813 1521 1882 alios
1536 1836 1673 1882 servare
1689 1826 1801 1881 certos
1818 1813 1908 1882 ritus
1922 1815 2092 1897 adaram,
2117 1816 2235 1884 imita-

1258 1918 1387 1983 bantur
1407 1937 1527 1980 eorum
1543 1925 1676 2001 gestus,
1703 1914 1903 2000 ignorantes
1918 1913 2002 2005 qnid
2018 1928 2168 2002 agerent.

1358 2008 1549 2104 Postquam
1567 2025 1683 2081 autem
1700 2008 1796 2080 Deus
1812 2013 1982 2082 immensa
2000 2014 2238 2084 misericordia

1258 2115 1363 2182 nohis
1388 2112 1499 2180 lucem
1521 2108 1707 2199 Evangelii
1734 2113 1910 2197 accendit,
1943 2128 1978 2183 et
1998 2137 2063 2183 nos
2085 2117 2128 2183 de
2149 2116 2241 2184 veris

1259 2213 1450 2300 evangelici
1478 2212 1665 2280 ministerii
1694 2212 1818 2280 officiis
1848 2215 2134 2297 commonefecit,
2183 2240 2243 2283 ex-

1260 2335 1358 2384 cussa
1376 2312 1492 2402 priore
1503 2312 1675 2393 socordia,
1700 2312 1886 2397 discamus,
1912 2317 2007 2406 quod
2023 2316 2069 2385 sit
2084 2330 2242 2386 nostrum

1261 2436 1412 2493 munus,
1450 2410 1546 2480 etin
1571 2435 1611 2480 eo
1637 2412 1801 2481 obeundo
1824 2413 2041 2501 diligentiam
2075 2429 2108 2484 et
2136 2416 2239 2483 fidem

1262 2526 1486 2603 praestemus.
1537 2508 1668 2599 Magna
1692 2535 1746 2580 res
1770 2526 1839 2595 εει,
1872 2528 1907 2582 ει
1932 2538 1951 2583 a
1973 2512 2047 2584 Deo
2070 2515 2241 2597 instituta,

1261 2628 1296 2683 et
1310 2613 1386 2680 sine
1400 2611 1529 2680 auxilio
1548 2608 1615 2679 Dei
1629 2612 1868 2681 administrari
1886 2637 1959 2681 non
1977 2629 2091 2704 potest
2115 2616 2243 2705 guber-

1263 2713 1361 2781 natio
1389 2710 1549 2799 politica:
1597 2711 1658 2778 sed
1680 2707 1764 2779 haec
1785 2727 1897 2782 vestra
1925 2715 2079 2795 functio,
2118 2719 2243 2783 docere

1262 2809 1496 2900 Evangelium
1510 2806 1661 2893 Christi,
1685 2811 1835 2881 retinere
1851 2816 2034 2903 puritatem
2043 2812 2242 2902 Evangelii,

1264 2913 1457 2981 diiudicare
1472 2911 1675 2999 dogmatum
1691 2916 1961 2998 controversias,
1986 2938 2101 3003 regere
2114 2912 2240 2984 Eccle-

1264 3013 1370 3090 siam,
1398 3024 1430 3080 et
1444 3009 1615 3079 sustinere
1633 3005 1786 3080 hostium
1803 3014 1951 3099 furores,
1975 3016 2078 3104 louge
2090 3028 2240 3104 superat,

1263 3112 1444 3201 dignitate,
1469 3110 1675 3179 difficultate
1690 3124 1725 3180 et
1737 3115 1979 3202 magnitudine
1996 3116 2245 3206 periculorum,

1264 3211 1552 3301 gubernationem
1575 3210 1763 3299 politicam.

1365 3306 1441 3379 Etsi
1465 3309 1613 3377 inferior
1634 3310 1773 3377 videtur
1797 3302 1854 3374 hie
1876 3312 2024 3395 gradus,
2065 3317 2149 3407 quia
2173 3337 2246 3383 non

1267 3433 1386 3481 sumus
1404 3408 1533 3477 muniti
1555 3408 1707 3499 potentia
1727 3419 1761 3475 et
1781 3405 1925 3496 opibus:
1956 3422 2078 3480 tamen
2103 3439 2152 3483 re·
2165 3437 2247 3483 vera

1267 3508 1464 3579 ministerio
1482 3510 1683 3598 evangelico
1712 3507 1810 3576 nulla
1834 3507 1969 3579 lunmio
1992 3515 2159 3584 mandata
2182 3540 2249 3583 an-

1266 3610 1352 3700 gelis
1369 3632 1408 3677 ac
1423 3604 1693 3680 hominibus'in
1709 3608 1806 3677 coelo
1824 3607 1910 3675 etin
1925 3621 2017 3680 terra
2033 3613 2148 3679 maior
2162 3630 2225 3681 est.

1368 3706 1440 3779 Res
1459 3709 1550 3798 ipsas
1565 3721 1682 3779 mente
1702 3709 1917 3792 intueamur,
1947 3723 1981 3778 et
2004 3710 2178 3798 paulisper
2198 3715 2245 3779 ab

1268 3809 1420 3880 externis
1435 3809 1633 3896 tragoediis,
1651 3832 1740 3900 quae
1754 3806 1952 3897 impediunt
1967 3808 2142 3903 iudicium,
2158 3833 2243 3877 ocn-

1268 3912 1322 3979 los
1337 3909 1572 3981 deflectamus.
1621 3907 1701 3978 Non
1723 3908 1892 3978 intuearis
1912 3908 1952 3976 iu
1968 3907 2076 3978 Paulo
2090 3910 2248 3994 vulnera,

1269 4008 1470 4099 compedes,
1502 4008 1693 4101 supplicia,
1735 4031 1808 4076 non
1843 4008 1881 4076 iu
1906 4006 2046 4078 Pastore
2078 4009 2249 4099 inopiam,

1270 4110 1485 4201 squalorem,
1515 4109 1658 4191 samem,
1691 4108 1811 4179 exilia:
1850 4108 1910 4175 sed
1941 4108 2056 4197 ipsum
2087 4111 2250 4179 ministe-

1270 4210 1375 4279 rium.
1425 4204 1549 4279 Edidit
1569 4233 1611 4277 ex
1632 4230 1759 4278 arcano
1781 4208 1863 4276 sinu
1876 4203 1973 4276 Deus
1993 4232 2114 4277 vocem
2130 4206 2252 4277 Evan-

1273 4310 1333 4397 lii,
1367 4304 1432 4377 hac
1447 4307 1579 4397 colligit
1594 4309 1662 4377 sibi
1684 4321 1861 4377 aeternam
1873 4302 2089 4392 Ecclesiam,
2121 4303 2186 4377 hac
2213 4309 2251 4377 in

1271 4410 1450 4479 mentibus
1470 4410 1628 4479 accendit
1650 4432 1776 4477 novam
1803 4407 1938 4489 lucem'‚
1978 4422 2012 4477 ει
2041 4431 2160 4477 veram
2179 4409 2252 4478 Dei

1273 4510 1509 4597 agnitionem,
1531 4503 1596 4578 hac
1612 4532 1695 4576 voce
1708 4506 1818 4576 effuso
1834 4505 1872 4573 iu
1888 4528 1953 4574 uos
1970 4506 2104 4594 Spiritu
2120 4521 2253 4591 sancto,

1274 4604 1472 4678 inchoatio
1488 4609 1591 4677 nobis
1609 4607 1717 4676 vitam
1733 4621 1926 4688 aeternam,
1951 4619 1991 4674 ut
2007 4605 2139 4676 Paulus
2153 4608 2254 4676 asfir-

1273 4723 1355 4790 mat,
1381 4709 1517 4778 dicens:
1542 4702 1775 4795 Evangelium
1790 4729 1863 4774 esse
1879 4706 2070 4794 potentiam
2080 4706 2156 4785 Dei,
2182 4731 2254 4799 qua

1274 4808 1362 4878 salvi
1377 4808 1463 4877 liant
1478 4809 1669 4879 credentes.
1704 4804 1752 4877 Et
1766 4810 1809 4875 ad
1818 4800 2026 4875 Corinthios
2042 4807 2106 4874 ait:
2134 4803 2255 4876 Evan-

1273 4909 1404 4998 gelium
1420 4929 1493 4976 esse
1506 4906 1741 4977 ministerium
1754 4905 1925 4997 Spiritus,
1958 4929 2031 4974 non
2049 4906 2189 4986 literae,
2217 4909 2254 4976 id

1275 5022 1336 5091 est,
1360 5031 1422 5099 per
1437 5008 1532 5098 quod
1548 5008 1658 5077 effuso
1673 5008 1712 5076 in
1727 5019 1862 5077 meotes
1870 5004 2005 5095 Spiritu
2020 5020 2157 5091 sancto,
2181 5008 2256 5078 vita

1274 5123 1413 5179 aeterna
1431 5109 1643 5181 accenditur.

1376 5207 1493 5279 Huius
1507 5209 1597 5278 tanti
1614 5208 1769 5277 muneris
1784 5205 2006 5292 magnitudo,
2031 5208 2130 5276 nulla
2147 5208 2258 5278 ullius

1276 5309 1411 5397 angeli,
1457 5322 1517 5380 aut
1544 5303 1700 5377 hominis
1730 5307 1928 5398 eloquentia
1956 5307 2039 5374 satis
2060 5310 2258 5397 praedicari

1276 5422 1399 5501 potest.
1450 5407 1541 5478 Nam
1556 5403 1625 5477 hoc
1645 5433 1718 5477 uno
1732 5429 1879 5478 munere
1894 5401 2052 5476 homines
2070 5410 2260 5500 praecipue
