4732 6030
154 214 231 295 039
411 142 415 149 Ι
610 197 770 275 DECL.
801 193 878 270 DE
912 190 1143 269 lOANNE
1176 191 1327 271 DUCE
1360 193 1485 269 SAX.
1519 193 1722 273 ELECT.
1771 184 1774 189 ’
2120 196 2199 275 900

158 384 239 458 lesti
257 377 416 453 Ecclesia
437 376 617 457 futurum,
642 386 681 445 ut
698 372 829 444 iterum
846 368 1052 440 dulcissima
1069 389 1152 437 eon·
1206 368 1385 440 laudanda
1402 381 1472 454 est,
1503 369 1599 461 quod
1620 392 1694 438 non
1714 368 1829 440 voluit
1848 369 1989 440 misceri
2009 368 2204 462 opiniones

159 485 347 561 suetudine
373 482 548 548 fruantur.
594 475 702 546 'Cum
727 474 837 563 igitur
850 469 1054 542 Frideriens
1077 483 1156 539 tan·
1206 473 1427 564 peregrinas,
1454 481 1489 539 et
1503 470 1648 540 inutiles
1662 467 1861 558 Ecclesiae,
1886 496 1967 542 curn
1987 485 2108 542 tamen
2123 495 2205 542 mo·

162 613 271 685 quam
294 609 334 655 ex
350 577 416 651 hac
431 578 582 649 statione
604 577 778 648 abductus
794 587 903 658 esset,
927 571 1079 643 loannes
1094 594 1157 662 pa·
1207 575 1251 642 tis
1274 571 1575 665 disputationibus
1604 587 1690 643 tunc
1718 595 1845 663 magna
1870 585 1959 644 esset
1984 572 2203 666 opinionum

162 693 251 764 triae
267 686 362 759 solus
379 681 544 774 praefuit.
1207 677 1371 745 varietas:
1394 674 1609 744 sed'curavit
1624 686 1663 744 ut
1679 697 1734 743 res
1749 675 1964 744 necessariae
1976 675 2205 745 illustraren-

267 785 375 857 Plebe
393 807 475 853 mox
498 795 660 852 revocata
677 781 722 850 ad
740 779 916 862 officium,
941 799 1031 870 quae
1056 774 1157 843 illum
1208 791 1283 861 tur,
1310 792 1343 846 et
1359 789 1488 846 extaret
1502 776 1616 845 forma
1631 776 1812 845 doctrinae
1826 779 1871 845 de
1884 777 2051 847 omnibus
2068 778 2205 848 articu-

164 909 379 989 quoeunque
393 909 429 955 se
446 885 624 972 vertebat,
651 883 861 972 agnoscebat
876 894 908 950 ct
925 879 1160 947 venerabatur
1207 879 1264 963 lis,
1287 901 1393 971 qnam
1409 890 1443 945 et
1456 877 1543 946 aliae
1559 873 1736 946 Ecclesiae
1752 879 1809 969 pie
1823 879 1922 972 sequi
1940 892 2095 968 possent,
2113 880 2206 952 sicut

165 1008 206 1068 ut
224 1006 377 1085 patrem,
395 999 430 1057 et
445 1010 541 1056 arma
556 1008 676 1054 errore
691 997 848 1074 sumpta,
873 995 999 1072 sponte
1016 978 1159 1047 abiicie·
1208 993 1324 1071 postea
1343 975 1433 1048 hanc
1448 1000 1608 1049 normam
1633 979 1722 1047 aliae
1735 979 1896 1068 regiones
1917 995 1951 1049 et
1965 978 2203 1071 Respublicae

165 1100 243 1169 bat:
271 1092 387 1184 prima
403 1088 521 1158 statim
536 1111 618 1156 cura
632 1085 720 1169 fuit,
742 1098 782 1153 nt
797 1085 832 1152 in
851 1098 923 1153 tota
939 1081 1074 1150 ditione
1089 1075 1159 1148 Ec·
1209 1095 1345 1152 secutae
1367 1094 1461 1150 sunt.
1514 1077 1653 1149 Deinde
1676 1093 1710 1150 et
1730 1081 1928 1151 constantia
1949 1082 2129 1151 laudanda
2150 1097 2201 1155 est

167 1197 293 1270 etesiae
316 1191 586 1282 inspicerentur.
644 1186 735 1256 Nam
761 1203 795 1258 et
824 1197 917 1253 reete
940 1180 1160 1272 intelligebat
1209 1184 1248 1252 in
1270 1182 1524 1253 asseveratione
1547 1183 1727 1251 doctrinae
1753 1206 1855 1251 verae
1876 1197 1911 1252 et
1938 1181 2120 1268 salutaris,
2151 1200 2201 1256 est

167 1303 243 1391 ipse
257 1294 455 1367 doctrinam
472 1294 515 1361 de
528 1289 623 1375 Deo,
647 1303 682 1360 et
695 1286 810 1358 Deum
828 1309 910 1354 vera
923 1285 1052 1376 pietate
1065 1282 1159 1352 cole·
1210 1300 1244 1356 et
1258 1309 1320 1356 sua
1339 1285 1414 1353 laus
1433 1284 1641 1367 modestiae,
1668 1285 1765 1376 quod
1779 1306 1883 1353 nemo
1900 1284 1996 1374 pacis
2012 1286 2205 1357 studiosior

168 1405 248 1484 bat,
275 1421 313 1467 ac
336 1417 439 1464 mane
460 1393 619 1487 quotidie
644 1391 689 1459 ad
713 1412 812 1459 suam
837 1387 1074 1479 precationem
1097 1385 1160 1452 ad·
1209 1387 1288 1472 fuit,
1313 1388 1410 1478 quod
1427 1386 1593 1468 ostendit,
1619 1408 1697 1453 cum
1715 1385 1795 1454 aliis
1807 1409 1904 1455 arma
1919 1408 2040 1455 errore
2055 1401 2208 1480 sumpts,

168 1502 357 1590 iungebat,
387 1519 566 1565 sacrorum
588 1495 763 1562 librorum
790 1489 988 1561 lectionem.
1047 1487 1161 1555 Norat
1200 1479 1397 1579 'ipsevelut
1416 1486 1641 1556 demonibus
1662 1487 1818 1560 extorsit.
1866 1484 1956 1558 Erat
1974 1489 2145 1573 omnino,
2169 1504 2208 1560 ut

170 1604 279 1694 igitur
304 1598 534 1691 praecipuum
563 1619 635 1664 esse
658 1592 812 1662 officium
837 1590 997 1660 omnium
1026 1587 1159 1679 princi·
1211 1588 1645 1664 Lacedaemonioslandat
1659 1584 1900 1683 Thucydides,
1925 1583 2130 1684 φιλήσυχος
2142 1587 2209 1662 καὶ

169 1729 276 1799 pum,
308 1722 434 1769 sonare
457 1698 494 1765 in
518 1719 644 1785 genere
667 1690 824 1763 humano
849 1716 970 1761 vocem
991 1690 1162 1777 divinam,
1211 1684 1443 1786 δραστήριος.
1493 1686 1686 1759 Evidentia
1710 1705 1825 1759 autem
1851 1691 2007 1762 veritatis
2029 1705 2127 1763 tanta
2156 1707 2208 1762 est

171 1819 207 1876 et
220 1824 342 1874 curare
364 1813 404 1869 ut
426 1799 578 1890 populus
599 1809 690 1866 recte
705 1796 883 1864 doceatur.
907 1840 910 1846 -
937 1792 1043 1862 Dedit
1061 1814 1163 1859 man·
1212 1794 1251 1861 in
1266 1793 1496 1875 confessione,
1522 1793 1786 1861 conserentibus
1799 1816 1876 1860 earn
1890 1794 1934 1860 ad
1947 1794 2074 1876 fontes,
2100 1795 2206 1864 vide·

172 1910 253 1978 data
270 1903 481 1984 liberaliter,
508 1914 546 1969 ut
566 1898 834 1989 praeficerentur
855 1894 974 1963 idonei
987 1891 1161 1975 pastores,
1213 1896 1345 1964 licetad
1357 1895 1554 1962 doctrinam
1570 1894 1735 1964 traditam
1746 1916 1806 1983 per
1821 1893 1933 1962 lilium
1942 1889 2020 1973 Dei,
2041 1893 2205 1986 Prophe·

173 2022 208 2078 et
224 2004 407 2096 egentibus
420 1998 588 2071 Ecclesiis
606 2001 739 2069 reditus
755 1996 1044 2065 attribuerentur.
1212 2010 1265 2066 tas
1280 1993 1524 2086 etApostolos,
1549 2008 1583 2065 et
1598 1996 1642 2062 sd
1655 1995 1827 2087 symbola,
1854 2008 1893 2064 ut
1907 1995 2011 2064 bonis
2024 1998 2207 2069 mentibus

275 2103 319 2174 ln
342 2128 382 2174 ea
402 2103 637 2194 inspectione,
663 2124 743 2169 cum
764 2093 938 2167 Gottbani
961 2111 993 2166 et
1020 2095 1163 2165 lsenna·
1213 2097 1385 2167 iudicium
1403 2120 1476 2164 non
1494 2098 1538 2166 sit
1553 2095 1707 2168 difficile.
1744 2095 1865 2190 ltaque
1882 2120 2086 2191 quanquam
2101 2101 2208 2169 multi

173 2230 292 2281 censes
307 2218 467 2296 peterent
482 2201 681 2271 confirmari
697 2200 925 2267 donationem
943 2221 1031 2291 quae
1042 2193 1163 2266 Eccle-
1213 2199 1391 2291 eyclopico
1409 2210 1611 2287 contemptu
1630 2198 1693 2268 Dei
1712 2198 1868 2289 (semper
1882 2199 1979 2268 enim
1999 2199 2125 2270 talium
2140 2200 2208 2271 ali-

173 2313 235 2382 siis
257 2310 346 2378 facta
369 2318 463 2389 erat,
490 2316 524 2372 et
548 2304 585 2371 in
608 2301 720 2372 literis
745 2301 946 2370 recitassent
963 2297 1165 2367 Friderieus
1214 2313 1356 2392 quaest
1384 2300 1595 2390 multitudo)
1625 2302 1878 2384 adversantur,
1911 2314 2028 2370 tamen
2051 2324 2116 2371 nos
2141 2297 2208 2372 hae

173 2409 366 2505 Myconius
397 2420 430 2477 et
463 2403 580 2474 lustus
612 2401 756 2472 Menios
785 2401 919 2471 dictum
945 2401 1040 2492 quod
1074 2411 1163 2467 extat
1214 2400 1454 2470 consolatione
1469 2414 1722 2470 sustentemusr
1754 2398 1861 2488 Quod
1879 2415 1930 2472 est
1955 2399 2105 2486 exDeo,
2130 2427 2204 2472 non

172 2512 268 2606 apud
285 2506 446 2591 Esaiam,
471 2529 568 2596 reges
586 2518 691 2574 erunt
706 2504 899 2572 nutritores
915 2498 1104 2581 Ecclesiae,
1131 2512 1165 2568 et
1215 2503 1439 2574 dissolvetur.
1492 2498 1539 2572 Et
1557 2502 1719 2573 videmus
1735 2500 1800 2571 Dei
1819 2504 1985 2572 beneficio
2002 2505 2203 2572 conservari

174 2613 316 2704 reginae
341 2609 514 2680 nutrices:
549 2620 583 2675 et
601 2605 839 2695 scripsissent,
872 2598 939 2671 hoc
955 2602 1049 2671 dicto
1069 2626 1165 2671 com·
1215 2598 1308 2672 hanc
1323 2603 1534 2687 doctrinam.
1587 2602 1658 2674 Nec
1675 2627 1759 2673 vero
1776 2605 1952 2692 negligens
1966 2617 2041 2674 erat
2055 2605 2094 2672 in
2111 2604 2205 2674 iuris

173 2713 358 2785 monefieri
393 2709 571 2802 principes
602 2720 638 2777 et
663 2706 899 2795 respublicas,
943 2717 982 2773 ut
1013 2704 1165 2791 cogitent
1215 2705 1370 2774 dictione
1386 2705 1539 2794 politica,
1565 2719 1600 2775 et
1616 2705 1654 2775 in
1669 2707 1819 2794 regenda
1837 2704 2033 2795 disciplina.
2078 2703 2120 2775 ln
2137 2701 2207 2776 ho·

173 2818 254 2888 ideo
277 2837 388 2904 genus
408 2807 603 2882 humanum
625 2807 843 2886 conservari,
869 2819 902 2874 et
925 2808 1164 2874 consociatum
1215 2805 1362 2874 micidas
1389 2821 1423 2876 et
1453 2807 1492 2874 in
1514 2800 1680 2876 moechos
1701 2804 1916 2876 severissime
1942 2806 2206 2876 animadverte-

173 2941 247 2988 esse
263 2914 440 3009 imperiis,
466 2927 506 2982 ιιι
522 2913 607 2980 inde
625 2910 811 2998 colligatur
827 2903 993 2976 Ecclesia
1046 2904 1166 2994 Quare
1215 2909 1287 2977 bat.
1341 2904 1483 3007 Civipm
1500 2908 1759 2978 controversias
1777 2910 2094 3000 summaaeqnitate
2110 2908 2204 2976 diri·

173 3019 401 3111 praecipuum
424 3016 471 3087 sit
495 3037 626 3084 munus
641 3011 867 3109 principum,
900 3010 1084 3078 consulere
1111 3006 1165 3074 illi
1216 3010 1343 3079 mebat.
1395 3006 1442 3080 Et
1465 3012 1684 3098 gubernabat
1706 3005 1794 3080 haec
1817 3011 1964 3081 consilia
1979 3011 2033 3079 vir
2055 3011 2204 3099 sapiens,

174 3120 269 3211 parti
291 3116 498 3194 bominum,
537 3130 570 3184 et
594 3129 707 3203 tegere
728 3137 768 3181 ae
790 3114 908 3180 fovere
932 3106 1106 3179 Ecclesias
1133 3122 1165 3177 et
1217 3112 1378 3180 eruditus
1404 3125 1438 3180 et
1466 3112 1578 3180 iustus
1593 3109 1791 3182 Pontanus:
1819 3127 1853 3183 et
1868 3109 2129 3182 adhibebantur
2145 3112 2207 3179 alii

176 3242 297 3291 earum
313 3216 494 3287 Doctores.
548 3214 625 3282 Hac
642 3210 769 3282 Esaiae
786 3214 958 3283 sententia
977 3236 1065 3304 quae
1082 3225 1166 3280 tunc
1217 3213 1346 3281 eruditi
1361 3212 1448 3296 viri,
1473 3228 1512 3284 ut
1538 3214 1708 3282 iudicium
1732 3236 1917 3282 consessus
1938 3215 2098 3284 eruditae
2117 3210 2209 3281 Aca·

175 3321 337 3392 nondum
363 3340 465 3407 saepe
483 3314 584 3382 citata
605 3327 695 3394 erat,
722 3315 768 3379 ita
788 3316 978 3382 delectatus
996 3327 1047 3382 est
1063 3311 1166 3381 Prin·
1217 3314 1353 3382 demiae
1375 3314 1500 3381 similis
1522 3329 1619 3385 esset.
1669 3310 1743 3382 Etsi
1762 3326 1878 3381 autem
1898 3329 2027 3383 natura
2051 3314 2209 3383 liberalis

138 3421 156 3439 “
175 3444 273 3515 ceps,
304 3443 386 3489 mox
411 3430 451 3487 ut
476 3414 616 3485 iusserit
643 3414 709 3481 sibi
736 3413 851 3480 locum
876 3413 913 3480 in
937 3411 1039 3481 Esaia
1065 3436 1166 3479 mon·
1217 3428 1308 3496 erat,
1333 3429 1366 3483 et
1388 3416 1663 3485 munificentiam
1687 3436 1765 3502 erga
1790 3413 1970 3506 principes
1993 3418 2134 3508 aliquos
2147 3417 2209 3483 de·

175 3524 290 3601 strati,
316 3534 352 3590 et
367 3517 594 3590 donationem
611 3515 763 3603 benigne
779 3514 1011 3583 confirmavit.
1065 3510 1166 3580 Talia
1218 3515 1380 3585 claravit:
1407 3529 1524 3584 tamen
1540 3516 1770 3606 restringebat
1781 3530 1963 3607 sumptus,
1991 3542 2036 3586 ne
2054 3531 2115 3586 aut
2129 3539 2208 3585 aere

178 3613 1167 3719 pietatisetbeneficentiaeipsiusexemplamultaomitto.
1217 3616 1333 3685 alieno
1361 3618 1511 3707 patriam
1534 3632 1714 3702 oneraret,
1748 3632 1807 3687 aut
1833 3640 1945 3686 norae
1976 3618 2209 3709 expilationes

174 3727 301 3798 Secuta
317 3739 367 3795 est
383 3735 503 3815 postea
518 3719 657 3788 obsidio
671 3715 844 3799 Viennae,
870 3741 940 3809 quo
956 3717 994 3784 in
1010 3714 1166 3806 periculo
1217 3718 1380 3786 miseram
1403 3720 1541 3809 plebem
1565 3723 1658 3790 same
1681 3733 1863 3803 necarent,
1894 3715 1947 3788 Ac
1970 3720 2051 3789 talis
2070 3720 2108 3786 in
2134 3733 2209 3790 tots

175 3831 248 3918 ipse
269 3841 304 3895 et
325 3824 406 3895 Dux
427 3820 603 3912 Georgius
627 3841 771 3906 magnas
795 3819 912 3908 copias
937 3820 980 3886 ad
1007 3815 1167 3885 Viennae
1218 3818 1289 3887 vita
1303 3820 1383 3908 fuit,
1405 3844 1587 3914 nunquam
1606 3821 1858 3913 voluptatibus,
1883 3844 2064 3914 utinquam
2081 3820 2132 3885 ira
2147 3819 2205 3884 vel

173 3928 416 4000 defensionem
434 3926 505 3994 cito
519 3924 703 3991 miserunt.
756 3919 828 3989 Nec
844 3920 916 3988 ulla
941 3918 979 3987 in
1003 3941 1041 3986 re
1055 3917 1167 3987 defuit
1217 3920 1427 4006 ambitione,
1453 3924 1509 3990 vel
1536 3925 1727 4015 cupiditate
1747 3923 1923 3991 vindictae
1945 3924 2050 3989 victus
2070 3917 2206 3986 disces·

173 4033 249 4103 eius
265 4030 419 4099 officium
434 4025 615 4096 communi
633 4021 739 4092 saluti
755 4018 985 4090 Germaniae:
1010 4043 1167 4089 summa·
1217 4021 1262 4091 sit
1278 4046 1297 4090 a
1318 4045 1400 4095 sese.

152 4138 157 4149 '
174 4158 242 4228 que
259 4133 327 4200 lide
340 4127 495 4210 Caesari,
521 4137 708 4219 quaesunt
721 4120 896 4206 Caesaris,
921 4122 1053 4204 etDeo,
1076 4144 1167 4215 quae
1319 4122 1371 4194 Ac
1385 4148 1486 4216 saepe
1499 4121 1589 4195 mibi
1606 4130 1649 4196 de
1665 4151 1706 4194 eo
1723 4125 1906 4214 cogitanti,
1929 4122 2029 4192 venit
2047 4123 2087 4188 in
2105 4143 2211 4189 men.

173 4233 242 4306 Dei
263 4246 365 4314 sunt,
388 4230 599 4321 praestabat.
650 4224 776 4295 Postea
800 4224 909 4314 igitur
929 4223 967 4292 in
989 4235 1166 4292 conventu
1217 4238 1288 4295 tem
1304 4226 1506 4296 dulcissima
1522 4229 1712 4320 descriptio
1729 4227 1843 4296 Marci
1860 4223 2050 4305 Antonini,
2075 4224 2121 4291 de
2137 4246 2209 4315 quo

173 4334 401 4425 Augustano,
426 4329 491 4398 etsi
515 4328 626 4396 multa
644 4339 777 4395 tentata
800 4326 940 4395 suntad
958 4349 1038 4394 eum
1061 4325 1167 4393 infle·
1217 4324 1314 4396 Dion
1337 4329 1470 4422 inquit:
1509 4329 1646 4400 Similis
1672 4330 1738 4398 sibi
1767 4328 1832 4420 ipsi
1863 4350 2000 4419 semper
2022 4326 2110 4413 fuit,
2145 4347 2212 4393 nec

173 4437 360 4513 etendum,
374 4444 428 4507 ‚ut
442 4430 631 4521 puritatem
646 4427 827 4497 doctrinae
843 4450 947 4520 quam
967 4442 1051 4497 tunc
1069 4449 1166 4495 rece-
1217 4443 1371 4499 mutatus
1395 4445 1444 4501 est
1467 4456 1537 4501 una
1561 4432 1598 4499 in
1614 4456 1651 4499 re
1667 4453 1836 4523 unquam.
1859 4445 1935 4501 erat
1947 4442 2062 4497 autem
2080 4426 2214 4509 bonm,

167 4526 282 4630 perat,
304 4548 338 4607 et
352 4546 446 4604 recte
462 4531 694 4619 intelligebat,
714 4527 894 4598 abiiceret:
916 4541 1034 4596 tamen
1049 4527 1167 4595 omni·
1217 4545 1251 4600 et
1269 4528 1359 4599 nibil
1378 4548 1449 4625 erat
1468 4557 1539 4601 non
1560 4533 1737 4617 nativum,
1766 4526 1857 4600 nihil
1874 4543 1987 4600 astute
2003 4529 2213 4598 simulatum

172 4644 238 4711 bus
262 4636 428 4733 perieulis
450 4634 707 4704 confessionem
735 4631 890 4700 veritatis
913 4629 1101 4721 praetulit,
1127 4652 1166 4696 ac
1217 4634 1476 4704 autadscitum.
1514 4633 1612 4702 Talis
1628 4635 1784 4724 prolecto
1801 4647 1876 4702 erat
1890 4647 1923 4701 et
1937 4629 2017 4700 Dux
2033 4629 2212 4699 Saxoniae

173 4765 274 4834 saepe
290 4752 435 4812 testatus
448 4750 515 4820 est,
538 4759 574 4805 se
591 4756 706 4827 neque
723 4733 944 4815 curiositate,
971 4753 1087 4824 neque
1104 4753 1166 4798 cu·
1218 4731 1368 4803 loannes
1391 4734 1543 4807 Elector.
1588 4732 1714 4805 Exitus
1731 4736 1834 4806 etiam
1858 4735 2016 4822 placidus
2035 4731 2116 4803 luit.
2158 4729 2214 4800 Ac

173 4843 320 4939 piditate
332 4843 417 4926 ulla,
442 4864 558 4932 neque
572 4837 691 4908 studio
706 4834 976 4905 contentionisa
993 4855 1165 4902 consensu
1217 4836 1327 4904 animi
1358 4836 1642 4928 aequabilitatem
1672 4838 1711 4905 in
1741 4832 1875 4907 litbiasi
1902 4850 1937 4907 et
1963 4835 2044 4902 aliis
2074 4833 2215 4903 morbis

172 4960 225 5019 tot
249 4947 447 5014 seculorum
473 4955 507 5011 et
528 4940 685 5030 gentium
708 4938 920 5006 discessisse:
948 4938 1008 5004 sed
1031 4960 1068 5004 se
1085 4959 1165 5004 mo·
1217 4951 1302 5006 tunc
1323 4961 1464 5029 quoque
1484 4940 1656 5028 praestitit
1681 4938 1857 5009 eximiam.
1918 4935 2007 5006 Nam
2030 4950 2214 5027 postremo
2269 4990 2272 4995 ,

172 5047 248 5118 veri
264 5044 494 5117 severissimis
508 5042 574 5112 Dei
592 5041 787 5128 mandatis,
814 5061 859 5106 ne
873 5037 1010 5156 agnitaq
1026 5036 1165 5107 veritati
1216 5040 1363 5108 biennio
1380 5052 1457 5129 post
1482 5042 1773 5120 climactericum,
1801 5037 1965 5109 videlieet
1980 5050 2059 5126 post
2075 5061 2216 5108 annum

172 5153 393 5234 adversetur,
419 5170 525 5239 seque
543 5146 580 5214 in
598 5144 710 5213 caruis
733 5141 884 5233 politicis
904 5139 1073 5208 omnibus
1096 5138 1164 5205 im·
1216 5142 1336 5209 aetatis
1356 5141 1468 5230 ipsius
1489 5145 1738 5233 sexagesimum
1759 5142 1923 5219 tertium,
1949 5140 2120 5209 valetudo
2139 5152 2216 5209 erat

172 5254 327 5344 peratori
357 5253 395 5320 in
419 5263 492 5321 tota
516 5247 589 5315 vita
609 5257 814 5313 'reverenter
839 5241 1165 5332 obtemperaturum
1215 5242 1399 5333 incertior,
1421 5268 1491 5337 quo
1516 5260 1674 5336 tempore
1696 5240 1788 5313 banc
1806 5244 2017 5313 levationem
2043 5243 2217 5313 dolorum

171 5374 255 5429 esse.
309 5352 352 5424 ln
366 5348 667 5423 haceonlessione
683 5346 840 5439 primunt
856 5343 1040 5435 diligentia
1057 5340 1165 5438 ipsius
1215 5349 1403 5436 quaerebat
1418 5348 1653 5440 praecipuam,
1678 5347 1855 5439 colloquia
1869 5345 1958 5414 alias
1972 5368 2051 5415 eum
2069 5344 2218 5417 filiabus
