4732 6030
80 357 154 433 878
661 351 819 428 DECL.
852 350 926 426 DE
958 347 1234 425 ENCOMlO
1268 345 1537 426 SUEVIAE.
2043 351 2120 427 su

81 531 177 602 lame
193 553 274 602 eum
292 542 490 604 necaturus.
543 526 641 619 Quid
659 527 812 600 accidit?
845 526 930 598 Post
947 548 1076 618 paucos
1141 524 1208 595 No.
1222 521 1284 597 61.
1900 529 2119 616 (m.1538.?)

83 634 160 704 dies
174 656 257 724 grex
272 632 388 702 scabie
404 646 440 704 et
455 631 654 725 pestilentia
673 631 839 702 moritur.
875 627 945 700 Hic
960 629 1076 719 coepit
1891 622 2122 657 “¹⁶‘'-

83 748 259 829 pastorem
276 735 442 805 saevitiae
455 759 539 806 suae
551 733 752 827 poenitere,
776 758 856 803 cnm
872 742 1076 823 agnosceret
1365 734 1641 822 Empulum
1669 736 1880 825 sueviae,

83 861 121 908 se
136 837 309 908 divinitus
332 838 466 929 puniri.
519 835 678 910 Rediens
703 835 812 926 igitur
831 837 876 904 ad
900 835 1076 916 arborem,
1702 913 1710 928 θ

84 960 224 1010 servum
240 939 379 1011 invenit
392 936 509 1011 adhuc
526 939 659 1024 vivum,
685 939 912 1020 incolumem,
937 949 972 1007 et
984 937 1075 1005 bene
1197 912 2121 1057 lffidsffiwffi‘'⁶2⁹5“{QJPJ213322T‘TT1³93²&

85 1041 269 1115 valentem.
329 1041 481 1136 Cunque
512 1042 763 1130 interrogaret,
801 1042 898 1110 unde
931 1037 1076 1107 interim
1231 1053 1383 1135 Quoanao
1397 1051 1567 1136 scriptasit,
1584 1051 1769 1135 definitam
1783 1052 1877 1126 poton
1903 1062 2120 1110 cotemnen-

83 1143 189 1216 alitus
202 1158 302 1231 esset,
327 1148 517 1236 respondet
532 1166 666 1226 servus,
688 1141 810 1213 Musas
826 1143 864 1210 in
878 1166 954 1211 eam
968 1141 1076 1210 arbo·
1230 1141 1353 1180 ΨΜ
1366 1123 1501 1178 ΜΨ·
1514 1131 1614 1196 ‘⁰⁰9¹'
1627 1122 1744 1182 ardetur.

83 1269 159 1315 rem
172 1270 320 1317 examen
337 1272 443 1340 apum
461 1247 609 1332 misisse,
635 1269 725 1341 quae
740 1246 844 1315 mella
860 1244 913 1314 ibi
927 1244 1078 1313 contice-

83 1361 182 1433 rent,
208 1345 277 1420 hoc
292 1350 396 1420 melle
412 1373 448 1419 se
464 1351 598 1421 interea
612 1360 845 1418 sustentatum
860 1370 945 1417 esse.
983 1344 1077 1414 Petit

83 1472 169 1539 ergo
194 1446 300 1522 herus
322 1453 461 1522 veniam
484 1452 646 1533 sceleris,
672 1465 707 1523 et
728 1450 886 1540 agnoscit
902 1450 980 1542 pios
997 1443 1074 1517 Deo

82 1576 190 1623 curae
207 1576 297 1641 esse,
322 1555 441 1649 eisque
456 1556 486 1624 si
510 1578 584 1624 non
601 1575 747 1644 magnas
762 1575 863 1645 opes,
888 1564 924 1622 at
939 1549 1077 1620 medio·
1126 1537 1221 1622 Non
1244 1550 1391 1635 dubito,
1414 1548 1503 1644 quin
1527 1549 1688 1644 plerique
1706 1549 1901 1638 mirentur,
1926 1552 2014 1646 quid
2030 1550 2121 1624 mihi

82 1654 158 1724 cria
182 1659 365 1727 commoda
391 1657 620 1749 suppeditari.
680 1654 756 1725 Hac
777 1678 843 1725 nos
866 1678 927 1745 spe
946 1653 1076 1723 confir·
1128 1653 1166 1721 in
1187 1667 1342 1723 mentem
1362 1653 1520 1736 venerit,
1543 1677 1607 1723 cur
1622 1651 1759 1725 Suevos
1774 1653 2015 1747 potissimum,
2037 1681 2121 1748 pro-

81 1780 238 1840 memus,
271 1774 306 1831 et
338 1773 431 1830 recta
461 1783 500 1830 ac
536 1759 638 1830 utilia
670 1758 786 1828 studia
813 1757 1077 1848 amplectamur.
1128 1756 1187 1824 cul
1208 1756 1253 1825 ab
1270 1755 1415 1825 illorum
1431 1755 1562 1824 linibus
1576 1768 1701 1842 natus,
1727 1755 1872 1828 laudare
1889 1758 2121 1847 instituerim;

82 1856 257 1931 Fortassis
279 1861 385 1935 etiam
404 1852 563 1932 Ecclesia
593 1863 661 1932 erit
684 1861 877 1952 aliquando
901 1856 1077 1950 tranquil·
1129 1857 1260 1951 quibus
1287 1856 1426 1926 tametsi
1451 1851 1520 1926 hoc
1544 1860 1758 1949 respondere
1781 1873 1963 1951 poteram,
1996 1883 2061 1930 nos
2084 1861 2122 1931 in

82 1960 172 2046 lior,
197 1988 277 2033 cum
302 1966 346 2033 ad
365 1964 597 2034 iudicandum
616 1957 884 2033 adhibebuntur
899 1959 967 2026 viri
988 1958 1076 2026 boui
1129 1957 1445 2027 declamationibus
1463 1982 1537 2027 non
1553 1960 1668 2045 anxie,
1682 1973 1744 2031 aut
1757 1961 2000 2053 superstitiose
2016 1986 2124 2053 argu·

82 2076 119 2133 et
133 2065 247 2152 docti,
271 2067 334 2160 qui
350 2067 609 2135 controversias
626 2066 731 2157 plane
747 2077 781 2132 et
794 2060 1003 2151 simpliciter
1018 2082 1078 2126 ex·
1130 2072 1247 2130 menta
1278 2060 1406 2149 eligere
1435 2060 1566 2141 solere,
1600 2064 1660 2131 sed
1689 2063 1763 2132 iere
1793 2086 1875 2133 casu
1903 2063 2033 2135 oblatis
2055 2066 2123 2136 uti.

81 2165 217 2258 plicare
237 2180 424 2258 poterunt,
449 2182 483 2238 et
505 2192 585 2236 cum
611 2166 754 2236 mitiora
774 2163 892 2235 studia
915 2156 1078 2231 homines
1127 2160 1306 2232 Nonnulli
1326 2162 1431 2231 etiam
1448 2165 1643 2254 paradoxas
1656 2166 1840 2251 materias,
1866 2179 1907 2237 ut
1922 2166 1959 2234 in
1978 2191 2015 2237 re
2028 2169 2123 2237 diffi-

82 2267 201 2337 colere
218 2269 408 2361 coeperint
1129 2265 1190 2335 cili
1213 2265 1443 2357 experiantur
1463 2264 1599 2355 ingenii
1623 2267 1736 2353 vires,
1767 2280 1925 2342 sumunt.
1983 2267 2124 2343 Tamen

1129 2390 1192 2457 ego
1215 2381 1311 2436 certo
1334 2368 1489 2459 quodam
1511 2368 1661 2439 consilio
1681 2365 1750 2441 hoe
1770 2386 2019 2462 argumentum
2045 2395 2123 2443 sus·

188 2465 309 2556 Quare
330 2465 483 2538 invitent
501 2466 757 2549 adolescentes,
780 2463 989 2554 magnitudo
1012 2484 1079 2554 pu·
1129 2470 1204 2562 cepi
1237 2471 1473 2544 tractandum.
1541 2466 1685 2541 Etenim
1720 2496 1800 2543 cum
1829 2498 1938 2565 pravo
1968 2477 2123 2566 quodam

84 2570 199 2639 blicae
232 2570 416 2656 utilitatis,
459 2570 612 2660 dignitas
647 2568 887 2661 eloquentiae,
924 2567 1079 2658 denique
1129 2572 1247 2643 studio
1277 2566 1459 2652 homines,
1502 2585 1536 2641 et
1568 2566 1762 2663 philautia,
1800 2588 1939 2644 nostros
1970 2577 2123 2644 nimium

85 2672 191 2742 etiam
208 2685 342 2742 caetera
365 2673 538 2764 praemia,
563 2686 604 2742 ut
619 2695 655 2742 se
671 2672 802 2740 dedant
817 2663 874 2739 his
898 2668 1010 2738 literis
1025 2680 1080 2736 at·
1129 2697 1305 2759 amemus,
1343 2689 1478 2744 exteros
1509 2686 1797 2761 contemnamus,
1839 2676 2035 2765 cogitabam
2067 2700 2125 2746 me

87 2798 155 2868 que
171 2774 326 2860 artibus,
353 2799 443 2869 quae
458 2776 503 2846 ad
520 2773 759 2868 eloquentiam
776 2774 1000 2853 conducunt,
1024 2792 1079 2839 se·
1130 2773 1276 2847 honeste
1298 2777 1475 2846 facturum
1498 2799 1594 2867 esso,
1620 2777 1649 2846 ai
1667 2777 1803 2868 gentis,
1829 2803 1921 2874 qnae
1939 2772 2023 2848 hino
2039 2803 2124 2870 pro.

88 2901 153 2968 qne
177 2876 216 2944 in
237 2873 306 2947 hoc
329 2900 456 2968 genere
480 2890 681 2953 exerceant,
709 2875 806 2945 etad
828 2897 884 2942 res
908 2873 1079 2943 maximas
1129 2881 1187 2951 cul
1207 2879 1323 2957 abest,
1346 2877 1470 2948 laudes
1489 2878 1711 2968 colligerem,
1738 2893 1772 2951 et
1787 2881 2124 2952 commonefacerem

86 2992 313 3071 praeparent,
338 2981 542 3072 praesertim
562 3001 642 3046 cum
660 2972 718 3044 hic
733 2975 835 3064 laltor
860 2970 999 3042 homini
1022 2974 1080 3040 in·
1129 3005 1210 3066 vos,
1232 2981 1384 3050 alienam
1408 2981 1575 3051 virtutem
1597 3005 1674 3050 non
1698 3004 1772 3052 esse
1798 2981 1935 3053 bonore
1959 3006 1999 3052 ac
2021 3006 2124 3075 prae-

85 3081 229 3171 genioso
246 3083 446 3171 voluptates
463 3079 567 3147 etiam
588 3076 807 3144 dulcissimas
825 3075 949 3165 pariat.
999 3073 1080 3142 Pri·
1129 3085 1305 3153 attentione
1333 3083 1582 3156 fraudandam,
1639 3082 1816 3155 Nonnulli
1843 3099 1927 3157 aont
1948 3084 2124 3175 inganloal

84 3207 185 3254 mum
210 3183 305 3250 enim
327 3181 431 3249 lectio
456 3177 743 3269 gravissimorum
763 3189 927 3246 autorum
944 3178 988 3245 de
1004 3198 1080 3243 ma·
1130 3186 1167 3254 in
1194 3185 1319 3253 alienis
1340 3183 1437 3252 vitiis
1453 3185 1687 3273 insectandis3
1712 3188 1857 3281 qnidam
1875 3188 1980 3257 etiam
1996 3210 2036 3257 ex
2054 3189 2125 3259 cris

81 3285 190 3353 xlmis
213 3282 252 3348 ln
278 3280 417 3372 Repub.
442 3280 599 3349 motibus
621 3277 874 3348 iucundissima
897 3292 949 3349 est
972 3301 1080 3371 quae·
1128 3286 1325 3356 minatione
1345 3286 1521 3372 aliorum,
1542 3288 1725 3377 gravitatis
1745 3290 1876 3360 sarnam
1891 3304 2125 3381 aucupantur,

82 3383 248 3454 rentibus
262 3383 417 3473 exempla
436 3382 588 3468 virtutis,
613 3393 648 3450 et
663 3375 809 3450 honesta
823 3379 969 3449 consilia
987 3381 1079 3450 vitae
1128 3387 1206 3480 Ego
1231 3387 1390 3458 liberalia
1413 3388 1549 3479 ingenii
1571 3412 1645 3460 arao
1668 3391 1778 3478 dono,
1812 3393 1944 3481 magia,
1969 3415 2125 3462 comma.

82 3485 335 3578 privatae'aut
364 3484 537 3576 publicae.
596 3482 737 3554 Deinde
762 3482 911 3551 delectat
938 3495 974 3552 et
1004 3483 1079 3573 ipsa
1130 3490 1328 3562 moratione
1349 3489 1522 3562 virtutum
1545 3491 1741 3563 alienat-nan
1767 3495 1944 3564 delectari,
1997 3493 2126 3584 Qoan.

83 3586 260 3658 orationis
280 3580 486 3670 harmonia,
514 3609 578 3655 ceu
603 3583 741 3654 Musica
764 3587 950 3677 quaedam:
979 3584 1078 3654 nulla
1129 3617 1235 3688 qtoarn
1259 3592 1353 3661 onina
1376 3614 1439 3662 aua
1462 3593 1588 3687 coique
1612 3595 1708 3684 genti
1730 3596 1814 3665 vitia
1835 3619 1908 3665 osso
1926 3595 2124 3681 videam,

85 3703 138 3759 cst
159 3688 255 3757 enim
277 3689 453 3760 cantilena
469 3689 626 3773 dulcior,
652 3710 759 3780 quam
781 3686 895 3756 oratio
913 3687 1079 3756 derebus
1128 3710 1247 3766 tamon
1269 3694 1407 3764 nnllam
1433 3695 1635 3783 nationem,
1675 3698 1881 3789 praesentim
1907 3699 1945 3767 in
1972 3696 2124 3770 Germa.

84 3792 190 3861 bonis
212 3791 388 3861 concinna
410 3805 445 3861 et
461 3792 552 3861 bene
575 3788 778 3881 composita·
832 3787 1014 3857 Postremo
1039 3800 1080 3856 ut
1128 3798 1209 3878 nia,
1236 3796 1397 3866 existimo
1422 3809 1494 3865 tam
1518 3821 1591 3868 esse
1615 3799 1764 3889 perditis
1785 3801 1964 3884 moribus,
1991 3815 2031 3870 ut
2048 3825 2122 3869 non

85 3893 248 3979 canenti,
281 3894 331 3963 sic
356 3893 545 3978 scribenti,
578 3888 663 3962 haec
687 3891 761 3982 ipsa
787 3889 988 3960 exercitatio
1012 3914 1077 3958 vo·
1128 3899 1238 3969 multa
1267 3891 1587 3988 pulcherrimarum
1610 3900 1782 3971 virtutum
1808 3902 1966 3990 exempla
1992 3901 2043 3968 ibi
2067 3925 2123 3970 aa.

84 3995 214 4088 luptati
239 4010 301 4068 est.
356 3995 456 4066 luvat
478 3995 571 4065 enim
596 3991 1079 4085 invenireelquaslglgntre
1130 4001 1243 4090 perire
1267 3998 1390 4090 possis.
1454 3997 1568 4067 Porro
1593 4016 1634 4068 ut
1659 4001 1696 4067 in
1723 4001 1870 4091 privatis
1890 4001 2056 4072 amicitiis
2077 4006 2120 4071 ad

85 4092 233 4169 bonesta
249 4112 473 4189 argumenta,
499 4122 609 4192 eaque
625 4095 853 4178 distribuere,
880 4096 1079 4184 disponere,
1128 4115 1286 4171 mutuam
1310 4099 1592 4167 benevolentiam
1614 4100 1777 4170 alendam
1792 4103 1944 4173 multum
1962 4104 2066 4188 facit,
2093 4106 2123 4175 si

83 4224 235 4286 ornare,
260 4225 340 4272 cunr
363 4203 443 4271 aliis
462 4202 642 4283 conferre,
665 4212 700 4270 et
717 4196 899 4290 inquirere
920 4194 1079 4263 meliora·
1129 4204 1276 4272 virtutes
1292 4198 1395 4270 amici
1414 4201 1513 4269 noris
1530 4214 1565 4271 et
1586 4202 1790 4289 admireris,
1818 4206 1861 4273 ad
1887 4205 1972 4275 vitia
1994 4207 2123 4276 conui-

82 4301 184 4374 Haec
204 4305 414 4374 naturaliter
427 4305 601 4374 delectent
622 4324 705 4371 sana
731 4298 892 4389 ingenia,
919 4310 953 4367 el
970 4320 1077 4390 quae·
1127 4327 1225 4376 veas:
1261 4304 1308 4372 ita
1340 4302 1433 4371 inter
1457 4303 1590 4375 vicinas
1615 4318 1734 4394 gentes
1754 4306 1884 4377 rectius
1906 4310 2123 4396 conveniret,

83 4407 168 4475 dam
193 4407 238 4475 ad
264 4408 431 4477 virtutem
448 4407 504 4476 via
527 4418 595 4491 est,
627 4403 841 4474 assuefacere
857 4401 1016 4470 animum
1033 4401 1079 4468 ad
1127 4408 1156 4476 si
1172 4405 1331 4496 singulae
1350 4404 1500 4474 aliarum
1514 4407 1663 4477 virtutes
1678 4431 1781 4478 nosse
1794 4411 1914 4502 potius
1929 4412 2122 4499 studerent,
2215 4422 2221 4429 ‘

84 4502 150 4580 tus
173 4503 340 4580 honestas
361 4509 560 4600 voluptates
584 4506 831 4595 intelligendas
853 4515 886 4573 et
909 4516 1078 4593 expetcn-
1127 4534 1232 4604 quarn
1256 4508 1353 4580 vitia.
1418 4505 1498 4579 Hoc
1526 4531 1590 4598 ego
1622 4511 1773 4580 consilio
1798 4513 1842 4580 ad
1865 4506 1958 4582 hauc
1980 4536 2121 4584 causam

83 4610 159 4684 das.
210 4606 278 4682 Est
301 4625 335 4684 et
360 4613 423 4681 illa
451 4633 578 4699 magna
603 4608 851 4690 commoditas,
885 4607 982 4699 quod
1011 4600 1077 4674 bae
1127 4612 1272 4693 accessi,
1299 4635 1339 4679 ex
1360 4634 1530 4702 quasane
1547 4627 1708 4683 nontam
1725 4614 1949 4709 eloquentiae
1966 4616 2120 4706 landem,

82 4712 317 4804 elegantiores
349 4716 472 4784 literae
500 4715 537 4780 in
565 4713 662 4780 omni
695 4713 839 4781 fortuna
866 4710 948 4777 rrsui
982 4722 1076 4778 sunt.
1128 4718 1171 4784 de
1185 4714 1306 4809 quain
1325 4709 1391 4780 bac
1408 4713 1540 4801 ingenii
1558 4715 1780 4797 infirmitate,
1807 4734 1841 4786 et
1854 4719 2006 4811 quadam
2025 4743 2120 4789 mea-

82 4812 315 4886 Adminicula
340 4817 481 4887 suntin
506 4814 678 4903 negociis,
703 4814 741 4881 in
759 4813 836 4881 ocio
852 4824 982 4880 ornant
1002 4834 1078 4895 nos,
1127 4842 1206 4887 rum
1223 4838 1343 4886 rerum
1360 4814 1578 4899 difficultate,
1602 4815 1671 4884 iam
1686 4817 1772 4886 olim
1790 4820 1985 4910 desperavi,
2011 4845 2119 4914 quam

83 4930 123 4988 et
135 4932 219 4988 sunt
237 4919 422 5008 voluptati.
475 4917 516 4987 ln
532 4917 640 4987 rebus
661 4916 816 4985 adversis
838 4914 956 4982 levant
980 4937 1077 4982 moe·
1126 4918 1234 4989 officii
1271 4930 1305 4986 et
1334 4908 1567 4986 humanitatis
1599 4918 1736 4987 auferre
1766 4919 1882 5012 cupio.
1951 4920 2121 5012 Proinde,

81 5021 239 5107 stiriam,
262 5021 403 5091 leniunt
417 5043 517 5090 curas
532 5044 572 5089 ac
589 5019 742 5089 dolores.
775 5012 958 5085 Adiuvant
972 5017 1077 5084 etiam
1126 5033 1298 5115 quantum
1316 5031 1456 5087 nostrae
1471 5019 1565 5087 vires
1579 5020 1714 5106 sinent,
1739 5015 1832 5092 lranc
1846 5023 2026 5093 nationem
2040 5027 2120 5096 aine

82 5125 220 5207 bonos,
246 5137 286 5194 ut
307 5122 489 5212 religionis
511 5121 708 5192 doctrinam
731 5114 858 5186 melius
880 5117 1076 5207 intelligere
1126 5124 1275 5192 aliarum
1303 5121 1517 5190 contumelia
1536 5122 1756 5196 ornabimus.
1807 5121 1930 5219 Neque
1948 5127 2043 5199 enim
2059 5141 2121 5199 aut

81 5224 245 5319 possint,
277 5250 367 5318 quae
391 5225 524 5295 utilitas
553 5248 680 5314 magno
710 5220 900 5292 existimari
933 5221 1077 5291 abonis
1126 5225 1234 5298 Suevi
1260 5237 1331 5293 tarn
1355 5237 1438 5292 sunt
1456 5224 1580 5315 inopes
1595 5225 1867 5297 domesticarum
1884 5224 2031 5301 laudum
2039 5281 2051 5316 ,
2078 5243 2121 5301 ut

67 5324 200 5400 debet.
251 5325 348 5402 Dixi.
1126 5351 1200 5397 non
1230 5326 1299 5395 nisi
1327 5349 1369 5395 ex
1397 5325 1550 5396 aliorum
1578 5327 1793 5399 contumelia
1822 5330 2019 5422 colligenda
2048 5332 2121 5403 sint

1126 5429 1335 5523 praeconis,
1359 5439 1421 5498 aot
1442 5427 1532 5498 aliae
1552 5428 1715 5501 nationes
1732 5433 1912 5503 contemni
1931 5456 1971 5503 ac
1984 5431 2118 5525 probro

1126 5532 1219 5604 affici
1237 5545 1429 5604 merentur.
1480 5526 1822 5707 NpplqsGermaniae
1837 5536 1980 5628 populis
1988 5534 2117 5605 franci

1127 1290 1345 1360 Encomium
1360 1286 1588 1374 Suevormrs,
1622 1281 1823 1395 oqssodom
1834 1284 2122 1360 exercitationis

1272 1408 1389 1460 causo
1408 1391 1595 1479 scriptum
1617 1395 1656 1458 et
1672 1393 1973 1480 pronunciatum.
