4732 6030
52 318 55 323 ’
109 348 184 422 sss
683 337 846 418 onon
884 337 961 415 on
994 333 1269 414 sucomo
1302 334 1573 412 sunvmu.
2074 340 2160 415 sss.

112 520 276 592 libertate
287 514 440 586 aliorum
454 512 589 586 bellum
604 528 713 604 gerat,
736 516 866 609 detque
882 538 1038 607 operam,
1059 536 1106 582 oe
1157 507 1305 604 hospes,
1335 512 1378 580 ad
1403 533 1509 603 quem
1532 522 1648 581 tutum
1670 510 1717 582 sit
1741 510 1890 599 diverti,
1926 515 2022 607 apud
2044 539 2150 609 quem

115 623 210 716 quod
234 630 309 688 toto
334 617 420 688 orbe
444 632 621 689 terranem
642 616 815 689 iniustum
839 616 1029 708 imperium
1049 615 1107 700 sit,
1157 636 1302 684 securus
1323 613 1538 706 acquiescat,
1570 613 1634 707 qui
1658 614 1843 699 comitate,
1878 617 1941 709 qui
1970 618 2152 688 mundiale

116 737 151 794 et
164 721 297 815 ubique
319 722 389 805 fas,
415 720 491 799 lex,
517 719 761 811 potentissima
787 718 879 803 sint,
906 719 955 789 ita
971 718 1108 787 iudica-
1158 716 1297 786 itineris
1311 716 1467 785 taedium
1484 715 1619 785 leniat?
1654 712 1752 784 Gens
1765 715 1840 806 ipsa
1856 718 2005 788 minime
2022 720 2152 790 idonea

114 836 199 896 runt
217 819 361 906 Graeci,
380 844 456 891 non
472 821 568 891 aliud
587 821 701 891 maius
717 821 925 892 beneficium
944 815 1108 889 homines
1158 820 1203 887 ad
1217 818 1432 902 fallendum,
1452 816 1633 908 inprimis
1654 819 1782 907 gaudet
1802 818 1909 888 fidem
1929 843 2029 891 suam
2050 846 2153 911 pere-

88 922 321 998 'hominibus
351 939 526 1015 praestare
551 945 672 1013 posse,
705 948 811 1018 quam
836 924 931 1017 quod
953 923 1107 1014 accepis·
1159 920 1272 1011 grinis
1288 919 1445 1010 probari.
1478 918 1538 991 Sic
1553 920 1648 989 inter
1658 942 1742 990 suos
1757 920 1863 990 etiam
1881 923 2026 1007 vivunt,
2050 923 2151 993 nulla

114 1042 194 1100 sent
215 1052 236 1098 a
258 1023 444 1098 Romanis.
505 1023 604 1114 Quid
630 1025 725 1094 enim
752 1039 844 1096 certa
870 1050 952 1118 pace
973 1025 1107 1114 gratius
1160 1024 1328 1092 diuturna
1352 1023 1434 1093 odia
1460 1035 1562 1106 sunt,
1589 1022 1712 1093 nullae
1737 1023 1906 1110 insidiae3
1947 1047 2152 1117 quanquam

116 1145 185 1216 est,
224 1126 486 1222 praesertimsi
519 1127 708 1198 coniuncta
745 1128 789 1199 sit
815 1153 896 1198 curn
922 1125 1109 1198 libertate?
1160 1124 1256 1193 enim
1278 1124 1422 1214 ingenia
1445 1124 1517 1194 sint
1541 1126 1732 1211 ferociora,
1758 1140 1877 1196 tamen
1892 1127 2154 1217 facile'placao·

115 1230 200 1303 Non
224 1231 342 1300 minus
366 1230 474 1320 igitur
498 1229 615 1300 laudis
644 1229 684 1297 in
707 1227 900 1300 Germania
928 1243 1110 1299 merentur
1161 1240 1230 1307 tur,
1255 1226 1387 1319 etquia
1403 1220 1497 1295 nihil
1513 1226 1737 1296 dissimulare
1751 1229 1966 1314 didicerunt,
1988 1229 2154 1299 insidiari

79 1364 83 1372 ·
115 1332 256 1416 Suevi,
270 1332 332 1426 qui
348 1356 411 1402 suo
431 1332 606 1422 praesidio
622 1355 742 1423 pacem
758 1333 838 1402 aliis
856 1332 1019 1423 gentibus
1031 1331 1109 1400 sine
1161 1353 1234 1399 non
1250 1340 1397 1402 norunt.
1430 1325 1617 1398 Caeterum
1633 1352 1708 1397 non
1724 1330 1841 1399 deesse
1856 1331 1905 1400 eis
1926 1332 2155 1422 ingeniorum

116 1435 251 1506 iactura
265 1435 436 1506 libertatis
451 1456 572 1505 earum
588 1433 776 1519 muniunt,
799 1459 907 1529 quam
921 1434 1110 1505 mereban-
1160 1431 1410 1515 acrimoniam,
1450 1431 1536 1498 inde
1569 1431 1735 1522 adparet,
1780 1433 1877 1524 quod
1907 1434 2155 1504 celeberrimos

116 1551 193 1624 tur,
217 1537 274 1608 vel
290 1531 545 1622 Athenienses,
569 1537 627 1606 vel
642 1537 795 1628 populus
807 1534 993 1609 Romanus
1014 1537 1109 1626 apud
1160 1534 1383 1627 maximeque
1406 1545 1570 1603 strenuos
1594 1546 1806 1603 mercatores
1832 1529 1977 1606 babent.
2029 1535 2154 1629 Neque

117 1638 272 1710 Graecos
286 1639 509 1710 immunitate
526 1641 694 1710 donatos:
737 1662 820 1709 nam
837 1653 890 1712 ter
906 1664 925 1708 a
940 1636 1110 1708 Maximi·
1161 1639 1289 1707 desunt
1309 1635 1380 1720 ibi,
1413 1634 1530 1728 quiet
1554 1649 1675 1704 ament
1698 1649 1733 1704 et
1757 1636 1877 1705 colant
1897 1637 2036 1724 literas3
2068 1632 2156 1706 haee

116 1742 204 1812 linui
225 1755 339 1812 morte
357 1739 589 1811 Germaniam
610 1740 774 1810 maximis
795 1741 963 1831 periculis
983 1763 1110 1831 magna
1161 1739 1258 1808 enirn
1279 1737 1377 1807 natio
1394 1736 1583 1808 Albertum
1609 1737 1825 1828 procreavit,
1858 1763 1929 1831 quo
1957 1763 1998 1809 ex
2022 1739 2156 1809 nostris

115 1844 305 1915 faelicitate
329 1843 583 1914 liberaverunt.
642 1840 753 1913 Favet
776 1843 872 1911 euim
897 1841 994 1912 Deus
1019 1843 1109 1911 iusta
1162 1835 1370 1909 hominibus
1401 1861 1510 1906 nemo
1546 1839 1753 1907 uberiorem
1783 1841 2000 1910 naturalium
2035 1864 2155 1910 rerum

116 1946 209 2016 bella
224 1970 291 2038 pro
305 1945 450 2037 publica
466 1945 578 2014 salute
600 1944 816 2033 gerentibus.
869 1941 991 2032 Quare
1012 1956 1111 2034 grata
1162 1940 1400 2031 cognitionem
1416 1935 1551 2013 habuit.
1604 1934 1781 2021 Nonnihil
1798 1965 1880 2012 vero
1905 1943 2019 2013 laudis
2033 1942 2158 2013 intulit

12 2091 14 2093 -
116 2048 222 2118 nobis
242 2046 411 2121 memoria
431 2043 575 2116 Suevici
595 2045 748 2114 foederis
767 2067 842 2114 esse
863 2046 981 2116 debet.
1032 2041 1111 2114 Hoc
1163 2069 1205 2115 eo
1220 2039 1414 2132 etCapnio,
1431 2056 1590 2112 versatus
1607 2042 1646 2110 in
1661 2039 1808 2113 Graecis
1824 2059 1859 2115 et
1873 2042 2060 2116 Hebraicis
2075 2044 2157 2114 lite·

119 2149 217 2222 enim
237 2147 376 2233 ocium,
415 2172 487 2240 quo
506 2145 581 2218 frui
604 2146 709 2226 vobis¹
728 2142 900 2217 hactenus
925 2147 1045 2231 licuit,
1076 2159 1112 2216 et
1163 2146 1212 2217 ris
1226 2144 1448 2215 difficillimis
1468 2145 1708 2236 temporibus,
1735 2158 1865 2218 etcum
1890 2148 2157 2239 peregrinarum

117 2246 206 2321 baec
221 2250 355 2334 studia,
378 2272 469 2342 quae
491 2247 612 2318 omnia
634 2248 796 2318 nobisde
819 2249 984 2320 manibus
1007 2274 1112 2320 excu-
1162 2249 1366 2338 linguarum
1382 2247 1500 2317 studia
1511 2249 1679 2319 'nondum
1696 2248 1736 2317 in
1750 2245 1852 2319 ltalia
1867 2251 1951 2322 satis
1975 2251 2156 2321 florerent.

117 2353 278 2432 tiontur,
310 2351 418 2421 simul
441 2363 548 2444 atque
571 2348 701 2442 aliquis
723 2363 841 2422 motus
863 2351 1030 2421 bellicum
1054 2375 1111 2421 ca·
1163 2349 1295 2443 Accepi
1309 2349 1405 2418 enirn
1418 2351 1468 2420 ita
1478 2347 1654 2421 Veretum
1670 2353 1847 2442 qsrendam
1866 2367 2043 2422 oratorem
2069 2352 2157 2422 olim

118 2453 352 2545 nerecoepit,
376 2452 530 2524 istorum
552 2453 817 2522 armisdefensa
835 2466 930 2526 sunt.
984 2451 1112 2543 Qran·
1163 2456 1208 2522 de
1225 2451 1507 2542 eopraedicasse.
1550 2450 1642 2521 Nam
1661 2475 1741 2519 cum
1762 2455 1857 2544 apud
1873 2453 2060 2524 Caesarem
2076 2452 2159 2522 Fri·

117 2569 195 2627 tum
218 2569 336 2627 autern
360 2555 518 2626 studium
545 2554 598 2624 rei
622 2553 787 2625 militaris
807 2555 853 2625 sit
874 2557 914 2625 in
935 2579 975 2625 ea
996 2569 1111 2648 gente,
1164 2555 1323 2625 derisum
1339 2553 1492 2644 Legatos
1509 2552 1566 2622 sui
1582 2551 1760 2645 Principis
1775 2568 1864 2624 esset
1878 2554 2036 2648 Capnio,
2058 2578 2157 2624 cum·

118 2671 250 2754 quanta
266 2658 399 2743 virtus,
424 2652 557 2753 quatita
575 2655 720 2727 scientia
743 2659 888 2748 gerendi
905 2657 1012 2744 belli,
1034 2682 1112 2735 ,non
1164 2681 1233 2753 que
1249 2655 1405 2726 Venetae
1422 2655 1574 2727 civitatis
1596 2656 1816 2741 oratoribus,
1848 2657 1912 2752 qui
1928 2681 1992 2751 per
2014 2658 2050 2727 id
2068 2669 2158 2728 tem-

117 2761 309 2853 ignoratis3
335 2784 451 2854 neque
470 2760 567 2831 enim
581 2758 650 2827 alia
666 2759 763 2828 natio
778 2761 989 2830 celebriores
1006 2761 1113 2830 duces
1165 2783 1231 2852 pus
1260 2782 1304 2827 eo
1328 2771 1517 2842 uenerant,
1556 2757 1760 2851 frequenter
1792 2776 1901 2846 esset,
1935 2759 2065 2830 accidit
2091 2758 2159 2829 ali·-

115 2859 234 2934 babet.
286 2861 400 2933 Porro
423 2885 505 2931 cum
527 2859 616 2928 loris
631 2857 741 2927 Suevi
765 2872 801 2928 et
822 2861 1032 2931 fortitudine
1055 2862 1113 2931 in·
1165 2863 1329 2958 quando,
1359 2874 1400 2931 ut
1432 2858 1571 2949 Capuio
1604 2861 1696 2931 forte
1728 2857 1988 2952 pulcherrimae
2018 2863 2157 2934 Graece

119 2965 304 3044 credibili,
339 2976 373 3031 et
396 2983 535 3031 summa
554 2957 693 3026 iusticia
718 2958 757 3026 in
774 2961 1007 3031 defendendis
1025 2960 1114 3032 vici·
1165 2965 1337 3056 scripturo
1354 2956 1594 3033 Euchiridion
1616 2961 1703 3035 novi
1717 2966 1920 3035 testamenti
1935 2965 1974 3035 in
1991 2956 2159 3035 mani-bus

118 3069 176 3137 nis
203 3076 371 3146 utantur,
400 3059 498 3154 ‘quid
528 3058 732 3129 dubitemus
753 3061 875 3154 quales
896 3062 996 3133 domi
1018 3063 1114 3134 sint?
1164 3062 1320 3135 haberet.
1365 3061 1473 3152 Quod
1489 3087 1570 3134 cum
1585 3063 1730 3135 vidisset
1746 3065 1923 3152 Venetus,
1947 3080 1982 3137 et
1996 3067 2160 3139 animad-

118 3167 199 3242 Nisi
224 3162 320 3234 enirn
337 3163 435 3232 domi
460 3160 617 3232 civitates
640 3155 812 3232 baberent
832 3164 923 3235 bene
947 3179 1114 3253 moratas,
1164 3167 1345 3250 vertisset,
1369 3189 1445 3235 non
1468 3187 1542 3235 esse
1565 3167 1690 3237 rudem
1713 3164 1933 3239 Graecarum
1954 3169 2159 3260 linguarum

120 3292 186 3338 nec
207 3276 385 3358 sumptus,
418 3285 484 3332 nec
507 3262 639 3332 milites
661 3278 904 3356 suppeterent:
939 3280 1001 3338 aut
1022 3292 1113 3362 quo·
1163 3267 1408 3360 Capnionern,
1454 3290 1652 3343 conversus·
1685 3270 1730 3338 ad
1769 3292 1853 3341 suos
1886 3269 2055 3362 collegas,
2095 3272 2158 3342 ait:

120 3370 229 3439 modo
244 3366 375 3437 milites
389 3386 512 3458 parere
529 3363 657 3436 armati
673 3365 825 3455 scirent,
850 3367 913 3462 qui
930 3369 1031 3439 domi
1049 3394 1112 3462 pa·
1166 3369 1292 3440 Videte
1312 3393 1442 3463 quaeso
1464 3370 1503 3458 in
1525 3366 1719 3440 Germania
1747 3366 1986 3444 hunericum
2013 3385 2160 3465 propter

119 3494 197 3541 rere
220 3469 356 3559 legibus
375 3491 450 3537 oon
476 3467 707 3538 didicissent?
739 3483 801 3540 aut
821 3472 1001 3564 quomodo
1023 3472 1114 3544 tole·
1165 3471 1406 3562 cognitionem
1427 3471 1611 3542 literarum
1633 3472 1672 3540 in
1696 3473 1932 3545 admiratione
1953 3498 2044 3557 esse,
2070 3496 2161 3570 quas

118 3595 198 3642 rare
211 3570 359 3643 militiae
372 3567 624 3640 difficillimum
642 3569 813 3650 laborem,
840 3584 875 3640 et
889 3592 995 3661 grave
1011 3573 1112 3643 Mar·
1165 3574 1279 3646 nostri
1294 3587 1363 3644 tam
1380 3573 1609 3664 pertinaciter
1622 3587 1871 3648 contemnunt.
1922 3573 1971 3649 Et
1987 3576 2160 3650 nobilita-

118 3675 163 3747 tis
180 3695 291 3766 opus,
312 3687 353 3745 ut
369 3671 518 3761 Vergilii
532 3670 650 3741 verbis
664 3685 755 3756 utar,
778 3672 1018 3744 si'domestico
1033 3675 1112 3746 ocio
1164 3676 1217 3747 vit
1240 3674 1387 3765 egregiis
1414 3674 1658 3745 monumentis
1679 3674 1845 3747 Sueviam
1867 3678 2056 3751 Stofflerus
2077 3676 2159 3747 Ma-

121 3801 160 3849 ac
174 3777 261 3848 luxu
276 3773 490 3845 effoeminati
507 3773 648 3842 essent?
676 3771 821 3845 Habent
836 3774 945 3864 igitur
967 3790 1002 3848 et
1022 3776 1113 3847 civi·
1164 3773 1395 3856 tbematicus‚
1427 3798 1507 3845 cum
1531 3776 1675 3868 primis,
1708 3791 1744 3848 et
1762 3780 1914 3866 diligens
1937 3792 1972 3849 et
1988 3779 2160 3864 eruditus,

121 3893 227 3961 tates,
253 3877 390 3967 legibus
404 3901 444 3946 ac
459 3875 602 3945 iudiciis
619 3876 808 3965 diligenter
827 3879 1054 3964 constitutas,
1077 3892 1112 3951 et
1164 3880 1266 3950 cuius
1282 3878 1365 3971 quia
1381 3875 1552 3945 beneficio
1568 3878 1730 3968 quotidie
1742 3879 1888 3964 utimur,
1907 3881 1994 3951 duxi
2008 3880 2083 3950 eius
2098 3874 2160 3953 hie

120 3981 391 4075 tranquillitatis
406 3979 564 4049 urbanae
579 3979 733 4050 tuendae
747 4001 832 4048 cura
845 4002 920 4048 non
934 3980 1021 4051 alibi
1038 4005 1113 4050 ma·
1164 3977 1383 4049 mentionem
1398 3996 1472 4044 esse
1485 3976 1700 4065 sariendam
1727 3981 1834 4052 fastos
1850 3981 1947 4053 enim
1962 3983 2159 4054 multorum

120 4085 179 4155 ior
199 4096 260 4154 est.
310 4080 385 4152 Lex
406 4094 459 4153 est
477 4078 572 4150 enim
592 4079 631 4148 in
646 4079 807 4151 Suevicis
830 4081 1000 4164 urbibus,
1023 4095 1065 4152 ut
1081 4083 1112 4152 si
1164 4102 1344 4152 annorum
1364 4077 1516 4149 coniecit
1545 4092 1581 4152 et
1600 4079 1760 4170 digessit,
1789 4083 1830 4153 in
1852 4085 1985 4179 quibus
2012 4109 2159 4178 compo-

121 4185 160 4256 in
176 4185 250 4257 rixa
265 4184 378 4278 aliqui
392 4183 529 4275 gladios
544 4182 770 4267 strinxerint,
794 4205 835 4251 ae
850 4183 907 4252 vel
922 4207 1029 4276 puer,
1055 4185 1112 4253 vel
1164 4182 1292 4253 nendis
1307 4180 1378 4250 dici
1394 4203 1470 4251 non
1487 4195 1618 4274 potest,
1644 4198 1817 4276 quantum
1839 4186 1974 4259 laboris
1993 4188 2101 4259 luerit
2124 4186 2161 4258 ei

120 4287 347 4388 mulierqula,
376 4286 501 4379 procul
525 4285 631 4355 etiam
654 4284 849 4354 inclamans
866 4309 987 4377 pacem
999 4287 1112 4379 impe·
1163 4280 1468 4370 exhauriendum
1491 4298 1543 4356 est
1559 4284 1655 4355 enim
1676 4287 1842 4359 immensi
1857 4290 2016 4380 negocii,
2039 4302 2159 4361 motus

120 4406 185 4478 ret,
210 4391 325 4482 capite
340 4390 523 4482 puniatur,
549 4387 611 4482 qui
624 4388 747 4458 audito
762 4386 910 4457 nomine
922 4389 1031 4481 pacis,
1056 4389 1112 4458 in·
1164 4389 1332 4485 syderum
1349 4398 1467 4457 exacte
1487 4401 1690 4480 supputare.
1737 4388 1846 4462 Nulla
1861 4405 2062 4487 temporum
2082 4392 2158 4462 dis-

104 4517 225 4586 super
237 4493 344 4563 ferire
357 4493 476 4563 audet.
527 4488 621 4561 Cum
637 4489 736 4560 nulla
760 4502 834 4560 tarn
855 4513 975 4560 severa
996 4492 1052 4561 lex
1072 4491 1112 4562 in
1164 4489 1332 4574 crimina,
1369 4488 1488 4559 nullas
1515 4491 1691 4562 meusium
1720 4493 1814 4564 vices
1845 4518 2047 4582 nossemus,
2086 4494 2158 4564 nisi

10 4611 14 4623 “
119 4597 258 4690 reliqua
285 4591 478 4665 Germania
506 4591 571 4673 sit,
608 4591 785 4663 aestimari
813 4604 945 4683 potest,
978 4598 1111 4688 quatita
1164 4589 1261 4665 bunc
1273 4593 1431 4663 laborem
1448 4590 1504 4660 vir
1521 4591 1583 4661 ille
1600 4593 1756 4685 optimus
1776 4598 1991 4688 sumpsisset.
2043 4596 2157 4668 Porro

10 4720 15 4729 ·
120 4697 306 4790 diligentia
328 4697 457 4788 vulgus
478 4693 677 4766 Sueeornro
704 4688 942 4771 coherceatur.
993 4695 1044 4768 Et
1066 4699 1118 4767 ad'
1164 4696 1280 4767 simile
1294 4692 1464 4787 quiddam
1481 4695 1657 4783 pecudum
1673 4696 1767 4767 vitae
1782 4699 1908 4785 fuerit,
1934 4723 2010 4770 non
2023 4694 2161 4771 habere

106 4800 417 4895 tranquillitatem
438 4797 583 4869 urbium
614 4790 682 4864 hoc
710 4820 853 4892 quoqne
882 4799 984 4885 lacit,
1014 4801 1109 4893 quod
1164 4797 1380 4888 descriptum
1403 4817 1538 4863 aunum
1569 4795 1724 4868 incerta
1754 4800 1892 4891 spacia,
1922 4801 2158 4888 neumandi,

117 4905 259 4977 urbana
278 4901 470 4973 multitudo
491 4900 614 4970 minus
629 4896 813 4991 aliquanto
834 4899 904 4971 ocii
928 4896 1052 4985 babet,
1078 4914 1113 4971 et
1163 4898 1323 4982 serendi,
1349 4896 1555 4988 plantandi,
1575 4912 1636 4970 ant
1651 4900 1801 4970 aliarum
1818 4927 1938 4974 rerum
1958 4904 2051 4975 iusta
2065 4918 2157 4975 teos·
2254 4970 2262 4985 ,
2365 4959 2366 4966 κ

117 5006 293 5096 frugalior
315 5017 387 5090 est,
418 5026 525 5096 qnam
548 5002 590 5071 in
612 4998 739 5070 vicinis
762 5000 978 5078 nationibus.
1029 5000 1113 5072 Ma·
1162 5025 1248 5095 pora
1269 5023 1385 5073 nosse.
1435 4997 1581 5070 Habent
1604 5015 1639 5071 et
1664 5002 1814 5074 artifices
1838 5005 2156 5095 ingeniosissimos3

118 5133 231 5203 gnum
266 5107 320 5178 ibi
352 5105 467 5178 scelus
501 5115 573 5191 est,
618 5115 653 5175 et
684 5100 911 5191 inusitatum,
955 5105 1112 5198 conspici
1163 5100 1200 5175 bi
1219 5103 1314 5175 enim
1337 5102 1510 5195 plasticen
1529 5103 1713 5195 sculpendi
1738 5119 1871 5188 artem,
1897 5134 1988 5203 quae
2010 5132 2156 5202 prorsus

119 5213 271 5286 ebrium.
322 5210 368 5281 ln
392 5206 596 5280 diversoriis
616 5227 744 5295 magna
768 5206 965 5279 mundicies
982 5221 1052 5290 est,
1079 5223 1113 5279 et
1162 5207 1289 5278 amissa
1311 5207 1446 5291 fuerat,
1489 5219 1718 5278 renovarunt.
1777 5207 1848 5280 Sed
1877 5212 2005 5282 desino
2032 5211 2154 5282 omnis

120 5316 207 5386 fides
222 5309 402 5406 hospitum
416 5333 567 5395 summa,
587 5333 654 5385 nec
669 5307 782 5398 magis
797 5309 895 5379 domi
913 5333 999 5382 suae
1010 5335 1113 5403 pere-
1162 5308 1344 5404 persequi,
1368 5331 1453 5377 narn
1471 5330 1539 5397 ego
1559 5331 1635 5377 non
1657 5333 1779 5381 omnes
1801 5313 1942 5395 laudes,
1968 5315 2028 5383 sed
2051 5333 2158 5404 prae-

120 5417 234 5509 grioi,
268 5439 377 5511 quam
398 5412 493 5507 apud
519 5413 602 5483 illos
623 5410 694 5484 tuti
712 5423 810 5482 sunt.
870 5410 969 5503 Quid
992 5427 1109 5484 autem
1161 5413 1282 5506 ripuar
1296 5408 1468 5483 Suevicae
1489 5409 1603 5502 gentis
1618 5435 1801 5482 recensere
1822 5414 1931 5483 volui.
1982 5411 2153 5503 Magnam

118 5518 254 5611 gratius
276 5518 433 5591 accidere
456 5513 699 5610 peregrinanti
727 5526 861 5607 potest,
896 5538 1003 5611 qaum
1028 5514 1109 5587 talis
1161 5512 1504 5589 commendationem
1518 5509 1627 5586 babet
1635 5514 1775 5606 generis
1798 5514 1968 5587 nobilitas
1987 5530 2021 5589 et
2040 5516 2160 5589 mab.
