4732 6030
2098 307 2172 402 rso

136 312 211 403 129
577 301 739 381 DECL.
778 299 853 376 DE
888 296 1160 377 Mlsuttlts
1193 295 1717 383 PAEDAGOGORUM.

136 470 278 577 quidem
292 481 508 571 expendunt,
533 478 664 570 quibus
677 478 855 568 acceptum
869 476 960 546 ferre
974 476 1126 546 debeant
1175 490 1208 546 et
1231 477 1390 546 adferent
1413 474 1590 566 egregium
1612 475 1888 545 instrumentum
1905 476 1957 543 rei
1981 476 2164 549 familiaris
2229 484 2232 491 '

133 586 170 655 id
185 596 498 676 quantumcunque
521 594 573 650 est
589 580 684 673 quod
702 579 914 648 didicerunt.
966 577 1038 647 Nec
1060 601 1123 667 ego
1172 580 1453 678 conservandae,
1489 578 1667 667 dignitatis
1699 577 1956 669 comparandae
1990 592 2023 648 et
2055 575 2161 671 Reip.

131 685 265 755 interea
299 682 408 754 recito
442 704 549 776 quam
575 681 683 751 variis
717 679 942 750 contumeliis
968 703 1034 749 nos
1059 683 1141 747 ad»
1171 682 1354 770 gerendae.
1406 677 1499 750 Nam
1512 703 1593 749 cum
1606 680 1708 749 vacui
1727 681 1873 747 domum
1891 681 2052 764 redeunt,
2073 681 2161 773 quid

129 785 262 870 liniant,
287 799 326 857 ut
342 785 560 877 suspendant
574 806 673 870 naso,
698 783 841 874 posticis
858 781 978 851 sannis
993 793 1123 872 petant,
1169 783 1320 852 accidit?
1345 782 1428 876 quia
1450 776 1543 850 nihil
1566 781 1787 864 didicerunt,
1814 781 1948 850 nullius
1971 805 2055 850 usus
2078 796 2161 854 sunt

128 888 266 981 siquid
290 907 511 958 moneamus.
564 882 689 956 Videte
713 907 841 978 quaeso
865 908 971 978 quam
994 883 1121 952 misera
1170 885 1210 953 in
1233 881 1322 976 Rep.
1339 884 1506 978 domique
1532 907 1612 954 eum
1639 906 1775 953 summa
1801 882 1997 971 ignominia
2018 883 2157 957 vivunt.
2270 910 2273 916 ’

23 998 26 1003 ’
129 989 288 1058 conditio
306 1001 428 1059 nostra
442 987 497 1058 sit.
549 983 593 1057 ln
606 1010 682 1058 eam
698 999 847 1056 aetatem
871 984 1121 1055 beneficiano·
1157 983 1307 1056 Deinde
1320 988 1402 1080 quia
1416 986 1454 1054 in
1468 985 1546 1056 ocio
1562 986 1671 1054 multa
1687 984 1772 1054 vitia
1787 997 2000 1066 contraxere,
2017 1007 2055 1052 ea
2071 978 2157 1054 hae-

130 1101 202 1160 stna
216 1090 446 1173 collocantur,
469 1112 558 1182 quae
572 1089 735 1159 nondum
748 1088 929 1158 benefacta
943 1086 1120 1176 intelligit,
1167 1101 1247 1158 rent
1273 1089 1311 1157 in
1332 1089 1420 1177 illis,
1457 1101 1598 1179 potant,
1630 1101 1769 1171 amant,
1801 1084 2079 1169 latrocinantur,
2118 1101 2158 1156 ut
2200 1171 2202 1175 ‚

130 1204 270 1262 tantum
285 1192 395 1281 abest,
420 1205 460 1260 ut
475 1204 598 1261 mutuo
616 1213 738 1259 amore
753 1214 819 1259 nos
834 1187 1032 1280 complecti,
1058 1201 1119 1258 aut
1167 1190 1349 1280 publicum
1381 1190 1503 1258 odium
1531 1187 1631 1258 urbis
1652 1188 1747 1259 fiant.
1809 1185 1935 1258 Exitus
1957 1200 2074 1257 autem
2101 1183 2157 1257 his

128 1293 278 1383 gratiam
305 1287 433 1362 habere
453 1315 517 1383 pro
539 1292 671 1362 nostris
688 1291 813 1362 officiis
828 1276 947 1385 queat:
974 1288 1023 1359 sic
1038 1313 1119 1380 per-

129 1408 218 1463 eunt
240 1393 343 1464 nobis
364 1393 531 1464 beneficia
550 1407 670 1465 nostra
685 1394 795 1483 magis
803 1417 910 1487 quarn
924 1391 1008 1461 ullis
1022 1414 1118 1461 mor-

129 1495 269 1567 talibus.
320 1492 411 1564 Nam
433 1495 540 1566 etiam
557 1520 639 1567 cum
659 1519 807 1566 senuero
823 1493 1008 1585 discipuli,
1035 1493 1117 1585 quia

129 1596 290 1667 beneficii
307 1597 495 1683 memoria,
521 1621 595 1668 uon
610 1597 699 1668 solet
716 1619 789 1667 esse
804 1598 987 1680 diuturna,
1011 1618 1116 1663 nemo

128 1697 199 1766 iam
213 1713 481 1789 praecepturum
498 1700 681 1784 meminit,
704 1700 850 1792 quidam
867 1698 971 1768 etiam
988 1697 1115 1764 malam

127 1799 275 1889 gratiam
292 1803 467 1885 reddunt,
491 1814 532 1871 ut
543 1798 642 1872 ¹Nero
657 1801 751 1872 lecit.
788 1798 910 1892 Neque
925 1821 1115 1887 puerorum

127 1916 290 1991 parentes
304 1901 416 1992 pluris
431 1923 498 1968 nos
516 1902 649 1973 faciunt
664 1925 771 1994 quam
790 1900 860 1990 ipsi
871 1899 983 1989 pueri.
1034 1896 1117 1966 Non

103 2078 108 2092 ι
127 2003 332 2092 expendunt
354 2001 551 2092 depositam
571 2025 643 2071 ase
664 2003 858 2070 liberorum
879 2023 1000 2069 curam
1014 1998 1118 2068 nobis

128 2102 348 2192 imposuisse.
396 2101 488 2173 Tota
505 2102 599 2170 enim
616 2103 760 2192 regendi
777 2100 997 2193 docendique
1014 2101 1112 2191 pueri

126 2203 311 2294 provincia
336 2203 440 2271 nobis
467 2204 594 2273 tradita
618 2218 669 2275 est
686 2204 790 2295 plena
816 2201 1117 2272 sollicitudinibus

127 2317 160 2373 et
177 2305 428 2395 periculorum.
481 2303 552 2396 lpsi
572 2305 669 2375 domi
689 2328 771 2376 suae
787 2328 907 2375 secure
931 2312 1035 2374 su'um
1052 2327 1116 2371 ne-

126 2407 266 2496 gocium
296 2420 417 2495 agunt.
470 2401 523 2476 Et
542 2407 614 2475 iam
637 2431 718 2477 cum
749 2405 986 2476 mercedulam
1008 2405 1115 2474 dede-

126 2508 220 2592 rint,
253 2523 293 2577 ut
318 2507 531 2600 exprobrant
554 2508 659 2579 nobis
685 2502 787 2579 suum
809 2507 1043 2578 beneficium?
1076 2505 1116 2576 si

127 2609 214 2702 quid
247 2622 339 2679 recte
371 2609 454 2680 fecit
486 2609 600 2696 lilius,
636 2603 730 2679 nihil
763 2611 878 2680 laudis
902 2608 1116 2683 adscribitur

125 2712 354 2801 praeceptori.
414 2710 454 2782 si
480 2713 566 2804 quid
593 2713 768 2804 peccavit,
808 2723 991 2782 accusatur
1015 2733 1116 2801 prae-

126 2825 256 2903 ceptor.
317 2812 496 2902 Diogenes
529 2836 609 2882 curn
644 2814 875 2882 adolescentis
908 2826 1044 2899 gestum
1077 2812 1115 2879 in

127 2916 264 2984 edendo
290 2910 572 3004 reprehensurus
604 2925 710 2995 esset,
743 2913 944 3001 paedagogo
972 2912 1117 3002 impegit

126 3011 328 3107 colaphum.
355 3012 415 3081 Sic
431 3010 502 3092 isti,
519 3010 688 3102 quicquid
704 3022 850 3102 peccant
865 3011 981 3090 liberi,
1000 3026 1116 3082 trans·

124 3117 248 3193 ferunt
263 3112 402 3202 culpam
419 3109 458 3178 in
475 3124 727 3202 praeceptores.
773 3109 873 3182 Talis
887 3113 997 3202 gratia
1013 3113 1116 3181 nobis

127 3214 275 3285 summis
296 3211 478 3281 laboribus
499 3223 532 3280 et
553 3212 647 3283 curis
668 3213 841 3288 redditur.
890 3213 930 3285 si
948 3213 1027 3307 quis
1046 3208 1116 3283 huc

127 3316 283 3386 conferat
304 3336 370 3405 pro
389 3313 522 3383 nostris
542 3313 663 3383 omnia
676 3315 769 3386 vitae
788 3337 933 3405 genera,
960 3315 1116 3385 inveniet

122 3418 163 3485 in
191 3415 290 3485 nullo
313 3427 451 3486 tanturn
476 3415 715 3486 calamitatum
729 3429 902 3510 quantum
927 3417 965 3485 in
982 3430 1115 3500 nostro,

122 3518 299 3610 planeque
313 3516 489 3586 affirmare
503 3517 629 3603 ausim,
652 3540 718 3590 nos
733 3519 894 3588 omnium
911 3519 1114 3588 mortalium

122 3621 229 3709 louge
245 3617 525 3688 aerumnosiores
541 3641 632 3703 esse,
655 3621 814 3711 quicum
837 3643 994 3689 summos
1014 3620 1116 3688 labo-

123 3744 180 3790 res
192 3720 381 3804 obeamus,
406 3720 445 3787 in
461 3743 596 3789 summa
612 3734 730 3791 tamen
746 3721 867 3813 inopia
886 3721 996 3791 vitam
1014 3742 1114 3810 aegre

123 3822 361 3905 traducimus,
386 3834 420 3890 et
437 3821 579 3889 interim
595 3822 696 3892 nullo
715 3847 789 3892 non
805 3823 1038 3893 contumeliae
1055 3846 1115 3911 ge-

124 3947 208 3994 nere
220 3923 406 3993 adficimur
422 3945 441 3991 a
455 3922 650 4013 discipulis,
675 3924 720 3992 ab
736 3924 879 3993 illorum
899 3925 1114 4014 parentibus,

127 4025 280 4118 denique
306 4024 352 4094 ab
379 4018 454 4109 his,
493 4025 694 4117 dequibus
724 4025 902 4115 praeclare
927 4047 1113 4102 meremur.

128 4123 249 4219 Neque
270 4126 456 4220 quisquam
484 4126 615 4216 opinor
637 4118 792 4194 vestruln
822 4138 874 4195 est
901 4138 972 4194 tam
999 4127 1113 4193 ferreo

127 4241 284 4319 pectore,
319 4220 439 4322 qui')
467 4227 498 4296 si
526 4221 613 4297 haec
643 4227 856 4311 consideret,
888 4221 1116 4295 vehementer

128 4329 366 4399 misericordia
382 4329 495 4399 nostri
511 4342 784 4399 commoveatur.
836 4327 1034 4419 Supersunt
1049 4352 1113 4397 au·

127 4444 199 4500 tem
214 4432 324 4501 multo
338 4430 440 4521 plura
464 4431 577 4515 mala,
601 4433 663 4500 sed
688 4453 752 4519 ego
774 4430 928 4499 defessus
947 4453 1024 4498 sum
1049 4425 1114 4497 hac

24 4544 27 4549 ’
127 4533 471 4617 commemoratione,
492 4545 526 4602 et
541 4545 678 4623 tempus
692 4545 786 4602 vetat
799 4532 1026 4622 prolixiorem
1042 4553 1115 4602 esse

126 4634 335 4705 orationem.
391 4633 514 4727 ltaque
532 4647 573 4704 ut
597 4635 735 4719 liniam,
768 4646 852 4703 sunt
875 4628 964 4703 mihi
986 4633 1026 4700 in
1047 4627 1114 4702 hoc

78 4782 80 4786 ι
126 4749 282 4808 extremo
296 4751 375 4808 actu
391 4736 556 4826 discipuli
571 4735 684 4804 nostri
701 4735 1051 4818 commonefaciendi,
1076 4749 1111 4803 ut

126 4839 296 4933 quoniam
320 4840 511 4909 audierunt
534 4860 595 4907 sua
617 4837 701 4905 vitia
726 4837 901 4922 accusari,
927 4836 1115 4926 ignaviam,

126 4955 368 5034 contemptum
383 4941 577 5025 literarum,
602 4962 757 5008 amorem
772 4941 994 5031 voluptatum
1012 4950 1115 5031 atquc

128 5042 218 5129 ocii,
244 5042 556 5134 ingratitudinem,
587 5040 760 5110 admoniti
776 5063 795 5108 a
812 5041 917 5110 nohis
930 5043 1017 5110 dent
1031 5062 1117 5129 ope-

125 5168 202 5215 ram
217 5158 257 5217 ut
270 5145 358 5215 haee
372 5144 569 5222 emendent,
588 5143 637 5211 ita
654 5157 688 5213 et
701 5142 806 5211 nobis
819 5144 1002 5212 minuetur
1015 5142 1117 5210 labor

125 5260 257 5334 noster,
276 5261 310 5318 et
324 5246 392 5337 ipsi
410 5247 553 5315 domum
569 5267 706 5315 summa
723 5269 802 5314 cum
818 5245 924 5315 laude
938 5244 1117 5327 redibunt,

160 5457 190 5531 *l
210 5461 272 5533 ιω]
290 5397 380 5533 P⁰l3⁰⁸
398 5461 475 5531 Μ’·

123 5560 306 5628 bnassu.
325 5557 428 5624 Om.
456 5555 539 5623 Vos.
556 5553 621 5623 x1.

1167 1292 1328 1361 moribus
1351 1293 1562 1382 respondet,
1587 1289 1650 1358 alii
1672 1288 1765 1358 inter
1787 1290 1913 1380 pocula
1936 1291 2158 1376 occiduntur,

1165 1393 1228 1463 alii
1245 1416 1325 1463 suas
1339 1395 1499 1464 fortunas
1514 1393 1553 1460 in
1572 1392 1647 1461 alea
1662 1392 1832 1482 perdunt,
1858 1391 1948 1460 alios
1970 1392 2158 1483 perdidere

1165 1519 1311 1569 amores.
1347 1494 1489 1567 Possem
1507 1494 1645 1565 infinita
1662 1493 1821 1584 exempla
1834 1491 1992 1577 recitare,
2015 1493 2044 1561 si
2059 1494 2156 1563 sine-

1164 1610 1217 1668 ret
1234 1611 1384 1689 tempus.
1435 1596 1494 1667 Sic
1510 1596 1605 1666 enim
1619 1592 1717 1665 Deus
1738 1617 1888 1685 poenam
1908 1594 2015 1665 sumit
2028 1596 2072 1663 de
2087 1589 2155 1681 his,

1165 1700 1227 1793 qui
1250 1700 1404 1791 primum
1430 1695 1506 1768 Deo
1532 1710 1656 1769 autore
1682 1692 1835 1766 adhibiti
1864 1698 1905 1764 ad
1936 1696 2155 1782 discendum,

1165 1824 1238 1869 non
1256 1802 1391 1870 faciunt
1407 1824 1510 1870 suum
1533 1799 1699 1869 officium.
1752 1797 1843 1868 Nam
1869 1799 1963 1890 quod
1991 1811 2154 1889 parentes

1165 1902 1314 1986 iussere,
1348 1902 1385 1970 id
1410 1898 1506 1970 Deus
1530 1914 1697 1993 tanquam
1721 1924 1782 1969 sua
1808 1900 1901 1969 iussa
1926 1900 2002 1968 fieri
2028 1899 2153 1975 voluit.
2257 1946 2262 1957 ·

1164 2000 1303 2072 Deinde
1335 2003 1464 2072 malam
1490 2003 1637 2093 gratiam
1669 2001 1895 2071 benemeritis
1919 2001 2156 2093 praeceptori-

1164 2104 1228 2172 bus
1245 2107 1412 2175 reddunt.
1463 2103 1548 2175 Noli
1565 2104 1658 2173 enim
1674 2120 1797 2195 putare
1813 2104 1926 2174 ullum
1941 2126 2013 2171 esse
2028 2104 2152 2183 scelus,

1163 2208 1259 2298 quod
1280 2207 1429 2297 perinde
1450 2207 1608 2277 offendat
1625 2208 1764 2291 Deum,
1788 2222 1892 2299 atque
1914 2205 2150 2294 ingratitud03

1163 2311 1212 2377 sic
1227 2309 1321 2377 enim
1333 2309 1502 2399 scriptum
1516 2322 1584 2380 est:
1609 2307 1701 2378 Fore
1713 2322 1753 2378 ut
1775 2333 1848 2378 non
1864 2311 2004 2378 recedat
2017 2308 2153 2377 malurn

1163 2413 1304 2480 adorno
1320 2411 1461 2499 ingrati.
1513 2409 1694 2498 Quantum
1719 2424 1836 2479 autem
1852 2409 2065 2479 Ductoribus
2088 2411 2152 2477 de-

1164 2513 1298 2596 beatur,
1323 2526 1399 2583 tum
1415 2513 1500 2582 inde
1517 2513 1709 2581 existimari
1725 2525 1846 2599 potest,
1872 2512 1969 2602 quod
1984 2511 2023 2576 in
2038 2509 2152 2578 vicem

1163 2629 1348 2703 pareutum
1370 2619 1579 2698 succedunt,
1601 2627 1635 2682 et
1650 2613 1795 2681 illorum
1810 2611 1955 2680 affectus
1970 2631 2050 2700 erga
2066 2633 2153 2701 pue-

1163 2740 1220 2785 ros
1241 2716 1412 2800 induunt,
1444 2732 1520 2787 tum
1548 2717 1654 2785 etiam
1670 2712 1803 2785 Paulus
1822 2725 2041 2797 commonet,
2069 2735 2150 2780 cum

1163 2818 1229 2887 ait:
1253 2815 1400 2908 Duplici
1423 2815 1560 2888 honore
1582 2819 1708 2906 dignos
1732 2840 1805 2886 esse
1830 2812 2012 2887 Doctores.
2063 2811 2153 2883 Pro·

1162 2920 1246 2989 inde
1269 2920 1299 2988 si
1320 2921 1448 3010 cupitis
1472 2932 1512 2988 ut
1534 2921 1693 2989 fortunat
1717 2918 1817 2986 vobis
1833 2917 1930 2988 Deus
1944 2916 2152 2987 universum

1162 3022 1255 3090 vitae
1269 3033 1402 3090 vestrae
1419 3044 1579 3106 cursum,
1606 3023 1686 3088 date
1703 3043 1866 3109 operam,
1887 3031 1928 3087 ut
1940 3017 2096 3086 vicissim
2113 3038 2154 3085 ea

1163 3123 1363 3212 praestetis,
1389 3145 1478 3214 quae
1504 3122 1564 3190 ille
1589 3145 1610 3190 a
1634 3121 1737 3190 vobis
1762 3119 1887 3210 exigit,
1920 3132 1961 3190 ut
1992 3117 2153 3209 gnaviter

1162 3224 1296 3294 obeatis
1310 3223 1528 3314 provinciam
1544 3223 1644 3292 vobis
1661 3249 1680 3291 a
1696 3222 1903 3314 parentibus
1921 3221 2154 3301 commissam,

1162 3338 1196 3394 et
1219 3339 1258 3396 ut
1275 3339 1517 3417 praeceptores
1533 3339 1666 3395 vestros
1682 3337 1842 3393 amanter
1858 3321 2155 3415 complectamini,

1162 3441 1195 3497 et
1211 3427 1374 3517 religiose
1389 3427 1530 3512 colatis,
1563 3440 1651 3496 utet
1670 3440 1789 3495 nostra
1805 3426 1922 3494 studia
1939 3439 1973 3496 et
1990 3439 2152 3494 nostrum

1161 3534 1328 3599 amorem.
1343 3552 1423 3618 erga
1449 3551 1512 3597 vos
1537 3528 1712 3616 augeatis,
1739 3541 1772 3594 et
1795 3528 1888 3596 mala
1906 3540 2025 3597 nostra
2041 3536 2155 3597 vestra

1161 3630 1412 3700 commoditate
1433 3629 1611 3719 mitigetis.
1662 3625 1758 3705 Dixi.

1161 3858 1361 3867 -ι-...ι-ι
1368 3855 1860 3867 Μ’.-ῇ-α-ι-υ-
1869 3855 1906 3862 -v
1916 3853 2160 3866 πηνα-Μ

1981 4023 2030 4064 ιι.
2058 4002 2152 4070 1527.
2242 3981 2247 3991 '

1977 4090 2148 4124 Μ

1442 4184 1518 4278 De
1547 4194 1687 4296 capta
1715 4182 1880 4276 Roma.

1231 4343 1353 4400 Prodite:
1378 4343 1504 4413 „Oratio
1519 4343 1550 4399 C.
1568 4343 1709 4416 Crucigeri
1727 4342 1816 4400 habita
1830 4345 1858 4398 iu
1872 4343 2046 4412 promotione
2061 4334 2155 4413 blagi-

1264 4423 1391 4466 strorum.
1428 4413 1588 4495 Deploratio
1607 4424 1699 4483 captae
1715 4406 1827 4468 Romae.
1862 4412 2034 4468 Declamatio
2046 4413 2089 4464 'de
2106 4432 2152 4466 ve·

1264 4483 1337 4536 stito.
1363 4483 1526 4535 Encomrum
1540 4482 1716 4545 formicarum
1732 4480 1863 4551 scriptum
1878 4484 1911 4536 ab
1921 4481 2153 4535 Erasmollbnero

1265 4570 1329 4665 plum
1351 4553 1439 4672 epist.d
1450 4553 1517 4670 lm·
1535 4552 1598 4605 Mel.
1615 4551 1649 4670 esd
1659 4553 1732 4669 ¹Sim.
1749 4548 1906 4670 (liqynseuar
1928 4551 1960 4603 de
1976 4550 2154 4672 astroqogpia.

1267 4624 1434 4760 anelbppppl
1450 4621 1753 4761 sqqflililleilamgaltl)
1763 4657 1796 4741 l'.
1807 4687 1827 4744 l.
1841 4706 1868 4757 p.
1876 4638 2010 4754 ⁶820?qu
2013 4637 2059 4739 {ld
2074 4631 2154 4745 δεῖν..

1265 4757 1297 4809 Τ.
1311 4760 1332 4813 l.
1357 4778 1382 4828 p.
1396 4758 1473 4826 ⁵99.,
1496 4759 1568 4826 apud
1587 4757 1715 4810 Richard.
1736 4756 1769 4810 Τ.
1783 4755 1803 4811 Ι.
1818 4769 1852 4824 “ρ.
1864 4756 1925 4810 682.
1946 4784 1982 4801 -
2015 4754 2104 4809 Roma
2119 4757 2153 4812 ab

1267 4827 1384 4880 exercitu
1399 4827 1491 4880 Caroli
1507 4824 1683 4897 imperatoris
1697 4835 1777 4896 capte
1791 4835 1819 4877 et
1832 4825 1936 4898 direpta
1949 4835 1989 4879 est
2003 4825 2031 4877 d.
2044 4824 2070 4877 6.
2086 4824 2152 4878 Maii

1266 4896 1400 4948 sn.1527.
1440 4895 1553 4949 Videtur
1571 4895 1649 4947 lenae
1669 4894 1783 4948 recitata
1802 4912 1876 4954 esse,
1894 4912 1949 4964 quo
1969 4912 2032 4966 pars
2047 4894 2153 4948 Acade·

1263 4966 1332 5017 miae
1345 4963 1458 5021 Witeb.
1470 4974 1616 5020 ”cesserat
1631 4970 1744 5034 propter
1758 4972 1871 5039 pestem.

1164 5108 1293 5186 Oratio
1317 5102 1518 5185 cuiusdam
1540 5099 1702 5174 studiosi
1726 5100 1774 5174 de
1800 5109 1915 5194 capto
1938 5110 1978 5175 et
2000 5100 2153 5196 direpta

1406 5204 1648 5288 urbcltomn,
1676 5226 1774 5278 nano
1793 5201 1903 5283 1527.

1166 5334 1249 5416 Etsi
1266 5345 1504 5435 intelligebam
1521 5367 1580 5415 eos
1597 5342 1658 5437 qui
1674 5336 1742 5412 hoc
1758 5344 1835 5412 loco
1853 5364 1918 5432 pro
1935 5360 2033 5406 more
2048 5331 2153 5405 scho-

1166 5447 1219 5518 lae
1235 5449 1331 5519 fictas
1343 5448 1481 5519 fabulas
1494 5460 1621 5539 agunt,
1647 5445 1760 5517 multo
1782 5445 1901 5513 minus
1917 5436 2035 5507 oneris
2050 5438 2156 5509 susti·

1367 5644 1369 5649 Α
1492 5549 1516 5621 9
