4732 6030
252 236 334 314 245
801 226 965 303 urus.
997 228 1072 304 uu
1102 226 1303 309 ruane.
1337 231 1397 304 us
1425 226 1747 305 unsroouu.
2213 241 2290 315 aaa

258 408 437 503 Principis
459 409 502 480 ad
526 408 688 479 eximiam
706 404 873 475 virtutem
889 403 1120 492 instituendi,
1147 404 1249 495 lingit
1300 428 1370 497 quo
1393 403 1501 473 modo
1524 404 1700 481 duximus.
1758 402 1839 476 Non
1863 404 2006 498 disputo
2026 434 2124 481 nunc
2146 412 2191 481 de
2216 426 2290 485 tota

258 509 469 585 Evandrum
491 512 682 596 adiungere
695 507 953 577 adolescentem
967 506 1079 577 lilium
1096 505 1250 593 Aeneae,
1300 504 1466 575 imitandi
1489 508 1645 592 ratione,
1671 508 1730 578 sed
1756 502 1824 578 hoc
1843 532 1989 582 monere
2012 524 2151 584 tautum
2177 516 2290 602 volui,

262 629 297 687 et
324 615 522 707 praecipere
552 622 677 698 gnato,
717 622 758 679 ut
787 609 871 677 inde
899 633 918 678 a
949 608 1062 701 prima
1091 609 1248 703 puericia
1300 622 1464 700 oportere
1491 631 1557 678 nos
1580 609 1619 676 in
1644 603 1699 679 bis
1722 610 1848 680 studiis
1868 612 1999 684 nostris
2023 609 2155 687 habere
2177 631 2290 689 certas

263 716 417 787 Aeneam
439 713 602 802 effingere
623 725 658 781 et
677 711 808 782 imitari
821 714 970 785 studeat.
1021 709 1081 781 Sic
1095 713 1247 784 enimad
1300 711 1469 803 quasdam
1492 710 1683 782 sententias
1703 736 1841 803 semper
1863 714 1911 785 ob
1931 716 2073 799 oculos,
2098 720 2291 811 exquibus

263 815 418 888 Aeneam
435 814 503 900 ait,
528 838 608 885 cum
625 813 679 883 illi
696 836 846 906 puerum
861 814 1100 883 commendat:
1300 812 1357 880 vel
1378 813 1423 881 de
1446 813 1607 882 moribus
1626 814 1682 882 vel
1706 816 1751 881 de
1772 816 1878 886 rebus
1894 816 1974 888 aliis
1993 818 2163 891 iudicium
2179 823 2292 893 sacia-

704 924 759 984 sub
771 925 939 984 retuleram
953 926 1095 1003 magistro
1300 936 1397 997 mus,
1431 926 1464 984 et
1496 916 1539 982 ad
1569 937 1657 1008 quas
1679 916 1872 986 reseramus
1896 910 1980 1003 rios,
2012 945 2223 1017 quacunque
2246 925 2293 995 de

363 1025 507 1089 Militiam
522 1038 551 1088 et
565 1046 654 1107 greve
669 1022 774 1089 Illertis
790 1046 883 1107 opus,
909 1025 1187 1087 massmannus
1300 1038 1338 1084 re
1369 1015 1640 1106 disputabimus.
1721 1015 1861 1087 Deinde
1895 1022 2068 1113 quaedam
2102 1028 2294 1096 struendae

364 1128 549 1206 Adsuescet,
576 1132 683 1209 primis
698 1141 727 1189 et
740 1142 771 1190 ts
785 1128 959 1188 mireturab
974 1130 1071 1192 annu.
1300 1118 1634 1211 componendaeque
1664 1119 1837 1190 orationis
1868 1126 2019 1192 tenenda
2049 1123 2163 1194 forma
2184 1139 2236 1197 cst
2258 1139 2293 1198 et

264 1222 385 1296 Sensit
408 1225 502 1293 euim
519 1222 625 1294 Poeta
646 1238 758 1294 artem
780 1223 877 1291 illam
894 1219 1114 1314 imperandi,
1140 1244 1249 1291 unam
1300 1214 1500 1300 character,
1525 1218 1652 1289 similis
1676 1222 1786 1291 veteri
1808 1236 1842 1292 et
1866 1248 1954 1314 pure
1972 1220 2103 1297 Latino
2124 1228 2294 1316 sermoni,

263 1326 422 1396 omnium
444 1326 548 1414 louge
570 1324 924 1416 praestantissimam,
949 1325 1126 1393 nemiuem
1150 1325 1251 1394 adse-
1301 1345 1453 1414 quorum
1475 1334 1655 1414 utrunque
1678 1323 1775 1391 deest
1798 1323 1893 1409 istis,
1917 1326 1981 1419 qui
2003 1351 2116 1398 unum
2134 1323 2203 1401 hoc
2217 1344 2292 1401 stu·

139 1506 142 1511 ,
263 1428 324 1522 qui
341 1451 461 1520 posse,
488 1428 557 1496 nisi
572 1451 608 1495 se
623 1427 668 1496 ad
684 1426 977 1497 alicuiussummi
993 1426 1062 1496 viri
1080 1423 1251 1496 imitatio·
1301 1423 1401 1492 dium
1424 1418 1557 1494 habent
1579 1447 1644 1514 per
1664 1447 1786 1493 omues
1801 1440 1939 1497 autores
1955 1430 2150 1517 grassandi.
2200 1428 2292 1503 Nam

261 1554 343 1598 nem
367 1542 480 1600 totum
503 1540 710 1619 componat,
737 1528 837 1598 cuius
862 1528 971 1612 dicta,
996 1529 1106 1613 facta,
1134 1527 1250 1597 cousi·
1302 1548 1381 1594 cum
1399 1524 1475 1592 sine
1490 1525 1628 1595 delectu
1641 1548 1764 1594 omnes
1777 1531 1969 1599 sententias
1983 1545 2193 1621 congerant,
2218 1558 2292 1606 nou

263 1631 381 1724 liaque
407 1631 528 1700 omnia
559 1631 605 1699 ob
630 1630 752 1699 oculos
776 1631 890 1723 posita
913 1624 1061 1714 habeat,
1092 1632 1135 1698 ad
1162 1654 1251 1723 quae
1303 1637 1417 1718 potest
1441 1626 1538 1711 lieri,
1562 1640 1604 1695 ut
1625 1621 1777 1698 habeant
1799 1644 1911 1699 certas
1929 1632 2065 1725 aliquas
2081 1636 2293 1727 propositas,

263 1733 455 1825 suumipse
472 1756 613 1801 cursum
630 1731 768 1820 dirigat.
824 1727 1038 1824 Quanquam
1053 1747 1170 1802 autem
1186 1727 1251 1799 bae
1302 1752 1389 1821 quas
1411 1727 1450 1796 iu
1472 1728 1665 1798 iudicando
1687 1745 1892 1823 sequantur.
1944 1732 2082 1805 Deinde
2098 1736 2201 1806 citius
2218 1749 2292 1807 tota

263 1846 405 1903 nostrae
420 1848 511 1906 artes
529 1832 700 1922 dignitate
715 1834 820 1920 longe
837 1832 929 1900 infra
945 1834 1036 1901 bene
1052 1832 1250 1923 imperandi
1302 1853 1420 1897 rerum
1442 1844 1568 1899 natura
1592 1831 1805 1917 mutabitur,
1830 1857 1937 1926 quam
1958 1835 2018 1906 liet
2036 1849 2076 1907 ut
2098 1836 2189 1908 iusta
2206 1861 2291 1907 ora-

263 1936 445 2004 scicutiam
471 1936 606 2026 positae
626 1957 699 2004 esse
721 1934 983 2018 existimentur,
1015 1947 1133 2003 tamen
1157 1934 1250 2003 dilli-
1302 1931 1411 2000 tiouis
1428 1943 1603 2000 structura
1619 1944 1768 2033 utantur
1782 1930 1837 2020 hi,
1863 1936 1924 2029 qui
1940 1940 2072 2008 nonad
2085 1938 2289 2031 aliquorum

263 2037 392 2106 cultate
420 2037 474 2105 illi
506 2059 607 2128 pares
636 2058 709 2105 esse
737 2059 844 2105 nemo
873 2035 1035 2104 dubitare
1059 2049 1192 2125 potest,
1221 2034 1251 2105 si
1302 2057 1343 2101 er
1373 2032 1550 2102 veteribus
1577 2032 1812 2104 imitationem
1843 2060 1916 2107 sese
1938 2040 2165 2111 contulerint.
2218 2038 2292 2111 lta-

263 2140 371 2209 modo
395 2139 621 2230 expenderit,
646 2137 769 2230 quanti
790 2137 929 2226 negocii
945 2137 1008 2221 sit,
1034 2151 1106 2207 tam
1120 2138 1251 2206 multa·
1303 2157 1372 2227 que
1400 2134 1562 2203 videmus
1592 2158 1716 2205 eorum
1743 2136 1961 2227 orationem,
1995 2143 2057 2235 qui
2087 2166 2293 2237 quanquam

263 2263 344 2309 rum
375 2265 493 2310 rerum
527 2240 784 2328 coguitionem,
830 2252 1009 2329 praetcrea
1039 2239 1250 2308 mediocrem
1301 2235 1412 2305 multa
1444 2236 1616 2323 legerint,
1649 2239 1829 2308 tamenin
1854 2246 2098 2333 componenda
2124 2245 2294 2330 oratione,

263 2343 441 2434 quandam
464 2343 665 2411 facultatem
690 2339 831 2409 dicendi
855 2354 888 2409 et
912 2340 1129 2428 exponendi,
1163 2365 1253 2433 qtrae
1303 2360 1382 2405 cum
1405 2336 1538 2407 nullam
1562 2350 1715 2407 veterem
1737 2340 2105 2431 sormamimitautur,
2129 2346 2294 2437 persimi-

263 2457 356 2513 recta
389 2466 461 2512 esse
492 2444 727 2533 perspexeris,
762 2466 896 2532 parare.
947 2438 1013 2511 Est
1043 2443 1138 2509 euim
1169 2465 1253 2532 pro·
1303 2439 1370 2506 lem
1408 2462 1482 2507 esse
1516 2440 1671 2509 mendici
1703 2442 1833 2531 pallio,
1880 2445 1936 2514 cui
1968 2446 2095 2537 passim
2128 2448 2293 2533 lacerato,

263 2543 354 2613 lecto
374 2568 446 2612 uua
465 2547 508 2613 de
525 2544 731 2614 difficilimis
748 2543 883 2611 artibus
899 2544 953 2611 vel
973 2544 1161 2613 mediocris
1179 2545 1252 2612 elo·
1302 2540 1419 2608 omnis
1448 2542 1586 2628 generis
1615 2543 1799 2632 panniculi
1828 2547 1934 2616 assuti
1957 2560 2050 2620 suut.
2100 2547 2191 2619 Nam
2217 2562 2292 2619 tota

218 2664 223 2673 ·
264 2644 418 2737 quentia.
471 2644 591 2733 Quare
615 2645 644 2712 si
663 2645 701 2712 in
718 2645 912 2715 levioribus
927 2646 1060 2715 artibus
1077 2647 1153 2714 sine
1169 2646 1253 2713 imi·
1303 2642 1450 2711 istorum
1475 2644 1589 2712 oratio
1611 2667 1650 2711 ex
1670 2644 1902 2715 dissimilimis
1916 2661 1949 2716 et
1966 2648 2082 2717 verbis
2097 2663 2129 2719 et
2146 2664 2291 2719 seuten-

263 2747 396 2816 tatione
421 2747 510 2815 ellici
534 2742 628 2815 nihil
650 2758 781 2834 potest,
819 2745 1057 2840 eloquentiam
1081 2773 1125 2817 ne
1149 2762 1251 2838 puta-
1302 2744 1361 2813 tiis
1384 2758 1568 2832 congesta,
1592 2745 1679 2813 alias
1703 2746 1823 2835 longas
1846 2742 1951 2817 babet
1970 2751 2292 2836 circunductiones,

263 2848 381 2918 bimus
410 2871 477 2917 nos
503 2849 579 2917 sine
607 2847 670 2916 illo
696 2846 913 2917 adminiculo
938 2852 1104 2942 consequi
1130 2849 1254 2941 posse?
1302 2846 1388 2913 alias
1418 2847 1566 2935 abrupta
1596 2849 1768 2939 quaedam
1795 2860 1829 2916 et
1849 2851 1972 2920 mutila
1993 2853 2171 2934 membra,
2205 2852 2292 2922 alias

263 2947 428 3020 Ciceroni
454 2975 528 3020 nou
553 2951 711 3036 videtur}
737 2973 820 3018 naut
845 2949 938 3040 apud
959 2944 1054 3020 hunc
1071 2949 1253 3021 Antonius
1303 2947 1478 3016 obsoletas
1502 2960 1535 3016 et
1558 2950 1603 3016 ab
1627 2949 1750 3018 ultima
1774 2950 1983 3042 antiquitate
2004 2954 2128 3043 petitas
2151 2955 2294 3042 liguras,

264 3066 345 3122 ante
363 3053 482 3120 omnia
502 3051 689 3143 praecipit,
715 3069 755 3122 ut
770 3052 940 3141 eligamus
954 3053 1127 3146 aliquem,
1153 3053 1253 3121 cuius
1303 3071 1390 3142 quas
1413 3056 1486 3115 nort
1509 3048 1680 3138 intelligat
1696 3051 1725 3117 si
1743 3052 1930 3123 reviviscat
1946 3055 2019 3144 ipsa
2038 3051 2199 3124 Evandri
2215 3081 2294 3124 ma-

265 3174 331 3219 nos
360 3152 493 3222 similes
525 3178 598 3223 esse
628 3154 778 3223 velimus
804 3167 839 3222 et
863 3175 1001 3223 summa
1024 3154 1253 3225 contentione
1304 3166 1371 3230 ter,
1397 3149 1483 3218 alias
1497 3152 1669 3220 vocabula
1683 3175 1774 3219 nova
1791 3166 1824 3222 et
1837 3154 1876 3220 iu
1890 3155 2007 3223 media
2022 3156 2185 3226 barbarie
2199 3171 2293 3229 nata.

264 3252 376 3321 animi
402 3253 624 3343 effingamus,
650 3268 755 3345 atque
776 3255 958 3324 imitemur
972 3255 1011 3323 in
1028 3255 1091 3327 illo
1108 3280 1147 3326 ea
1164 3281 1253 3350 quae
1303 3250 1417 3322 Porro
1439 3275 1519 3320 cum
1540 3251 1603 3321 illa
1623 3252 1876 3321 dissimilitudo
1899 3256 2152 3328 obscuritatem
2172 3259 2296 3350 pariet,

264 3353 417 3423 maxime
440 3354 627 3435 excellunt,
679 3351 787 3443 Quod
812 3355 842 3422 si
866 3356 975 3444 igitur
997 3356 1149 3428 imitatio
1172 3373 1253 3428 tan·
1304 3367 1338 3423 et
1361 3352 1554 3422 marimum
1577 3350 1703 3422 vitium
1726 3354 1898 3429 orationis
1913 3356 1960 3426 sit
1972 3358 2189 3446 obscuritas,
2215 3359 2294 3451 quis

264 3468 386 3546 tepere
401 3456 592 3526 necessaria
610 3467 673 3541 est,
698 3479 763 3524 nec
774 3456 905 3526 imitari
922 3481 1123 3550 quenquam
1142 3460 1254 3549 possi·
1303 3455 1373 3524 tale
1395 3453 1537 3524 dicendi
1561 3476 1671 3544 genus
1692 3478 1766 3523 non
1789 3456 1928 3527 oderit?
1954 3458 2034 3551 quis
2057 3485 2131 3531 nou
2153 3460 2294 3547 lugien-

264 3582 364 3638 mus,
398 3582 502 3649 qoem
532 3582 607 3628 uon
628 3556 769 3650 penitus
790 3571 914 3626 notum
938 3552 1147 3644 habeamus,
1179 3584 1253 3630 non
1304 3558 1390 3627 dum
1404 3556 1511 3640 velis,
1535 3569 1577 3626 ut
1592 3556 1639 3625 ita
1657 3557 1790 3641 dicam,
1815 3571 1848 3626 et
1865 3559 1972 3628 remis
1987 3561 2139 3630 sentiat?
2188 3560 2293 3649 Quae

264 3660 480 3752 relinquitur
494 3661 663 3745 dubium,
689 3660 776 3753 quio
794 3659 856 3729 diu
875 3661 1014 3749 legendi
1031 3662 1101 3733 siut
1118 3663 1253 3756 aliquot
1304 3683 1383 3728 cum
1406 3658 1455 3726 ita
1478 3657 1568 3747 siut,
1595 3657 1675 3752 quis
1698 3681 1773 3728 nou
1795 3659 1945 3731 fateatur
1962 3662 2068 3732 satius
2085 3685 2174 3745 esse,
2199 3684 2294 3754 pau-³

264 3762 390 3853 optimi
415 3762 539 3835 libelli.
592 3761 642 3834 Ut
664 3764 758 3833 enim
782 3763 844 3853 qui
867 3763 973 3830 semel
996 3765 1168 3858 oppidum
1187 3765 1253 3834 ali·
1303 3784 1362 3829 cos
1384 3760 1591 3849 scriptores,
1616 3762 1676 3828 sed
1703 3760 1856 3852 optimos
1880 3762 2031 3833 subinde
2055 3763 2188 3851 legere,
2213 3788 2297 3834 eos-

265 3866 360 3957 quod
390 3878 649 3956 praetervectus
678 3878 748 3949 est,
783 3888 857 3932 nou
884 3887 1006 3933 omnes
1026 3867 1126 3936 urbis
1146 3866 1253 3952 vicos,
1303 3862 1947 3954 quefamiliarissimanobltfacere‚
1973 3864 2297 3957 quamtumultua·

264 3990 339 4035 non
361 3967 513 4036 civitatis
535 3990 670 4052 mores,
694 3991 770 4037 non
796 3961 981 4036 homiuum
1005 3966 1073 4037 loci
1096 3968 1172 4038 eius
1195 3970 1253 4038 iu·
1303 3963 1356 4032 ria
1378 3963 1533 4033 lectione
1557 3964 1761 4054 peremnia
1786 3964 1995 4056 bibliopolis
2021 3966 2158 4057 vagari,
2189 3990 2296 4057 prae-

264 4069 366 4158 genia
382 4070 500 4138 statim
514 4069 657 4151 didicit,
684 4070 730 4138 ita
747 4068 892 4136 consilia
908 4093 947 4137 ac
959 4071 1167 4156 sententias,
1193 4087 1252 4142 aut
1303 4064 1426 4135 sertim
1451 4088 1532 4134 cum
1555 4059 1624 4135 hoc
1643 4065 1722 4136 vitii
1745 4060 1874 4136 habeat
1896 4090 1934 4136 ea
1956 4091 2029 4150 res,
2053 4081 2094 4138 ut
2109 4069 2146 4136 iu
2161 4068 2296 4140 multos

264 4171 437 4239 sermonis
464 4168 755 4257 compositionem
780 4170 818 4235 in
843 4182 985 4252 autore,
1018 4196 1123 4263 quem
1146 4174 1253 4242 semel
1303 4167 1416 4236 malos
1438 4166 1550 4237 libros
1572 4190 1678 4257 opera
1702 4165 1912 4252 collocetur,
1937 4171 2033 4239 unde
2054 4172 2294 4241 velutconta·

264 4270 487 4360 percurristi,
532 4294 604 4338 non
636 4270 753 4340 statim
785 4269 1066 4340 animadvertere
1097 4275 1253 4362 potuisti,
1303 4269 1408 4358 giuue
1435 4282 1498 4338 aut
1524 4289 1648 4358 pravas
1673 4268 1876 4356 opiniones,
1907 4285 1968 4342 aut
1989 4283 2196 4363 corruptum
2221 4294 2295 4342 ser·

265 4371 326 4439 sed
349 4371 412 4439 diu
437 4372 475 4438 in
500 4394 541 4438 eo
563 4372 855 4439 commorandum
876 4383 946 4452 est,
977 4371 1006 4437 si
1029 4373 1126 4442 voles
1147 4374 1252 4444 altius
1303 4368 1420 4439 monis
1449 4391 1562 4459 genus
1590 4363 1795 4454 contrahas,
1843 4395 1934 4464 quae
1964 4387 2081 4464 postea
2112 4373 2294 4443 dediscere

263 4473 508 4561 introspicere.
560 4469 635 4541 lam
656 4484 696 4541 ut
719 4471 794 4540 cius
810 4470 964 4562 aliquam
981 4470 1250 4543 similitudinem
1303 4470 1465 4539 immensi
1487 4471 1626 4560 negocii
1647 4483 1717 4554 est,
1737 4472 1942 4560 praesertim
1962 4474 1992 4542 si
2014 4475 2133 4545 statim
2154 4476 2245 4545 rude
2258 4488 2294 4545 et

263 4574 487 4668 adsequeris,
527 4587 568 4645 ut
597 4572 704 4643 verba
734 4572 832 4642 illius
858 4572 896 4639 in
927 4560 1093 4666 promptu
1122 4568 1252 4645 habeas
1302 4596 1424 4641 recens
1449 4571 1634 4659 ingenium
1657 4572 1855 4647 iniecerint.
1907 4573 1997 4645 Nam
2019 4579 2048 4645 si
2071 4589 2189 4646 metus
2211 4600 2294 4647 cor·

264 4701 343 4747 cum
368 4700 458 4767 opus
479 4688 548 4758 est,
575 4690 615 4749 ut
631 4675 804 4745 sermonis
821 4675 1028 4765 compositio
1047 4678 1182 4746 nonsit
1196 4677 1252 4746 illi
1303 4673 1401 4762 poris
1421 4672 1590 4759 vitiosus,
1616 4674 1755 4767 qualem
1780 4676 1819 4744 in
1841 4670 2045 4747 Alexandro
2068 4690 2296 4764 notaverunt,

262 4778 455 4860 absimilis,
495 4775 564 4850 hoc
587 4802 672 4848 vero
698 4778 774 4848 sine
797 4790 963 4872 perpetua
986 4778 1139 4850 lectione
1160 4778 1251 4848 effici
1301 4774 1559 4844 consuetudine
1588 4775 1753 4863 duratus,
1791 4776 1920 4867 corrigi
1951 4793 2070 4869 postea
2102 4779 2202 4849 nulla
2232 4804 2295 4849 ra·

262 4904 338 4950 non
358 4894 482 4972 potest.
532 4877 591 4950 Ao
615 4905 690 4951 nou
714 4880 875 4950 videmus
899 4879 1049 4969 pictores
1070 4905 1151 4950 cum
1169 4881 1251 4951 vul·
1300 4877 1397 4947 tione
1417 4889 1549 4969 potest,
1584 4901 1674 4971 quae
1695 4902 1774 4970 spes
1796 4890 1850 4950 est
1872 4902 1914 4947 ex
1936 4882 2056 4952 animo
2077 4880 2297 4973 perniciosas

262 4996 339 5053 tum
356 4983 505 5052 alicuius
523 4983 737 5074 depingunt,
762 5007 867 5077 quam
884 5003 986 5071 saepe
1001 4982 1190 5072 respiciant
1205 4983 1249 5051 ad
1300 4979 1508 5070 opiniones,
1541 5003 1622 5050 cum
1644 4980 1717 5050 iam
1740 4980 1809 5051 alte
1831 4981 1966 5051 radices
1989 4996 2155 5074 egeurnt,
2187 4983 2297 5053 evelli

262 5084 463 5173 exemplar?
502 5108 609 5177 quam
638 5086 814 5156 contentis
844 5082 955 5156 oculis
986 5107 1108 5154 omnes
1138 5084 1251 5153 lineas
1301 5104 1419 5171 posse,
1444 5094 1507 5151 aut
1529 5081 1711 5151 emendari
1734 5082 1907 5151 sermonis
1926 5083 2030 5170 vitia,
2056 5109 2209 5179 quorum
2227 5108 2296 5156 ns-

260 5184 571 5275 co'ntemplentur?
629 5184 680 5258 lta
711 5188 815 5258 nobis
846 5207 1029 5278 nunquam
1059 5185 1250 5255 deiicicudi
1302 5196 1417 5251 turam
1438 5181 1507 5252 tibi
1530 5183 1680 5253 leceris?
1737 5180 1866 5254 Danda
1889 5184 1999 5275 igitur
2020 5211 2126 5278 opera
2148 5201 2201 5258 cst
2218 5202 2296 5259 sta·

259 5288 354 5360 oculi
376 5299 483 5360 erunt
503 5288 548 5356 ab
572 5312 614 5359 eo
637 5301 760 5359 autore
784 5313 889 5382 quem
913 5285 1185 5378 perdiscendum
1209 5287 1248 5354 in
1301 5280 1364 5352 tim
1387 5294 1428 5352 ut
1451 5283 1595 5373 optimis
1617 5284 1841 5370 imbuamur,
1873 5300 1909 5357 et
1930 5287 2077 5378 perinde
2099 5301 2207 5382 atque
2230 5314 2296 5357 ve·

257 5413 385 5463 mam„
404 5389 602 5483 accepimus
612 5444 623 5477 ‚
652 5413 828 5486 quemque
850 5389 1064 5462 imitandum
1085 5411 1159 5459 ωε
1181 5388 1248 5459 ali.
1297 5406 1391 5453 neua
1413 5386 1568 5456 cavenda
1592 5399 1678 5457 sunt
1697 5399 1733 5458 et
1754 5389 1881 5480 procul
1901 5391 2072 5477 arcenda,
2097 5404 2296 5486 quaesunt
