4732 6030
202 333 278 410 499
858 320 1016 402 DECL
1063 321 1140 403 ΒΕ·
1173 318 1319 402 VITA
1351 315 1583 399 adnant
2165 325 2244 403 300

208 506 289 590 diis,
314 501 502 596 prudentia
516 511 549 568 et
565 497 761 588 diligentia,
787 496 826 565 in
841 512 916 568 arte
931 523 1012 569 cum
1026 500 1197 571 tradenda
1248 492 1345 564 dicos
1361 490 1583 562 doctissimos
1603 514 1643 561 ac
1664 489 1922 568 celeberrimos.
1974 490 2022 566 Et
2035 520 2245 593 quanquam

208 623 285 680 tum
308 603 507 675 exercenda.
559 598 601 668 ln
630 599 858 686 medicando,
895 600 1085 670 iuvenibus
1115 624 1200 691 pro-
1248 592 1391 684 ingenio
1410 594 1601 663 admodum
1618 592 1793 678 excelluit,
1817 607 1935 664 tamen
1945 593 2160 686 ‘gravissime
2176 605 2246 672 ob-

209 712 302 780 fecto
341 702 568 773 utilissimum
599 714 672 785 est,
714 715 834 796 tenere
866 701 998 793 optima
1031 702 1200 792 exempla,
1249 697 1365 786 iurgat
1380 717 1457 783 eos,
1483 694 1546 786 qui
1562 695 1638 763 sine
1661 697 1947 787 praeceptoribus
1968 699 2190 775 arbitrantur
2205 729 2243 776 se

212 830 301 904 quae
333 804 517 874 imitentur
540 816 575 872 et
608 804 647 871 in
673 803 839 872 discendo
865 816 900 873 et
933 803 970 870 in
997 802 1201 876 iudicando.
1249 798 1390 867 futuros
1413 795 1597 866 artifices·
1625 795 1779 866 Romam
1801 797 1857 867 bis
1875 801 2053 890 profectus
2071 819 2141 888 est,
2165 810 2244 899 pri-

211 907 404 981 Estautem
413 903 573 975 Galenus
586 903 748 994 Pergami
764 916 878 989 natus,
896 917 996 995 patre
1009 898 1201 975 architecto
1249 921 1348 967 mum
1373 919 1436 965 suo
1452 897 1619 979 consilio,
1644 911 1678 966 et
1700 911 1739 966 ut
1761 896 1922 970 Medicus
1948 902 1998 971 ibi
2024 907 2181 998 audiret,
2210 924 2244 980 et

213 1007 363 1081 civitatis
397 1005 655 1089 eruditissimo,
694 1018 736 1075 ut
761 1001 921 1075 Galenus
952 1005 1133 1096 praedicat
1163 1004 1201 1073 in
1250 1012 1290 1070 ut
1305 997 1440 1087 ingenii
1456 998 1633 1088 specimen
1648 999 1833 1088 praeberet
1848 1001 1887 1070 in
1906 1016 2004 1073 tanta
2021 1005 2101 1076 luae
2117 1031 2156 1078 ὃς
2171 1012 2245 1080 ste.

137 1191 139 1196 .
215 1106 476 1184 Grammaticis,
493 1105 693 1178 Dialecticis
709 1119 744 1175 et
759 1101 1036 1178 Mathematicis:
1063 1128 1203 1176 arnar—
1251 1095 1609 1194 quentiaDoctorum,
1630 1099 1693 1192 qui
1709 1100 1969 1178 erantliomae.
2020 1104 2094 1177 Sed
2110 1109 2247 1180 dissen-

215 1211 378 1299 ratipse,
403 1228 615 1298 magnopere
635 1207 706 1279 sibi
719 1202 787 1276 hoc
804 1208 997 1299 profuisse,
1026 1209 1122 1300 quod
1139 1205 1203 1278 tali
1252 1202 1344 1274 tiens
1369 1200 1550 1269 interdum
1576 1222 1596 1268 a
1621 1201 1783 1285 caeteris,
1816 1203 2070 1278 animadvertit
2095 1231 2133 1281 se
2163 1213 2246 1282 odia

216 1325 319 1381 natus
337 1309 382 1379 sit
402 1321 519 1399 patre,
541 1309 603 1400 qtri
625 1332 699 1376 non
714 1309 830 1377 solnm
848 1310 975 1380 amarit
989 1309 1203 1399 disciplinas,
1253 1325 1377 1372 eorum
1403 1302 1603 1385 incurrere,
1631 1324 1779 1394 eamque
1800 1305 1848 1373 ob
1870 1328 2010 1377 causam
2031 1310 2245 1403 disputatio·

215 1425 257 1483 ut
271 1411 382 1480 filium
398 1412 442 1477 ad
460 1432 517 1478 eas
536 1409 574 1476 in
592 1422 749 1499 ternpore
769 1402 992 1494 adhibuerit,
1016 1413 1076 1480 sed
1097 1409 1202 1478 etiam
1254 1425 1316 1472 nes
1330 1403 1489 1473 omisisse
1504 1424 1541 1469 se
1558 1402 1695 1494 inquit,
1719 1407 1925 1493 praesertim
1939 1432 2020 1478 cum
2043 1410 2083 1480 in
2101 1414 2245 1485 concio-

216 1513 291 1604 ipse
308 1511 405 1580 dorni
424 1510 595 1580 docuerit,
647 1505 705 1578 Ab
724 1503 793 1579 hoc
814 1508 864 1579 ait
884 1511 1055 1581 elementa
1074 1511 1203 1580 artium
1254 1504 1361 1573 nibus
1389 1505 1470 1593 plns
1493 1504 1624 1591 gratiae
1655 1516 1690 1573 et
1712 1506 1893 1596 opinionis
1920 1509 2086 1600 colligere
2111 1529 2244 1605 possen

217 1613 400 1693 didicisse,
425 1612 554 1703 quibus
580 1610 769 1701 perceptis,
797 1634 877 1706 cttsn
896 1612 965 1680 iam
990 1626 1095 1682 natus
1117 1626 1204 1681 esset
1254 1605 1306 1677 ait
1328 1604 1422 1673 enim
1448 1603 1516 1671 sibi
1538 1604 1753 1691 singularem
1774 1608 1925 1678 adfuisse
1951 1608 2178 1684 foelicitatem
2205 1616 2242 1685 in

218 1736 332 1784 annos
365 1711 586 1802 quindecim,
627 1713 672 1780 ad
703 1711 917 1802 professores
940 1707 1206 1803 philosophicos
1255 1703 1341 1777 artis
1364 1727 1431 1774 usu
1457 1716 1491 1772 et
1517 1706 1777 1793 curationibus,
1809 1722 1848 1779 ut
1872 1712 2038 1780 credibile
2064 1728 2134 1799 est;
2166 1729 2243 1785 erat

218 1816 391 1884 deductus
406 1824 471 1881 est:
492 1811 556 1881 ubi
571 1836 650 1880 cnm
665 1825 883 1882 exerceretur
897 1814 938 1882 in
953 1810 1157 1885 Dialecticis
1171 1826 1205 1883 et
1256 1806 1351 1876 enim
1368 1805 1490 1874 divino
1508 1819 1542 1877 et
1562 1800 1705 1876 heroico
1727 1808 1863 1900 impetu
1885 1813 1929 1880 ad
1944 1811 2162 1885 Medicinam
2182 1816 2241 1884 in-

217 1915 354 2006 reliqua
370 1900 617 2003 Philosophia,
642 1935 724 1982 nam
748 1926 849 2003 pater
866 1936 946 1983 eum
964 1938 1038 1983 non
1053 1912 1206 1985 Medici.
1256 1907 1401 1989 citatus,
1431 1927 1536 1999 quem
1558 1906 1719 1977 comitari
1740 1909 1928 1999 singularis
1948 1914 2118 1985 foelicitas
2140 1917 2241 1987 solet.

218 2038 297 2098 nae,
314 2014 375 2083 sed
391 2025 527 2083 tantum
543 2012 751 2104 professioni
766 2007 1051 2104 philosophicae,
1075 2029 1114 2085 ut
1129 2027 1205 2085 tum
1258 2005 1366 2079 Venit
1380 2004 1532 2078 Romam
1549 2022 1653 2077 natus
1670 2031 1784 2080 annos
1797 2026 1950 2102 quatuor
1963 2029 1996 2085 et
2016 2016 2178 2104 triginta,
2203 2041 2244 2086 ac

218 2114 431 2197 vocabatur,
458 2114 670 2197 destinarat,
691 2114 894 2183 adolescens
915 2139 995 2184 curn
1020 2115 1206 2185 biennium
1257 2109 1410 2199 plurima
1434 2107 1486 2178 ibi
1507 2108 1663 2199 scripsit,
1694 2124 1728 2181 et
1750 2108 1868 2182 in'his
1888 2117 2061 2207 quaedam
2086 2114 2245 2208 pbiloso-

220 2215 414 2287 audivisset
434 2210 710 2305 Philosophum,
736 2217 894 2296 somnio,
920 2231 960 2287 ut
980 2216 1055 2306 ipse
1077 2216 1205 2308 inquit,
1257 2204 1361 2300 phica
1386 2210 1429 2277 de
1456 2211 1831 2292 demonstrationibus,
1863 2228 1904 2284 ut
1929 2219 2099 2289 refutaret
2123 2242 2245 2288 amen·

218 2317 372 2386 maxime
394 2315 525 2386 illustri
552 2317 708 2385 monitus
733 2329 802 2400 est,
840 2329 881 2386 ut
904 2317 1071 2386 medendi
1095 2331 1205 2388 artem
1256 2311 1343 2381 tiam
1358 2310 1582 2402 quorundam
1599 2313 1917 2403 praestigiatomm,
1942 2319 2244 2411 qnieotempore,

220 2417 380 2487 disceret.
432 2413 505 2485 Nec
520 2439 603 2485 vero
618 2415 764 2498 dubito,
789 2417 878 2509 quin
893 2417 1066 2490 divinitus
1081 2419 1113 2486 ei
1128 2441 1207 2509 spe·
1257 2425 1299 2482 nt
1312 2425 1404 2480 artes
1418 2425 1631 2497 everterent,
1654 2417 1917 2488 contendebant
1941 2414 2034 2489 nihil
2052 2443 2126 2490 esse
2144 2422 2243 2513 certi,

148 2554 151 2561 ·
220 2517 290 2586 cies
307 2517 368 2585 illa
384 2515 504 2587 oblata
520 2517 577 2597 sit,
602 2529 636 2586 et
652 2518 794 2586 additos
807 2518 960 2607 impetus
975 2520 1147 2589 divinitus
1162 2521 1205 2587 ad
1257 2525 1293 2583 et
1320 2512 1481 2581 omnium
1503 2511 1632 2582 artium
1659 2533 1843 2607 praecepta
1863 2513 2064 2610 sophisticis
2086 2521 2244 2613 disputa·

220 2612 473 2689 hocstudium.
523 2614 611 2687 Erat
626 2619 696 2686 illis
720 2619 938 2708 temporibus
955 2621 1122 2711 dissipata
1142 2643 1208 2703 ars,
1258 2612 1416 2683 tionibus
1431 2612 1697 2689 labefactabant.
1749 2616 1879 2709 Magna
1896 2620 1968 2690 illis
1991 2622 2244 2714 impostoribus

220 2731 255 2788 et
269 2731 309 2788 ut
323 2742 364 2786 ex
378 2716 496 2786 Plinio
513 2718 663 2807 intelligi
679 2731 808 2806 potest,
834 2721 945 2789 exorti
967 2736 1066 2791 erant
1092 2722 1208 2811 impo-
1258 2713 1392 2804 ingenii
1418 2714 1495 2782 laus
1514 2715 1719 2802 videbatur,
1752 2742 1826 2788 non
1853 2721 2026 2809 explicare
2052 2748 2151 2807 vera,
2181 2726 2242 2792 sed

142 2882 146 2890 .
221 2833 331 2890 stores
347 2818 505 2909 plurimi,
530 2820 591 2910 qui
607 2821 845 2907 depravabant
860 2834 982 2906 artem,
1008 2847 1082 2891 non
1100 2825 1207 2890 modo
1258 2829 1412 2905 receptas
1443 2815 1632 2904 opiniones
1662 2820 1860 2908 petulanter
1893 2836 2058 2894 evertere.
2119 2822 2243 2917 ltaque

219 2921 261 2990 in
285 2922 475 2991 exercenda
497 2917 696 3002 Medicina,
729 2924 823 3012 quod
849 2924 1014 2991 omnibus
1036 2924 1208 2992 aetatibus
1258 2917 1345 2986 adeo
1360 2929 1590 2986 exercuerunt
1603 2914 1734 2991 Galeni
1757 2921 1958 3011 ingenium,
1982 2939 2023 2993 nt
2039 2924 2189 2993 fateatur
2204 2947 2242 2992 se

221 3021 367 3104 accidit,
392 3023 453 3089 sed
469 3021 581 3090 multo
596 3023 706 3110 magis
720 3022 757 3089 in
774 3024 952 3108 docendo,
982 3048 1091 3094 novas
1107 3047 1208 3114 prae·
1256 3040 1398 3109 quoque
1420 3017 1518 3086 illam
1543 3013 1825 3110 Pyrrhoniorum
1851 3025 2106 3095 dubitationem
2132 3025 2240 3094 fuisse

220 3120 343 3209 stigias
361 3121 602 3204 ostentabant,
634 3123 870 3192 immittebant
888 3124 927 3192 in
941 3149 1047 3217 aquas
1068 3127 1209 3195 ferveo·
1258 3132 1478 3201 secuturum,
1510 3117 1581 3185 nisi
1603 3119 1725 3191 fuisset
1757 3146 1845 3214 puer
1870 3128 1915 3197 ad
1940 3124 2180 3197 Geometriam
2207 3139 2243 3195 et

221 3234 275 3293 tes
291 3232 467 3309 aegrotos,
487 3243 697 3313 quocunque
713 3245 839 3310 genere
858 3226 974 3294 morbi
997 3228 1207 3296 laborantes.
1258 3220 1302 3288 ad
1337 3221 1657 3290 demonstrationes
1688 3225 1913 3294 assuefactus:
1948 3251 2020 3319 qua
2056 3226 2244 3320 disciplina

220 3319 319 3395 Deus
339 3319 466 3410 igitur,
490 3344 570 3388 cum
587 3334 622 3391 ct
636 3321 787 3390 retinere
802 3337 930 3407 artem,
952 3341 988 3397 et
1001 3349 1209 3395 conservare
1258 3328 1332 3389 non
1350 3332 1489 3389 lanium
1498 3314 1572 3390 Ι1100
1585 3337 1761 3394 &mentm
1773 3337 1843 3407 0⁸12
1866 3339 1909 3395 ⁰2
1921 3339 2014 3396 terh
2030 3329 2077 3397 ab
2100 3329 2246 3399 ῐῦῑθῐῑῑδ

222 3423 267 3494 ad
288 3435 448 3513 posteros
471 3421 595 3506 vellet,
627 3425 774 3492 daturus
795 3425 876 3492 orbi
901 3439 1073 3496 terrarum
1096 3427 1208 3496 excel·
1258 3420 1456 3490 discernere
1483 3435 1614 3512 posset,
1641 3424 1700 3493 sed
1730 3423 1836 3495 etiam
1863 3424 1971 3512 illud,
2002 3430 2100 3521 quod
2129 3431 2245 3501 multo

223 3524 355 3593 lentem
386 3522 570 3608 artificem,
602 3524 765 3595 excitavit
792 3522 921 3595 Galeni
954 3527 1135 3617 ingenium
1163 3529 1208 3595 ad
1259 3522 1373 3591 maius
1395 3534 1464 3607 est,
1495 3523 1653 3594 veritatis
1673 3537 1715 3596 ut
1740 3540 1830 3597 esset
1859 3528 2051 3611 amantior,
2083 3543 2118 3599 et
2141 3531 2244 3599 freno

222 3619 309 3694 baec
329 3623 458 3697 studia.
507 3620 605 3697 Deus
627 3625 723 3694 enim
742 3640 925 3697 conservat
948 3652 1048 3698 veras
1063 3642 1154 3699 artes
1170 3629 1208 3697 in
1259 3624 1413 3716 quodam
1441 3637 1573 3713 regeret
1605 3626 1787 3714 ingenium
1815 3629 2067 3700 animadversis
2089 3632 2243 3700 demon-

220 3724 314 3810 vita,
339 3726 435 3818 qnod
451 3749 492 3794 ex
509 3748 550 3794 eo
571 3740 735 3816 apparet,
760 3728 842 3820 quia
860 3728 952 3799 nulli
973 3730 1126 3801 existunt
1148 3753 1208 3799 ex.
1258 3723 1500 3798 strationibus.
1540 3721 1730 3816 Euripides
1743 3730 1886 3820 linguae
1898 3731 2125 3821 petulantiam
2139 3742 2243 3800 vorat

145 3884 147 3889 ,
222 3827 387 3897 cellentes
402 3826 550 3897 artifices
568 3827 645 3897 sine
662 3828 788 3898 divino
803 3829 935 3903 afflatu.
985 3829 1107 3924 ltaque
1127 3855 1208 3901 cum
1258 3824 1502 3916 turpissimum
1524 3827 1706 3917 morbum,
1731 3833 1792 3900 sed
1814 3831 1925 3903 nullis
1947 3833 2085 3925 turpior
2106 3844 2158 3902 est
2178 3831 2243 3901 ills

222 3940 312 3998 esset
324 3927 394 3996 iam
413 3927 544 4019 puerili
561 3930 721 4000 doctrina
744 3944 973 4022 praeparatus
987 3933 1024 4002 in
1039 3931 1209 4005 Dialecti-
1258 3924 1449 3997 cavillandi
1470 3926 1629 4012 licentia,
1654 3942 1690 3999 et
1709 3942 1750 4003 ut
1771 3934 1882 4004 veteri
1896 3929 2115 4005 Graecorum
2137 3954 2244 4002 voea-

221 4028 272 4100 cis
294 4042 329 4100 et
352 4028 537 4101 elementis
552 4026 821 4119 Philosophiae,
855 4047 890 4103 et
905 4033 1050 4123 ingenio
1064 4035 1209 4117 valeret,
1259 4027 1344 4097 bulo
1364 4041 1447 4099 utar
1462 4024 1737 4123 σοφιστομανία
1756 4044 1791 4104 et
1813 4035 1971 4104 studium
1987 4032 2168 4105 evertendi
2182 4052 2245 4100 ve·

221 4143 257 4201 et
270 4131 435 4219 flagraret
450 4131 591 4198 animus
607 4131 767 4199 discendi
782 4131 986 4220 cupiditate,
1003 4147 1038 4205 et
1054 4136 1215 4226 qarodam
1257 4150 1314 4197 ras
1339 4141 1373 4198 et
1402 4128 1506 4199 utiles
1535 4133 1743 4217 sententias,
1775 4156 1881 4225 quam
1905 4129 2150 4226 Philosophis,
2181 4132 2244 4226 qui

221 4223 481 4309 enthusiasmo,
521 4252 648 4317 magno
672 4231 789 4301 studio
820 4231 952 4321 pariter
979 4234 1018 4302 in
1044 4229 1208 4304 Philoso·
1258 4230 1415 4301 veritatis
1428 4254 1583 4300 amorem
1598 4254 1638 4301 ac
1652 4234 1892 4303 defensionem
1904 4237 2126 4324 profitentur,
2162 4232 2244 4304 lure

222 4324 343 4421 phiam
357 4344 391 4400 et
404 4328 620 4398 Medicinam
642 4331 848 4399 incumbere
864 4333 989 4424 coepit.
1049 4332 1207 4405 Primum
1257 4331 1366 4421 igitur
1392 4332 1569 4403 laudanda
1596 4344 1648 4401 est
1673 4333 1835 4407 voluntas
1859 4332 2009 4422 Galeni,
2039 4337 2137 4430 qnod
2163 4334 2244 4405 illas

223 4431 362 4502 audivit
379 4429 572 4511 Medicum,
592 4430 648 4500 cui
663 4452 794 4499 nomen
809 4430 878 4501 fuit
894 4431 1032 4528 Satyro,
1055 4437 1117 4528 qui
1132 4436 1209 4504 fue-
1259 4432 1461 4525 praestigias
1487 4429 1769 4528 Pyrrhoniorum
1800 4437 1928 4507 acriter
1958 4438 2149 4510 insectatus
2181 4449 2244 4508 est.

223 4546 280 4606 rat
298 4532 426 4621 Quinti
449 4528 610 4613 auditor,
635 4530 856 4602 celeberrimi
875 4532 970 4606 inter
985 4537 1208 4628 professores,
1257 4533 1407 4627 Scripsit
1429 4548 1546 4605 autem
1568 4560 1611 4605 eo
1625 4546 1783 4626 ternpore
1802 4538 1976 4628 plurima,
2001 4563 2091 4633 quae
2105 4536 2245 4610 Romae

222 4635 285 4729 qui
309 4629 446 4705 scholas
473 4625 674 4705 habuentnt
705 4648 789 4705 ante
810 4632 940 4705 Galeni
967 4653 1138 4727 aetatem,
1168 4661 1209 4708 ac
1258 4634 1296 4705 io
1328 4631 1494 4711 incendio
1527 4635 1726 4727 perierunt,
1758 4661 1840 4709 rum
1865 4637 1959 4730 ignis
1979 4640 2054 4712 late
2085 4652 2244 4728 vagatus,

222 4734 378 4806 studiose
394 4734 521 4805 versati
536 4734 575 4802 in
589 4739 789 4807 enarrando
805 4733 1032 4828 Hippocrate,
1082 4738 1207 4810 Postea
1257 4736 1360 4808 etiam
1383 4737 1553 4826 templum
1574 4736 1688 4829 pacis,
1722 4739 1785 4808 ubi
1809 4740 1937 4834 scripta
1966 4742 2246 4835 reponebantur,¹
2354 4754 2358 4763 ’

221 4834 359 4906 audivit
373 4834 540 4928 Pelopem
557 4834 747 4920 Medicum,
772 4834 874 4905 cuius
888 4841 964 4911 etsi
979 4837 1208 4932 reprehendit
1255 4837 1515 4930 absumpsisset.
1562 4835 1679 4911 Roma
1694 4840 1895 4925 discedens,
1919 4866 2014 4914 anno
2038 4841 2185 4935 septimo
2207 4852 2244 4908 et

220 4937 393 5031 quaedam
416 4951 530 5008 errata
547 4938 764 5021 anatomica,
790 4949 911 5009 tamen
932 4947 1024 5034 apud
1049 4939 1146 5013 hunc
1167 4943 1207 5012 in
1255 4939 1430 5011 tricesimo
1446 4938 1572 5009 aetatis
1586 4963 1681 5025 suae,
1705 4941 1812 5012 rediit
1826 4941 1864 5010 in
1881 4941 2014 5027 Asiam,
2040 4945 2079 5014 in
2095 4967 2167 5038 quo
2182 4940 2243 5012 iti-

218 5037 428 5119 anstomicis
441 5038 629 5129 diligenter
641 5061 678 5109 se
690 5037 855 5116 exercuit.
892 5041 1022 5136 Magna
1038 5045 1206 5139 frequen·
1254 5054 1342 5112 nere
1365 5040 1521 5113 arbitror
1544 5056 1624 5113 eum
1641 5043 1820 5131 navigasse
1841 5044 1881 5112 in
1900 5042 2098 5140 Lemnum,
2122 5059 2163 5116 ut
2179 5067 2244 5112 na·

218 5140 267 5210 tia
299 5153 386 5212 tunc
417 5151 491 5208 erat
519 5135 705 5212 hominum
731 5141 1014 5219 doctissimorum
1043 5146 1083 5215 in
1115 5147 1205 5216 urbe
1253 5154 1367 5212 turam
1400 5157 1512 5214 terrae
1543 5142 1713 5215 Lemniae
1741 5167 1823 5213 vere
1852 5144 2066 5242 inquireret,
2103 5168 2173 5238 qua
2202 5144 2241 5211 in

217 5236 372 5336 Aegypti
394 5237 627 5325 Alexandria,
659 5267 767 5338 quare
790 5269 832 5315 eo
860 5248 1054 5337 profectus,
1086 5246 1203 5318 studia
1252 5264 1291 5311 re
1316 5243 1533 5335 diligentiam
1561 5247 1636 5316 eius
1666 5243 1890 5317 considerare
1915 5247 2017 5334 licet3
2050 5269 2132 5317 nam
2158 5268 2242 5314 cum

217 5340 362 5415 illorum
377 5366 418 5414 ac
432 5341 562 5412 iudicia
576 5346 779 5437 exploravit.
819 5342 983 5443 Denique
996 5349 1071 5440 ipse
1085 5346 1204 5440 inquit
1249 5340 1474 5419 Dioscorides
1497 5346 1707 5437 scripsisset,
1736 5339 1917 5418 hircinum
1939 5350 2148 5439 sanguinem
2169 5347 2243 5415 mi-

216 5445 398 5517 accessisse
413 5467 450 5517 se
466 5457 571 5540 atque
582 5449 735 5522 audiisse
748 5469 874 5521 omnes
886 5472 970 5520 suae
983 5451 1105 5524 aetatis
1119 5446 1202 5519 Me-
1249 5448 1338 5519 sceri
1360 5446 1530 5522 Lemniae
1548 5463 1679 5535 terrae,
1710 5449 1812 5520 cuius
1833 5472 1983 5541 magnus
2009 5451 2051 5524 in
2074 5448 2242 5523 remediis
