4732 6030
130 289 204 367 105
548 286 743 388 ¹DECL.
783 288 842 361 IN
881 285 1130 364 LAUDEM
1169 285 1372 364 NOVAE
1414 285 1699 365 SCHOLAE.
2085 290 2157 368 106

132 488 253 541 causae
265 463 335 534 siut
351 476 574 551 argumenta,
602 488 692 556 quae
708 476 915 532 ornamenta
932 462 1046 532 obiter
1060 485 1120 531 ac·
1170 474 1308 553 temptu
1335 461 1495 531 civilium
1523 488 1660 533 morum
1693 463 1875 536 collocare.
1942 461 2037 550 Quid
2063 467 2158 557 quod

132 573 272 649 cedant,
299 566 478 658 quomodo
501 565 539 632 in
559 565 656 633 locos
680 590 882 634 communes
906 587 1118 634 acausaex-
1170 565 1249 634 sine
1274 565 1418 633 scientia
1450 566 1671 656 linguarum,
1709 580 1814 658 atque
1845 565 1986 634 dicendi
2015 567 2156 646 artium,

127 672 327 765 patientur,
359 692 430 760 quo
454 688 582 755 genere
604 667 794 736 affectuum
817 691 857 736 ac
882 667 1054 736 sermonis
1079 666 1117 733 in
1170 690 1243 735 nou
1260 681 1409 758 possunt
1429 671 1613 736 commode
1630 669 1810 756 religionis
1827 671 1988 756 dogmata
2006 667 2158 741 tractari.

128 771 277 862 singulis
307 792 431 838 causae
454 769 614 858 partibus
645 783 801 842 utantur.
869 766 971 856 Quae
996 767 1118 837 omnia
1170 766 1314 856 Quanto
1332 770 1461 853 rectius
1477 786 1550 841 erat
1569 771 1748 839 beneficiis
1764 770 1973 839 coelestibus
1994 769 2157 858 religiose

127 876 191 970 qui
211 871 400 960 diligenter
426 871 609 960 spectarit,
642 872 788 940 naeille
812 869 973 938 omnium
989 865 1115 939 huma·
1169 871 1241 950 uti,
1269 884 1373 962 atque
1390 872 1577 961 diligenter
1594 873 1762 942 excolere.
1879 896 1883 902 ·
2119 898 2126 907 ·

126 1000 256 1047 norum
289 996 439 1063 operum
465 965 558 1038 nihil
582 971 828 1042 admirabilius
851 971 1010 1040 oratione
1043 994 1116 1040 esse
1268 970 1391 1064 Neque
1415 974 1509 1042 enim
1531 974 1679 1045 dubium
1701 987 1770 1058 est,
1797 973 1885 1065 quin
1902 972 2074 1041 divinitus
2087 965 2156 1041 hoc

126 1091 266 1151 statuet.
326 1072 446 1161 Quare
471 1095 534 1140 vos
559 1066 730 1143 adhortor
758 1073 886 1163 optimi
912 1070 1116 1158 Auditores,
1168 1085 1326 1162 ternpore
1349 1076 1529 1145 restitutae
1551 1078 1622 1145 sint
1645 1077 1784 1155 literae,
1818 1076 1912 1143 utin
1935 1075 2156 1164 repurganda

124 1195 165 1250 ut
194 1179 383 1267 diligenter
420 1169 482 1242 bas
512 1174 691 1244 orationes
728 1174 966 1265 cognoscatis,
1010 1189 1117 1267 atque
1168 1174 1394 1243 ecclesiastica
1420 1178 1580 1246 doctriua
1605 1194 1695 1246 recte
1710 1179 1788 1267 pios
1808 1177 2028 1246 adiuvarent.
2083 1172 2156 1245 lta-

125 1278 358 1358 intueamiui,
398 1274 500 1345 faciet
525 1299 564 1345 ea
589 1298 647 1344 res
675 1291 708 1348 et
732 1280 776 1346 ad
800 1277 912 1345 animi
942 1276 1115 1346 iudicium
1167 1301 1235 1368 que
1252 1271 1346 1345 haud
1362 1278 1453 1362 scio,
1479 1302 1525 1347 au
1543 1278 1607 1349 ulli
1625 1278 1830 1367 religionem
1848 1278 1990 1367 gravius
2006 1278 2157 1361 laedant,

125 1382 372 1463 formandum,
403 1390 437 1447 et
462 1377 508 1445 ad
528 1377 814 1469 locupletandam
834 1378 1036 1448 faccrltatem
1058 1379 1114 1447 di·
1168 1402 1273 1470 quam
1297 1379 1357 1471 qui
1383 1379 1421 1447 iu
1445 1380 1563 1450 literas
1585 1381 1714 1470 passim
1740 1379 1833 1449 inter
1854 1381 2056 1468 imperitos,
2079 1402 2155 1447 nou

128 1485 243 1555 cendi.
1166 1480 1271 1549 aliam
1290 1482 1337 1551 ob
1352 1481 1510 1574 culpam,
1537 1506 1642 1575 quam
1662 1482 1833 1574 quianon
1851 1483 2070 1561 didicerunt,
2093 1483 2155 1548 de-

228 1583 321 1653 Toto
343 1580 440 1650 coelo
467 1592 606 1658 errant,
640 1579 703 1673 qui
724 1576 791 1649 bos
806 1575 996 1666 Oratores,
1021 1575 1114 1651 nihil
1165 1576 1393 1652 bacchantur.
1453 1581 1564 1677 ldque
1587 1578 1656 1652 hoc
1671 1583 1853 1652 molestius
1873 1598 1924 1651 est
1938 1583 2041 1651 bonis
2057 1581 2186 1666 viris„

126 1686 195 1754 uisi
220 1707 369 1774 nugaces
389 1681 533 1751 rabulas
555 1680 664 1751 luisse
686 1683 861 1751 sentiunt:
891 1683 1038 1752 summis
1056 1682 1115 1749 iu·
1166 1684 1248 1776 quia
1264 1684 1522 1754 sanctissimum
1540 1708 1670 1755 nomen
1685 1681 1817 1755 Christi
1843 1709 1906 1753 suo
1925 1683 2038 1752 furori
2054 1705 2156 1773 prae-

125 1787 236 1879 geniis
259 1784 428 1877 praediti,
460 1787 612 1852 maximo
635 1806 753 1852 rerum
775 1807 860 1866 usu,
888 1785 927 1850 in
949 1784 1115 1872 gravissi·
1166 1798 1300 1857 texunt.
1368 1784 1518 1856 Valeant
1547 1787 1624 1871 isti,
1666 1788 1808 1879 qnando
1833 1786 2043 1854 morosiores
2061 1796 2157 1869 suut,

123 1890 191 1959 ruis
214 1887 327 1957 causis
350 1883 479 1953 versati
503 1883 781 1974 perdidicerant,
814 1896 959 1951 naturas
983 1884 1115 1951 multa·
1167 1908 1271 1975 qnam
1290 1898 1329 1955 ut
1345 1886 1523 1976 patiantur
1537 1912 1573 1957 se
1588 1885 1809 1980 reprehendi.
1862 1887 1937 1956 Vos
1951 1887 2083 1955 interea
2102 1886 2157 1954 of-

123 2015 203 2059 rum
221 2010 362 2068 rerum,
395 1997 431 2052 et
445 1985 559 2051 varias
581 1985 754 2072 gerendae
768 1981 873 2073 Reip.
891 1983 1045 2052 rationes
1063 1999 1115 2054 te·
1166 1985 1283 2054 ficium
1308 2000 1463 2057 vestrum
1486 1990 1603 2074 facite,
1637 2004 1670 2060 et
1689 1991 1820 2080 pergite
1838 1993 1949 2058 bonas
1966 1989 2085 2057 literas
2101 2010 2157 2055 se-

123 2093 269 2160 nebant.
326 2082 405 2154 lluc
426 2083 481 2151 illi
502 2084 795 2167 instrumentum,
822 2082 913 2152 hanc
930 2085 1111 2154 scientiam
1164 2087 1252 2156 dulo
1275 2088 1427 2170 discere,
1455 2115 1637 2183 quaecum
1654 2095 1696 2159 ad
1720 2093 1926 2182 religionem
1943 2113 2156 2159 conservan-

123 2191 362 2284 plurimarum
393 2209 512 2253 rerum
541 2186 747 2253 adferebant
778 2187 820 2253 ad
849 2183 1113 2275 perpoliendam
1165 2190 1265 2272 darn,
1290 2187 1459 2261 nonnihil
1479 2195 1649 2263 momenti
1670 2189 1842 2274 habeant,
1868 2191 2011 2265 Christo
2029 2189 2156 2280 gratis-

124 2291 336 2363 orationem.
393 2284 483 2354 Nam
515 2309 605 2378 quae
632 2287 676 2354 de
696 2286 837 2354 fortuna
863 2281 1117 2377 Demosthenis⁴
1164 2290 1293 2383 simum
1308 2293 1464 2362 officium
1480 2295 1629 2382 facietis,
1654 2296 1683 2364 si
1700 2310 1866 2366 strennue
1881 2320 1937 2365 eas
1952 2316 2156 2386 propugna-

124 2393 211 2464 dicit
231 2384 442 2469 Aeschines,
475 2410 547 2455 uon
569 2400 653 2455 sunt
673 2388 1006 2478 aplebeioingenio
1029 2412 1112 2479 pro·
1165 2394 1298 2464 veritis.
1351 2394 1443 2471 Dixi.

123 2499 223 2566 lecta.
274 2488 464 2582 Postquam
481 2488 575 2557 enim
591 2511 732 2557 omnem
747 2489 890 2559 virtutis
900 2492 1042 2559 leudem
1057 2491 1111 2558 illi

124 2594 295 2677 detraxit,
327 2614 493 2674 verene,
517 2585 610 2658 nihil
633 2591 676 2658 ad
693 2614 777 2673 nos,
803 2591 917 2681 pergit
932 2593 1112 2660 fortunam

123 2696 307 2774 insectari,
341 2707 375 2762 et
398 2705 492 2762 vetat
513 2689 692 2781 Rempub.
720 2692 772 2759 illi
796 2694 1034 2777 committere,
1067 2718 1112 2762 ne

123 2800 259 2893 privata
285 2795 363 2864 eius
385 2793 529 2863 fortuna
560 2794 665 2862 exitio
693 2793 738 2862 sit
762 2794 861 2862 urbi:
894 2795 986 2864 vidit
1017 2797 1111 2864 enirn
1164 2821 1231 2896 No·
1255 2823 1315 2897 12·
1562 2850 1567 2859 ,
1962 2852 2012 2895 ω.
2033 2828 2127 2892 1526.

122 2900 277 2996 profecto
301 2896 411 2972 vidit,
450 2916 526 2959 non
554 2915 627 2958 esse
657 2915 901 2977 communem,
938 2908 979 2962 ut
1005 2896 1111 2983 vulgo
1166 2920 1302 2947 ww
1934 2919 2147 2956 Μ
2193 2901 2202 2917 ,

1330 3023 1391 3109 In
1413 3025 1600 3111 laudem
1626 3054 1768 3111 novae
1797 3026 1988 3123 scholae.

121 3014 270 3096 putant,
310 2997 511 3068 fortunam,
553 3013 616 3056 uec
648 2991 787 3057 ratione
820 3004 881 3060 aut
915 2996 1113 3083 prudentia,

120 3094 425 3197 quemadmodum
453 3085 662 3179 Philosophi
692 3093 863 3171 docuere,
896 3094 970 3182 regi
999 3119 1111 3186 posse.

122 3203 243 3291 Quam
259 3193 448 3264 crudeliter
464 3203 580 3259 autem
596 3192 706 3261 saevit
723 3192 762 3258 in
772 3195 1014 3264 adversarium
1031 3221 1111 3266 cum
1233 3181 1266 3236 ¹³
1283 3187 1332 3238 ⁸²¹·
1352 3184 1503 3266 9²⁰¹²¹¹¹²l
1523 3186 1555 3242 Τ·
1575 3186 1595 3241 ¹·
1612 3207 1639 3259 Ρ·
1654 3189 1730 3257 457·ν
1753 3191 1781 3270 ⁵¹?
1793 3190 1843 3272 fd.
1862 3187 1943 3243 sm·
1960 3185 1994 3243 Τ·
2011 3185 2033 3241 ¹·
2051 3180 2153 3269 hm·

1265 3255 1310 3308 ed.
1327 3252 1455 3308 Richard.
1475 3254 1507 3310 T.
1523 3263 1546 3311 Ι.
1565 3276 1591 3328 p.
1607 3258 1663 3309 100.
1707 3260 1750 3311 De
1769 3269 1867 3312 struere
1888 3255 2074 3311 Melantboms
2093 3253 2153 3307 Νο-

122 3297 318 3374 iudustriae
333 3293 437 3361 lande
456 3293 603 3382 spoliat,
628 3293 808 3361 fortunam
825 3295 930 3363 etiarn
950 3295 989 3365 in
1006 3322 1112 3367 omen
1265 3322 1421 3447 'iub‘ffi'm
1440 3323 1513 3378 facco
1532 3325 1565 3378 ad
1588 3341 1690 3379 „m
1720 3327 1756 3379 ihi
1776 3327 1913 3381 conditam
1932 3326 2053 3380 relatam
2070 3321 2153 3378 sm.

121 3401 248 3484 vertit,
272 3410 313 3466 ut
327 3396 372 3464 ab
387 3418 427 3463 eo
442 3406 611 3487 tanquam
627 3418 646 3462 a
660 3389 825 3485 po'rtento
843 3396 963 3489 aliquo
981 3398 1111 3469 volun·
1265 3408 1349 3462 goren
1388 3413 1430 3456 ¹¹¹·
1455 3391 1512 3448 vid.
1530 3394 1600 3468 Epp.
1619 3397 1652 3449 ad
1670 3415 1714 3450 ⁸¹¹·
1733 3396 1807 3451 ¹⁵²⁶·
1827 3397 2000 3469 pertinentes.

118 3520 209 3575 tates
226 3496 413 3569 hominum
429 3495 570 3568 alienet.
622 3494 720 3584 Quid
730 3493 1003 3584 Demosthenes,
1029 3524 1109 3571 curn

116 3596 249 3724 Cyfsffi
272 3597 469 3714 exemplum
491 3597 767 3666 commemorat?
788 3622 875 3715 ·n⁰n
896 3601 1025 3669 ΜΕΝ
1042 3627 1108 3694 ΡΨ
1162 3652 1294 3725 hatita
1314 3652 1477 3727 Noriber
1500 3677 1548 3726 ue
1570 3661 1611 3728 in
1633 3678 1769 3728 corona
1792 3656 1929 3729 doctiss
1971 3663 2138 3726 u'rurum

76 3746 91 3765 .
118 3721 221 3788 tane,
253 3712 386 3794 quauta
418 3721 471 3766 vrs
504 3711 591 3766 esset
622 3694 833 3781 honestatis,
868 3717 1111 3797 quantumque
1289 3740 1292 3745 ·
1474 3677 1499 3750 9
1930 3706 1941 3727 ·
1995 3682 2007 3728 ⁸
2136 3702 2153 3739 a

117 3802 352 3903 pulcherrimi
382 3798 465 3869 facti
499 3801 653 3884 mentio,
686 3801 927 3872 mcdtitudiuis
959 3805 1110 3889 animos,
1228 3764 1267 3827 et
1291 3760 1409 3827 mim
1432 3751 1561 3849 seme
1586 3763 1767 3830 senatu&
1816 3759 2089 3830 ils-”sna

118 3913 223 3982 etiam
248 3905 287 3974 in
302 3907 446 3971 adversa
462 3901 605 3970 fortuna
627 3902 839 3971 delectaret?
891 3902 1013 3998 ltaque
1029 3931 1108 3975 cum
1163 3891 1275 3992 Quod
1298 3906 1399 3972 vobis
1426 3919 1460 3971 et
1482 3904 1603 3970 liberis
1627 3904 1771 3985 vestris,
1805 3916 1839 3972 et
1856 3901 2042 3971 universae
2059 3898 2154 3972 Rei·-

120 4011 287 4083 altissime
319 4002 613 4095 introspexerint,
649 4016 682 4070 et
713 4016 876 4071 naturam
900 4029 1040 4085 rerum,
1075 4019 1110 4076 et
1163 4006 1248 4094 pub.
1279 4005 1434 4070 faustum
1470 4001 1649 4094 foelixque
1680 4002 1743 4072 sit!
1803 4002 2027 4093 Amplissimi
2066 4002 2153 4089 viri,

120 4114 192 4182 vim
204 4107 364 4190 virtutis,
391 4118 425 4175 et
438 4104 677 4196 praeviderint
692 4104 812 4171 omnia
829 4105 958 4172 dicturi
970 4107 1110 4195 sapien·
1162 4104 1460 4197 quemadmodum
1482 4103 1674 4194 optabatis,
1709 4104 1833 4174 ludum
1850 4103 2046 4174 literarium
2068 4128 2154 4196 ape·

121 4213 271 4297 tissime,
303 4207 457 4278 dubitari
478 4230 551 4274 uon
575 4209 696 4285 debet,
731 4206 875 4296 quiuad
896 4207 1110 4276 erudiendos
1161 4207 1259 4275 riuut
1280 4199 1337 4284 hi,
1370 4229 1458 4299 quos
1481 4201 1551 4274 huc
1575 4206 1718 4297 publico
1743 4206 1891 4277 consilio
1909 4210 1954 4276 ad
1975 4190 2157 4277 docendas⁴

119 4316 273 4392 animo„
298 4334 421 4381 eorum
436 4309 595 4378 tractatio
613 4308 804 4400 plurimum
818 4309 1002 4378 conducat.
1039 4306 1109 4379 l’e-
1160 4304 1326 4376 honestas
1341 4307 1565 4397 disciplinas,
1591 4310 1801 4395 accersistis,
1826 4311 1934 4404 idque
1956 4309 2059 4379 vobis
2073 4332 2152 4378 mea

117 4441 202 4489 rum
222 4429 321 4498 sunt,
353 4411 483 4504 quibus
507 4433 631 4499 parum
658 4408 818 4496 religiose
842 4408 965 4478 videor
984 4411 1109 4497 facere,
1159 4434 1246 4480 voce
1266 4410 1406 4500 publice
1421 4410 1636 4480 denunciare
1652 4412 1853 4481 voluerunt.
1904 4410 1994 4481 Nam
2012 4434 2092 4480 cum
2111 4410 2150 4479 iu

119 4519 217 4614 quod
239 4528 375 4586 tautum
400 4513 520 4583 tribuo
552 4506 720 4591 ethnicis,
761 4511 819 4578 sed
849 4534 929 4579 cum
959 4507 1014 4581 his
1035 4536 1108 4582 non
1159 4536 1261 4581 scena
1289 4506 1356 4580 hoc
1379 4527 1557 4596 servetur,
1584 4527 1626 4582 ut
1647 4528 1728 4584 ante
1752 4514 1926 4583 actionem
1951 4514 1996 4581 de
2019 4510 2150 4582 Po'e'tae

116 4620 207 4691 libet
220 4614 288 4689 hoe
304 4631 460 4707 tempore
475 4612 604 4697 rixari,
630 4610 787 4680 Tantum
810 4625 914 4702 opto,
937 4627 978 4682 ut
997 4614 1108 4705 pieta·
1160 4614 1360 4692 voluntate,
1392 4635 1453 4681 seu
1471 4614 1515 4681 de
1539 4614 1679 4682 fabulae
1691 4629 1898 4702 argumento
1917 4615 2014 4686 dicat
2028 4614 2151 4703 prolo-

116 4735 208 4807 tem,
240 4719 339 4790 cuius
363 4741 398 4787 se
422 4728 603 4806 praetextu
626 4715 829 4796 venditant,
855 4715 948 4785 etad
965 4716 1107 4805 religio·
1159 4738 1243 4805 gns,
1275 4715 1545 4806 postulaverunt
1567 4739 1585 4782 a
1606 4739 1663 4784 me
1684 4717 1764 4800 isti,
1788 4739 1854 4808 pro
1869 4716 1947 4786 iure
1963 4714 2152 4797 amicitiae,

115 4825 173 4894 nis
194 4846 326 4894 nomeu
344 4818 571 4907 confugiunt,
598 4829 766 4908 tauquam
785 4816 822 4883 iu
836 4818 967 4908 templa
983 4817 1114 4908 eapitis
1159 4840 1250 4909 quae
1268 4812 1358 4884 mihi
1377 4841 1457 4886 cum
1479 4816 1564 4909 ipsis
1580 4831 1744 4907 pervetus
1762 4830 1831 4902 est,
1854 4829 1895 4888 ut
1909 4842 1972 4909 ego
1986 4817 2085 4888 velut
2097 4819 2150 4888 fa-

115 4928 188 5012 tei,
220 4932 261 4997 r‘e
282 4935 458 5015 praestare
478 4918 670 5011 aliquando
692 4917 875 5009 incipiant.
927 4915 1005 5008 Ego
1021 4919 1106 4988 reli·
1159 4916 1263 4986 bulae
1287 4919 1331 4986 ab
1356 4916 1441 5009 ipsis
1463 4919 1636 5007 agendae,
1660 4919 1828 5011 prologus
1842 4920 1973 4995 fierem.
2023 4918 2148 5015 Neque

116 5028 214 5119 gioni
235 5047 310 5098 nou
337 5026 444 5092 modo
473 5045 547 5090 non
572 5020 708 5088 officere
739 5014 800 5088 has
821 5034 911 5087 artes
934 5020 1106 5105 existimo,
1157 5014 1247 5087 mihi
1263 5020 1331 5088 suit
1348 5019 1526 5110 integrum
1549 5042 1671 5088 eorum
1690 5022 1866 5092 voluntati
1888 5024 2026 5104 deesse,
2053 5036 2149 5094 tam·

114 5133 176 5200 sed
194 5132 298 5202 etiam
316 5137 522 5197 ornamenta
540 5145 624 5191 esse.
675 5118 764 5190 Nam
782 5120 905 5208 religio
915 5118 1105 5215 πολιτικὴν
1138 5120 1452 5212 ,ets‘rimpudentia
1470 5132 1542 5189 erat
1558 5123 1795 5208 committere,
1822 5137 1863 5194 ut
1883 5125 2015 5216 primas
2036 5121 2075 5194 iu
2091 5125 2149 5194 di-

114 5232 361 5324 disciplinam,
395 5238 430 5295 et
451 5224 566 5292 civilia
590 5222 723 5302 officia,
756 5246 846 5316 quae
862 5223 1009 5293 scientia
1033 5217 1104 5294 hu·
1156 5223 1267 5292 ceudo
1291 5240 1412 5313 partes,
1428 5222 1688 5294 facundissimis
1709 5227 1967 5317 propemodum
1989 5222 2148 5295 homini-

111 5357 298 5404 manarum
331 5331 514 5400 literarum
544 5325 791 5409 continentur,
832 5324 1027 5414 adprobat,
1069 5339 1104 5394 et
1153 5326 1220 5394 bus
1241 5325 1608 5415 praeripereviderer.
1669 5325 1740 5397 Sed
1755 5327 1812 5396 vel
1833 5353 1913 5399 cum
1931 5329 2051 5419 aliquo
2066 5349 2146 5397 meo

112 5436 276 5528 religiose
309 5431 379 5503 coli
411 5429 520 5501 iubet.
587 5424 754 5518 Impietas
782 5438 833 5495 est
855 5424 992 5497 incolo
1015 5451 1103 5497 cou-
1152 5425 1311 5518 periculo
1332 5426 1630 5499 coniunctissimis
1656 5423 1864 5501 hominibus
1883 5430 1952 5499 fuit
1969 5427 2147 5500 obsecun-

1163 3555 1292 3623 Oratio
1322 3550 1436 3623 Phil.
1461 3555 1563 3625 Mel.
1589 3552 1811 3626 intendem
1840 3576 1960 3625 novae
1986 3549 2153 3638 achatae,
