4732 6030
229 251 304 327 771

232 420 428 496 necessaria
450 417 625 513 impediri.
689 413 852 509 Denique
881 420 1159 490 mediocritatem
1186 433 1220 489 et

233 525 513 596 moderationem
547 521 584 588 in
618 519 785 588 omnibus
817 522 923 591 rebus
959 522 1108 591 amabat.
1172 515 1220 589 Et

235 650 437 722 quanquam
453 621 590 692 ¹virtute
618 634 652 690 et
672 621 784 710 gradu
808 617 956 694 honoris
978 622 1218 707 antecellebat,

236 744 276 800 ut
292 731 368 798 vult
379 724 475 796 Deus
492 748 564 792 esse
580 718 767 791 homiuum
783 726 929 817 gradus:
961 739 1081 795 tamen
1102 725 1218 793 locum

236 829 384 917 singulis
407 825 676 895 convenientem
696 826 873 906 tribuens,
905 827 1012 897 etiam
1034 827 1220 895 inferiores

234 943 380 1024 propter
394 923 510 997 Deum
531 926 717 1013 diligebat,
750 950 814 994 nec
835 929 984 1016 superbe
1009 927 1220 1012 fastidiebat,

232 1032 294 1100 sed
317 1045 484 1121 tanquam
508 1049 610 1119 pares
632 1026 795 1099 societate
814 1024 991 1101 Ecclesiae
1017 1043 1053 1100 et
1080 1029 1221 1113 virtute,

234 1129 371 1204 honore
386 1130 570 1201 afficiebat.

338 1232 485 1325 Ingenia
513 1232 707 1322 prudenter
734 1231 969 1314 diiudicabat,
1009 1232 1048 1302 in
1071 1231 1220 1322 singulis

236 1349 346 1406 oertas
363 1335 511 1402 virtutes
525 1333 744 1423 suspiciebat.
796 1330 1080 1404 Obtrectationes
1097 1346 1131 1404 et
1146 1357 1221 1401 ser-

233 1459 358 1507 mones
380 1435 576 1503 virulentos
597 1437 685 1504 adeo
706 1458 780 1505 non
800 1438 980 1520 audiebat,
1020 1446 1061 1505 ut
1089 1448 1221 1505 stoma-

235 1535 339 1608 chose
356 1535 460 1606 etiam
475 1536 733 1624 interpellaret,
764 1550 799 1607 et
815 1538 979 1627 abrumpi
997 1559 1055 1605 eos
1072 1549 1219 1625 cogeret.

59 1728 62 1735 ἱ
134 1695 136 1699 ,
235 1638 437 1709 Multorum
452 1637 545 1707 inter
559 1660 641 1706 suos
656 1638 819 1722 dissidia,
844 1662 905 1707 sua
923 1639 1111 1709 autoritate
1124 1639 1220 1707 dire-

233 1741 312 1814 mit.
344 1737 417 1807 Nec
430 1753 545 1809 tamen
561 1760 695 1828 egressa
709 1752 759 1809 est
773 1763 918 1811 suorum
931 1740 1129 1809 officiorum
1146 1761 1220 1807 me-

234 1855 304 1924 tas,
337 1863 411 1908 non
436 1840 596 1930 impediit
619 1841 769 1924 iudicia,
809 1849 882 1910 non
907 1841 1020 1930 leges,
1059 1865 1133 1910 non
1157 1864 1219 1908 cu-

234 1942 342 2022 riam,
375 1942 433 2009 sed
459 1965 522 2010 suo
545 1943 624 2010 loco
648 1942 695 2011 ita
718 1941 909 2027 benefecit,
939 1943 1070 2034 quibus
1092 1942 1219 2033 potuit,

232 2067 279 2111 ne
294 2042 378 2134 quid
396 2044 440 2115 de
453 2043 640 2112 autoritate
655 2044 860 2136 cuiusquam
868 2041 1096 2132 Magistratus
1113 2044 1220 2114 dimi-

233 2157 379 2227 nueret,
406 2167 495 2212 neve
511 2144 671 2212 ordinem
687 2142 842 2234 Reipub.
860 2158 894 2215 et
914 2169 1034 2235 pacem
1051 2147 1219 2218 turbaret.

232 2242 324 2314 Nam
349 2246 392 2312 ad
424 2239 490 2312 hos
518 2245 608 2313 duos
635 2245 723 2314 fines
749 2246 868 2315 omnia
895 2247 987 2315 vitae
1013 2245 1159 2315 consilia
1187 2260 1220 2314 et

233 2370 357 2415 omnes
373 2345 527 2414 actiones
539 2345 681 2429 retulit,
706 2348 749 2415 ad
767 2349 960 2415 ornandam
978 2347 1126 2435 gloriam
1141 2345 1220 2431 Dei,

232 2460 267 2516 et
284 2449 328 2516 ad
344 2447 522 2537 publicam
542 2470 672 2535 pacem.
723 2445 815 2516 Cum
831 2449 940 2537 igitur
954 2450 998 2517 ad
1014 2446 1117 2519 Pauli
1133 2474 1219 2520 con-

232 2549 388 2629 cionem,
415 2546 703 2638 complectentem
718 2572 839 2617 omnes
856 2549 934 2640 piae
950 2565 1132 2620 matronae
1145 2552 1219 2619 vir-

232 2663 341 2728 tutes,
368 2662 565 2738 congruant
581 2672 697 2717 mores
712 2646 889 2740 Principis
902 2646 1118 2737 Dorotheae,
1143 2653 1219 2745 pla-

130 2834 136 2846 .
232 2752 343 2820 tuisse
360 2774 436 2819 eam
452 2748 527 2818 Deo
544 2750 774 2818 iudicandum
796 2765 865 2837 est,
892 2753 1050 2844 quicum
1073 2778 1149 2822 eam
1174 2754 1218 2823 ad

231 2852 434 2921 coelestium
452 2851 743 2921 consuetudinem
759 2854 986 2922 traducturus
1004 2868 1111 2939 esset,
1144 2855 1219 2924 exi-

230 2947 307 3022 tum
323 2954 427 3023 etiam
442 2953 533 3022 vitae
550 2952 709 3022 mortalis
724 2954 903 3042 placidum
916 2955 967 3039 ei,
994 2970 1029 3025 et
1041 2957 1221 3025 sanctissi-

163 3049 168 3066 '
230 3054 300 3122 mis
313 3055 474 3123 moribus
493 3054 603 3144 ipsius
620 3059 871 3143 congruentem
886 3056 993 3129 dedit.
1044 3054 1136 3127 Cum
1153 3081 1220 3126 na·

231 3168 348 3226 turam
363 3155 398 3221 vi
413 3155 528 3222 morbi
541 3169 739 3244 superatam
755 3179 827 3225 esse
842 3157 998 3243 sentiret,
1023 3159 1218 3251 tranquillo

231 3255 411 3326 animose
435 3254 598 3324 velutad
625 3256 692 3323 iter
720 3257 963 3347 praeparavit,
1001 3282 1040 3326 ac
1068 3262 1220 3329 subinde

230 3357 383 3426 miscens
414 3355 507 3424 votis
532 3368 567 3424 et
591 3355 808 3426 invocationi
837 3358 1092 3428 confessionem
1121 3362 1220 3445 fidei,

230 3480 332 3549 saepe
356 3451 441 3525 haec
463 3457 570 3525 verba
593 3457 749 3548 repetiit:
783 3454 866 3527 Non
889 3482 970 3528 casu
996 3460 1111 3532 extitit
1133 3457 1220 3530 haec

229 3558 357 3628 mundi
373 3552 608 3650 pulcherrima
626 3582 827 3651 compages,
853 3584 918 3628 nec
932 3584 1014 3631 casu
1029 3576 1152 3631 natum
1169 3576 1221 3632 est

230 3682 341 3751 genus
361 3656 577 3744 humanum,
614 3662 674 3729 sed
699 3685 772 3731 esse
787 3657 902 3731 Deum
926 3663 1145 3734 conditorem
1163 3689 1219 3733 re-

231 3785 330 3846 rum,
364 3761 578 3858 sapientem,
612 3761 828 3847 beneficum,
862 3762 1014 3848 iustum,
1049 3789 1219 3846 veracem,

231 3878 378 3948 castum,
400 3876 474 3934 toto
488 3876 628 3955 pectore
645 3866 763 3943 credo,
780 3888 820 3934 ac
836 3878 869 3934 te
885 3879 1069 3936 aeternum
1084 3882 1219 3957 patrem

230 3961 377 4035 Domini
392 3966 506 4035 nostri
516 3962 594 4034 lesu
610 3960 764 4046 Christi,
789 3967 901 4058 quite
918 3968 1109 4058 patefecisti
1125 3969 1219 4038 mul-

231 4067 277 4136 tis
293 4067 503 4137 testimoniis
519 4067 611 4135 edita
627 4092 712 4136 voce
727 4063 932 4157 Evangelii,
959 4078 993 4140 et
1009 4071 1116 4139 misso
1133 4071 1220 4155 filio,

232 4170 276 4237 de
291 4193 361 4262 quo
379 4166 550 4237 clamasti:
576 4164 685 4248 Hunc
699 4169 827 4252 audite,
842 4171 1001 4247 adfirmo,
1015 4196 1096 4240 vere
1104 4168 1220 4241 Deum

233 4292 325 4354 esse,
351 4269 573 4340 conditorem
597 4292 734 4347 rerum,
768 4294 941 4340 unacum
967 4271 1039 4340 lilio
1065 4285 1128 4341 tuo
1143 4273 1221 4342 Do-

232 4372 331 4439 mino
352 4383 475 4438 nostro
492 4367 571 4438 lesu
587 4363 730 4439 Christo
758 4383 793 4440 et
807 4370 946 4461 Spiritu
969 4387 1101 4445 sancto.
1167 4371 1220 4441 Te

233 4473 338 4540 credo
351 4493 460 4561 genus
476 4463 672 4540 humanum
687 4495 759 4540 non
775 4473 905 4542 frustra
920 4474 1130 4557 condidisse,
1155 4498 1221 4542 nec

233 4574 363 4642 frustra
380 4587 414 4643 te
429 4573 533 4642 nobis
554 4572 658 4642 toties
681 4573 902 4663 patefecisse,
934 4577 995 4643 sed
1020 4598 1101 4643 vere
1124 4574 1219 4659 iudi-

233 4699 308 4744 cem
330 4699 403 4745 esse
423 4674 561 4763 generis
583 4668 748 4759 humani,
782 4689 816 4744 et
837 4676 1002 4764 colligere
1023 4676 1087 4745 tibi
1109 4689 1220 4745 aeter-

233 4799 315 4844 nam
331 4773 542 4862 Ecclesiam‚
576 4777 831 4848 celebraturum
854 4791 888 4847 te
910 4782 949 4847 in
971 4793 1110 4849 aeterna
1133 4801 1217 4846 con-

232 4879 419 4947 suetudine
434 4893 470 4950 et
486 4879 638 4948 laeticia.
697 4876 813 4948 Credo
837 4893 872 4948 et
893 4880 1004 4948 filium
1028 4894 1127 4949 tuum
1143 4877 1219 4948 Do-

230 4979 368 5047 minum
386 4994 546 5050 nostrum
562 4978 678 5052 Iesum
693 4976 894 5063 Christum,
924 4981 1130 5050 crucifixum
1153 5005 1218 5071 pro

134 5170 139 5176 ι
230 5080 335 5150 nobis
352 5095 385 5152 et
403 5083 664 5169 resuscitatum,
689 5081 854 5150 mirando
871 5080 1019 5150 consiliu
1037 5106 1056 5148 a
1080 5096 1114 5150 te
1132 5083 1218 5150 mis-

229 5204 306 5251 sum
327 5204 418 5268 esse,
442 5198 480 5254 ut
496 5185 579 5278 quia
601 5196 782 5277 peccatum
806 5206 871 5274 pro
892 5182 996 5251 nobis
1010 5183 1116 5251 fiebat
1131 5183 1217 5272 ipse,

228 5308 294 5352 nos
310 5284 447 5357 iusticia
456 5283 520 5356 Dei
538 5310 602 5378 per
618 5311 699 5355 eum
715 5285 888 5358 fieremus.
933 5281 1051 5374 thue
1066 5308 1144 5352 cnm
1160 5309 1217 5354 re-

227 5388 360 5479 ciperes
380 5412 446 5458 nos
461 5389 498 5458 in
514 5388 663 5482 gratiam
679 5386 857 5479 placatus,
883 5384 1082 5455 effunderes
1096 5385 1135 5452 in
1150 5408 1215 5455 nos

766 235 926 319 unce
958 245 1033 320 nr.
1066 221 1403 321 nouorum
1436 243 1731 320 emuntur.

2178 248 2259 329 772

1270 444 1311 489 ex
1341 432 1402 489 tuo
1431 433 1572 512 pectore
1592 418 1765 512 Spiritum
1792 431 1970 501 sanctum,
2021 431 2056 488 et
2086 419 2127 488 in
2149 424 2265 494 nobis

1270 534 1449 591 aeternam
1478 523 1603 606 vitam,
1647 521 1761 591 lucem
1784 532 1819 589 et
1842 519 2013 588 iustitiam
2038 526 2265 602 accenderes.

1271 620 1369 692 Haec
1383 636 1425 693 ut
1440 624 1480 692 in
1490 620 1685 712 Evangelio
1699 636 1773 704 tuo,
1796 623 1890 712 quod
1909 622 2056 710 protulit
2071 647 2113 692 er
2128 648 2264 698 arcano

1271 725 1351 793 sinu
1375 737 1436 795 tuo
1462 725 1572 810 tilius,
1605 725 1731 794 tradita
1751 735 1854 806 sunt,
1881 735 1956 792 toto
1977 737 2119 813 pectore
2142 731 2264 816 credo,

1272 839 1306 895 et
1323 827 1492 896 confiteor
1505 850 1562 895 me
1579 826 1743 894 miseram
1760 838 1879 894 natam
1899 848 1941 893 ex
1958 827 2102 895 sordida
2118 844 2265 918 natura,

1272 951 1345 996 non
1361 928 1485 996 arsisse
1501 928 1691 997 dilectione
1705 924 1768 1008 tui,
1793 947 1833 993 ac
1847 925 1929 1014 fide,
1952 939 1992 996 ut
2007 929 2194 1018 debebam,
2220 957 2264 1005 ac

1271 1029 1402 1098 multos
1417 1052 1552 1097 errores
1568 1054 1609 1098 ac
1623 1028 1764 1096 vitiosas
1778 1026 1988 1116 cupiditates
2003 1029 2042 1096 in
2064 1033 2164 1099 omni
2186 1035 2263 1105 vita

1272 1129 1547 1215 circumtulisse,
1573 1144 1607 1200 et
1623 1152 1724 1220 saepe
1738 1143 1836 1198 tuam
1854 1130 2073 1201 voluntatem
2089 1134 2178 1204 meis
2201 1161 2259 1206 er-

1271 1230 1413 1301 roribus
1428 1244 1463 1301 et
1476 1231 1633 1322 lapsibus
1649 1231 1818 1300 offensam
1835 1252 1927 1312 esse,
1953 1226 2182 1305 vehementer
2193 1239 2259 1308 do-

1271 1332 1338 1406 leo.
1388 1330 1480 1402 Cum
1503 1347 1620 1402 autem
1644 1332 1780 1401 miseris
1808 1330 1920 1399 filium
1942 1345 2043 1402 tuum
2062 1333 2262 1409 Dominum

1272 1447 1432 1504 nostrum
1451 1432 1565 1504 lesum
1583 1429 1763 1504 Christum
1780 1431 1985 1503 crucifixum
2012 1458 2076 1525 pro
2099 1439 2205 1509 uobis
2226 1455 2264 1512 et

1271 1536 1531 1620 resuscitatum,
1555 1558 1596 1604 ac
1613 1533 1830 1625 praeceperis
1843 1545 1884 1602 ut
1896 1536 1938 1603 ad
1957 1559 2037 1604 eum
2052 1542 2263 1628 confugere-

1270 1660 1368 1721 mus,
1392 1651 1426 1706 et
1440 1637 1642 1727 promiseris
1657 1650 1690 1706 te
1707 1646 1931 1726 recepturum
1947 1661 2070 1706 omnes
2081 1641 2127 1709 ad
2143 1640 2264 1732 ipsum

1271 1760 1354 1806 vera
1375 1738 1444 1808 fide
1463 1739 1725 1827 confugientes,
1757 1750 1792 1807 te
1818 1735 1964 1826 supplex
1987 1763 2069 1823 oro,
2101 1755 2141 1812 ut
2166 1739 2260 1812 mihi

1270 1839 1390 1908 omnia
1407 1862 1485 1907 mea
1499 1853 1656 1931 peccata,
1686 1861 1809 1908 omnes
1831 1848 1982 1922 errores,
2013 1863 2137 1910 omues
2158 1843 2259 1914 labes

1270 1940 1446 2024 remittas,
1471 1953 1614 2030 propter
1628 1939 1741 2009 filium
1756 1954 1857 2009 tuum
1874 1936 2069 2012 Dominum
2091 1958 2255 2014 nostrum

1272 2039 1386 2110 lesum
1409 2036 1611 2123 Christum,
1656 2065 1761 2134 quem
1791 2039 1936 2110 voluisti
1965 2064 2029 2133 pro
2053 2045 2159 2114 nobis
2180 2046 2260 2115 lieri

1271 2142 1468 2211 victimam:
1506 2156 1541 2213 et
1555 2155 1597 2212 ut
1611 2142 1748 2233 Spiritu
1762 2150 1882 2210 sancto
1903 2154 1965 2211 tuo
1992 2143 2097 2215 initia
2113 2146 2208 2217 vitae
2227 2160 2264 2218 et

1272 2243 1429 2315 iusticiae
1443 2258 1604 2313 aeternae
1617 2244 1657 2312 in
1671 2268 1727 2313 me
1739 2243 1919 2327 accendas,
1946 2269 2073 2338 meque
2089 2250 2133 2317 ad
2149 2249 2263 2318 socie-

1271 2358 1377 2413 tatem
1394 2358 1475 2415 tuae
1488 2341 1667 2414 Ecclesiae
1682 2346 1857 2426 coelestis,
1884 2368 1974 2437 quae
1999 2362 2032 2417 te
2056 2348 2096 2416 in
2119 2364 2261 2420 aeterna

1271 2446 1407 2516 laeticia
1427 2446 1627 2516 intuebitur
1649 2458 1683 2515 et
1701 2444 1911 2528 celebrabit,
1938 2448 2128 2519 clementer
2142 2452 2257 2520 abdu-

1272 2570 1339 2617 cas.
1406 2544 1520 2617 Credo
1546 2548 1618 2617 tuis
1641 2548 1955 2638 promissionibus,
1986 2564 2023 2620 et
2040 2551 2166 2621 fiducia
2189 2551 2259 2620 flii

1271 2649 1323 2718 tui
1346 2650 1550 2718 mediatoris
1573 2672 1629 2717 me
1650 2663 1825 2733 sustento,
1855 2673 1928 2717 non
1951 2650 2077 2722 fiducia
2098 2676 2260 2723 mearum

1271 2749 1454 2833 virtutum,
1477 2763 1645 2842 tuamque
1661 2751 1749 2819 iram
1764 2751 1936 2841 placatam
1954 2776 2027 2822 esse
2039 2755 2195 2833 confido,
2223 2767 2260 2824 et

1271 2865 1363 2919 certa
1381 2874 1441 2940 spe
1458 2851 1661 2920 coelestium
1675 2854 1967 2922 consuetudinem
1986 2867 2136 2944 expecto.
2168 2853 2256 2924 Tibi

1270 2952 1376 3022 etiam
1387 2953 1515 3039 gratias
1528 2975 1593 3040 ago
1610 2966 1645 3022 et
1658 2965 1756 3041 agam
1773 2953 1812 3020 in
1828 2955 1927 3023 omni
1941 2955 2151 3039 aeternitate,
2172 2980 2256 3023 curn

1271 3077 1334 3144 pro
1351 3053 1495 3122 caeteris
1518 3053 1697 3123 beneficiis
1717 3054 2060 3142 innumerabilibus,
2093 3070 2166 3126 tum
2191 3081 2257 3147 pro

1273 3154 1504 3243 patefactione
1519 3155 1584 3235 tui,
1611 3169 1644 3224 et
1660 3180 1724 3246 pro
1741 3157 1813 3225 filio
1830 3158 1936 3226 nobis
1953 3159 2099 3244 donato,
2123 3172 2157 3228 et
2173 3183 2260 3228 voce

1271 3253 1455 3343 Evangelii
1475 3256 1588 3337 edita,
1614 3259 1779 3349 quodque
1796 3281 1851 3324 me
1873 3261 1917 3324 ad
1940 3261 2160 3345 agnitionem
2180 3273 2261 3329 tuae

1270 3357 1361 3425 lucis
1383 3358 1536 3440 vocasti,
1560 3381 1624 3426 nec
1642 3361 1680 3426 in
1696 3352 1832 3426 ethnica
1849 3355 2001 3441 caligine
2017 3372 2051 3427 et
2064 3361 2145 3429 aliis
2161 3384 2261 3429 erro-

1271 3458 1371 3525 ribus
1391 3458 1577 3551 reliquisti.
1630 3459 1681 3528 Te
1703 3453 1900 3525 etiamlesu
1917 3449 2080 3540 Christe,
2112 3462 2162 3530 fili
2177 3459 2261 3545 Dei,

1272 3558 1433 3628 crucifixe
1462 3561 1654 3649 pronubis
1686 3573 1720 3629 et
1750 3557 1969 3641 resuscitate,
2008 3557 2125 3649 imago
2147 3562 2260 3651 patris

1272 3659 1425 3741 aeterni,
1451 3662 1513 3755 qui
1529 3662 1704 3732 mediator
1719 3658 1929 3729 constitutus
1945 3680 1982 3728 es
2003 3659 2099 3729 inter
2120 3677 2257 3750 patrem

1272 3775 1306 3830 et
1324 3785 1408 3844 nos,
1433 3787 1474 3831 ac
1492 3762 1631 3834 dixisti:
1659 3760 1785 3832 Venite
1800 3762 1844 3830 ad
1857 3783 1914 3830 me
1927 3784 2047 3830 omnes
2064 3761 2126 3854 qui
2151 3761 2254 3841 labo-

1272 3863 1358 3931 ratis
1374 3876 1408 3934 et
1429 3864 1565 3933 onerati
1590 3864 1691 3944 estis,
1722 3886 1786 3952 ego
1808 3863 1963 3931 reficiam
1984 3885 2063 3942 vos,
2098 3885 2159 3930 oro
2176 3871 2252 3930 toto

1273 3979 1430 4052 pectore,
1454 3978 1493 4033 ut
1507 3965 1575 4034 mei
1591 3966 1774 4048 misertus,
1798 3989 1862 4054 pro
1881 3987 1938 4033 me
1954 3964 2145 4032 intercedas
2158 3964 2257 4052 apud

1273 4078 1452 4134 aeternum
1466 4079 1600 4157 patrem
1626 4081 1748 4146 tuum,
1780 4066 1874 4136 etin
1901 4088 1957 4136 me
1972 4063 2107 4153 Spiritu
2135 4075 2259 4132 sancto

1272 4180 1332 4235 tuo
1356 4166 1464 4235 vitam
1484 4181 1679 4248 aeternam,
1712 4167 1826 4237 lucem
1842 4180 1876 4237 et
1890 4165 2064 4236 iusticiam
2079 4165 2262 4240 accendas,

1274 4265 1416 4337 Gratias
1434 4269 1539 4338 etiam
1554 4293 1619 4359 ago
1634 4270 1718 4354 tibi,
1744 4281 1779 4339 et
1797 4291 1896 4357 agam
1920 4268 1960 4335 in
1981 4266 2081 4335 omni
2106 4264 2261 4336 aeterni-

1272 4382 1361 4453 tate,
1400 4374 1494 4463 quod
1519 4396 1594 4442 mea
1617 4395 1718 4441 causa
1741 4382 1776 4439 et
1799 4381 1944 4459 propter
1968 4367 2117 4437 salutern
2144 4377 2260 4434 meam

1271 4485 1414 4542 aeterno
1431 4473 1523 4563 patri
1537 4475 1684 4565 supplex
1702 4495 1757 4555 es,
1781 4483 1816 4540 et
1834 4469 1978 4538 victima
1995 4493 2059 4558 pro
2077 4491 2134 4536 me
2148 4467 2263 4537 factus

1273 4596 1319 4644 es.
1371 4570 1449 4642 Hoc
1463 4588 1563 4643 tuum
1578 4577 1702 4662 ingens
1715 4571 1923 4641 beuefirium
1935 4570 2120 4660 praedico,
2147 4569 2262 4636 disce-

1271 4675 1359 4742 dens
1373 4698 1412 4743 ex
1427 4670 1492 4745 hac
1507 4676 1711 4745 mortalium
1726 4672 1997 4750 consuetudine,
2030 4693 2069 4739 ac
2093 4671 2263 4738 adversus

1271 4798 1378 4863 regna
1395 4777 1529 4847 diaboli
1545 4792 1577 4847 et
1597 4776 1758 4846 omnium
1784 4774 1976 4864 impiorum
2000 4772 2158 4854 furores,
2198 4770 2263 4864 qui

1271 4878 1336 4947 tibi
1352 4877 1585 4964 maledicunt,
1609 4879 1775 4956 adfirmo,
1800 4890 1896 4945 tuam
1923 4873 2122 4943 doctrinam
2146 4871 2263 4942 tradi-

1270 4991 1341 5049 tam
1368 4995 1429 5050 tua
1454 5006 1560 5063 voce,
1593 4995 1627 5050 et
1654 4972 1913 5069 Prophetarum
1942 4988 1976 5044 et
2001 4970 2263 5065 Apostolorum

1269 5080 1398 5166 literis,
1419 5098 1603 5153 sonantem
1618 5083 1656 5150 in
1672 5075 1737 5150 hac
1754 5091 1813 5148 tua
1830 5073 2006 5160 Ecclesia,
2031 5076 2131 5145 cuius
2151 5073 2263 5143 disci-

1268 5182 1389 5274 pulam
1408 5209 1551 5254 maesse
1567 5185 1751 5275 profiteor,
1784 5202 1902 5247 veram
1927 5201 2024 5264 esse,
2058 5190 2093 5246 et
2116 5199 2264 5246 execror

1268 5279 1428 5354 ethnicos
1454 5301 1488 5357 et
1503 5282 1698 5355 haereticos
1718 5284 1857 5352 furores
1880 5304 1959 5349 cum
1983 5293 2042 5348 tua
2076 5299 2164 5346 voce
2195 5301 2265 5366 pu-

1266 5399 1425 5475 gnantes.
1478 5387 1535 5460 Sit
1547 5389 1690 5458 lucerna
1704 5382 1855 5476 pedibus
1873 5381 1959 5450 meis
1975 5380 2124 5449 verbum
2146 5391 2266 5465 tuum,
