4732 6030
121 233 195 310 oos
686 231 846 308 unct.
895 231 969 306 na
1009 230 1105 308 nat
1141 227 1567 309 tNVOCATIONF.
2041 225 2140 319 'ooo

123 396 216 470 hanc
241 423 359 469 veram
385 395 605 468 divinitatem
631 418 724 481 esse,
759 410 938 466 aeternum
963 394 1100 465 Patrem
1153 395 1253 466 iubet
1275 388 1534 487 παῤῥησιάζειν
1550 402 1932 483 momentaneis,
1959 408 2016 472 sed
2037 404 2135 491 Filii,

122 497 229 569 huius
250 498 334 569 Filii
355 497 479 569 stantis
508 496 547 563 in
570 494 740 581 Iordane,
771 509 807 565 et
828 494 960 565 Filium
986 496 1101 586 ipsum
1154 507 1188 564 et
1203 490 1293 563 hanc
1311 496 1341 562 ei
1357 491 1564 587 παρῥησιάν
1579 512 1716 584 gratum
1732 502 1890 569 officium
1903 527 1984 575 esse.
2029 505 2133 577 Certe

121 599 308 688 imaginem
328 600 480 687 genitam
496 596 706 685 cogitatione
721 594 855 679 Patris,
879 609 913 665 et
929 593 1101 685 Spiritum
1154 597 1266 662 donec
1290 594 1431 682 languet
1456 597 1612 680 animus,
1644 612 1678 668 et
1706 624 1771 668 nos
1793 602 1921 690 negligi
1949 606 2135 689 existimat,

121 713 279 768 sanctum
309 697 481 766 immenso
512 719 631 766 amore
657 696 881 786 copulantem
906 694 1046 764 Patrem
1069 707 1102 763 et
1153 707 1270 762 manet
1291 717 1438 763 arcanus
1461 709 1493 764 et
1515 697 1626 766 tristis
1646 699 1809 769 fremitus·
1827 704 1991 771 adversus
2004 702 2135 775 Detun.

121 795 272 881 Filium,
299 798 373 865 imo
388 812 423 867 et
437 793 629 865 Ecclesiam
645 821 724 865 cum
743 797 836 869 Deo.
1155 792 1249 862 Haec
1271 794 1378 882 igitur
1397 794 1482 864 fides
1505 797 1542 862 in
1566 800 1663 866 omni
1685 799 1907 868 invocatione
1925 804 2137 892 praeluceat,

226 894 331 965 Hunc
355 898 463 985 igitur
485 893 601 964 Deum
624 898 831 986 patefactum
855 894 959 964 nobis
980 893 1101 983 cogita,
1152 907 1192 964 ut
1208 917 1290 961 vere
1306 917 1371 962 nos
1384 895 1492 983 recipi
1507 912 1653 986 propter
1662 895 1792 966 Filium
1810 914 2009 973 statuamus.

121 1020 194 1065 non
228 999 392 1079 surdum,
427 1019 500 1064 non
525 991 673 1083 Epicuri
705 988 989 1093 μονόγραμμοιι,
1028 1018 1100 1062 non
1253 992 1349 1063 Haec
1372 1007 1421 1063 est
1444 994 1503 1064 illa
1525 998 1684 1068 coelestis
1703 1000 1882 1080 doctrina,
1913 1003 1956 1068 de
1978 1001 2133 1092 quaZa-

121 1097 319 1167 Stoicorum
334 1109 486 1165 mentem
502 1095 677 1183 alligatam
698 1097 810 1165 causis
831 1096 1011 1164 secundis:
1040 1098 1099 1163 sed
1153 1088 1288 1162 charias
1314 1094 1446 1184 inquit:
1483 1092 1675 1166 Effundam
1706 1120 1814 1189 super
1839 1102 1984 1169 domurn
2013 1098 2131 1170 David

118 1197 345 1287 aspicientem
366 1195 506 1279 omnia,
532 1195 687 1279 bontun,
721 1195 872 1278 iustum,
902 1193 1100 1263 misericor·
1152 1191 1323 1284 Spiritum
1344 1193 1472 1281 gratiae
1496 1209 1529 1264 et
1548 1220 1701 1284 precum.
1755 1198 1933 1268 Divinitas
1959 1201 2130 1291 promissa

119 1298 211 1379 dem,
235 1295 398 1379 iudicem,
424 1307 568 1378 castum,
587 1317 754 1378 veracem,
781 1295 1000 1363 liberrimum
1017 1317 1100 1367 esse.
1152 1305 1203 1362 est
1222 1292 1480 1376 reconciliatio,
1513 1306 1546 1362 et
1568 1297 1670 1363 datur
1693 1295 1846 1386 Spiritus
1875 1313 2034 1382 sanctus,
2068 1302 2132 1392 qui

118 1390 167 1464 Et
186 1395 267 1487 quia
282 1418 364 1464 vere
385 1394 535 1484 peccatis
557 1393 687 1464 nostris
710 1394 890 1483 irascitur,
918 1406 952 1463 et
966 1405 1035 1477 est,
1059 1406 1100 1463 ut
1151 1388 1244 1462 hanc
1264 1393 1376 1460 lucem
1398 1392 1436 1459 in
1460 1393 1636 1462 mentibus
1660 1398 1832 1479 accendit,
1860 1411 1897 1468 ut
1919 1422 1981 1468 nos
1996 1401 2034 1467 in
2050 1422 2130 1488 gra-

117 1495 233 1585 inqoit
250 1492 410 1586 Moyses,
440 1493 534 1583 ignis
557 1516 788 1579 consumens,
810 1518 891 1562 mox
915 1495 961 1564 de
983 1494 1098 1584 placa·
1150 1493 1235 1562 tiam
1251 1492 1359 1584 recipi
1375 1503 1576 1567 statuamus.
1610 1492 1715 1581 Quod
1732 1520 1809 1564 cnm
1825 1498 1874 1578 lit,
1899 1513 1972 1568 turn
1987 1501 2131 1568 demum

118 1595 216 1664 tione
239 1595 463 1684 cogitandum
486 1606 555 1681 est,
578 1608 842 1689 propterquam
859 1616 939 1663 vere
956 1606 989 1662 et
1004 1605 1098 1662 certo
1150 1595 1313 1663 accedere
1342 1592 1387 1661 ad
1412 1591 1528 1663 Deum
1559 1595 1749 1681 audemus,
1787 1609 1821 1666 et
1854 1611 1969 1688 petere
2002 1613 2036 1669 et
2069 1625 2128 1668 ex-

118 1693 243 1786 recipit
262 1716 338 1764 nos.
1150 1707 1288 1784 pectare
1304 1693 1407 1762 bona.

218 1792 273 1864 sic
292 1794 401 1885 igitur
416 1789 484 1865 hoe
506 1795 699 1866 secundum
724 1804 957 1883 praeceptum.
1006 1788 1097 1860 Cum
1251 1790 1348 1861 Haec
1358 1791 1491 1880 agnitio
1507 1794 1676 1863 essentiae
1690 1808 1723 1864 et
1736 1796 1927 1867 voluntatis
1942 1796 2029 1882 Dei,
2055 1800 2131 1868 dis·-

117 1916 217 1963 mens
233 1888 328 1964 hune
338 1894 450 1964 Deum
466 1894 669 1987 alloquitur,
694 1893 756 1988 qui
770 1917 807 1963 se
820 1893 924 1961 nobis
940 1914 1000 1960 sua
1013 1914 1098 1959 voce
1151 1913 1295 1960 cernens
1308 1890 1566 1961 invocationem
1584 1888 1758 1963 eth-nicam
1775 1919 1793 1962 a
1809 1920 1908 1976 vera,
1933 1920 2072 1987 semper
2090 1900 2128 1965 in
2222 1906 2225 1915 '

117 1994 284 2077 ostendit,
310 2008 491 2084 praecepta
504 1995 658 2083 primum
674 1994 891 2078 consideres,
918 1991 958 2057 in
972 1991 1100 2082 quibus
1149 2002 1336 2081 conspectu
1350 1989 1408 2073 sit,
1434 2005 1468 2060 et
1483 1993 1640 2157 qnotidie
1656 1995 1695 2062 in
1710 1994 1931 2064 invocatione
1946 1998 2128 2085 cogitetur.

118 2094 275 2161 invocari
291 2117 326 2162 se
340 2094 451 2166 iussit.
488 2090 585 2163 Haec
599 2093 690 2163 dicta
710 2091 778 2163 tibi
797 2090 1005 2182 preponito:
1037 2086 1098 2156 ln·
1247 2086 1387 2160 Deinde
1401 2114 1482 2159 cum
1507 2114 1562 2160 soc
1577 2096 1684 2163 modo
1699 2093 1916 2164 seiunximus
1934 2096 2128 2168 invocatio-

117 2216 204 2262 voca
220 2216 276 2260 me
290 2194 326 2261 in
342 2193 400 2262 die
414 2192 663 2266 tribulationis.
697 2189 801 2262 Item:
825 2188 949 2274 Petite,
960 2204 995 2260 et
1006 2188 1097 2259 aeci-
1148 2210 1230 2257 nem
1246 2201 1400 2257 nostram
1416 2191 1461 2258 ab
1484 2184 1641 2279 ethnica,
1667 2194 1784 2263 etiam
1803 2197 1845 2264 ad
1864 2209 2043 2265 aeternum
2059 2195 2128 2266 Pa-

116 2292 233 2382 pietis.
282 2289 335 2361 Ac
359 2294 503 2382 prodest
521 2294 649 2361 multas
677 2293 762 2361 tales
790 2290 981 2361 sententias
1007 2290 1097 2359 bene
1150 2302 1239 2359 trem
1251 2290 1399 2363 ducente
1413 2287 1507 2361 Filio
1519 2292 1662 2364 adducti
1677 2316 1819 2380 sumus,
1841 2295 1887 2366 sit
1900 2291 1968 2367 hoc
1983 2298 2127 2366 tertium

117 2393 302 2460 meditatas
315 2405 446 2474 tenere,
469 2414 557 2485 quae
572 2387 758 2462 hortentur
769 2404 812 2461 ut
824 2391 867 2458 ad
883 2385 996 2459 Deum
1012 2411 1097 2459 con·
1148 2401 1385 2482 praeceptum.

115 2491 301 2580 fugiamus.
333 2488 470 2562 Deinde
482 2504 516 2562 et
529 2492 777 2583 promissiones
789 2490 983 2580 adiungito.
1014 2487 1098 2559 Non
1247 2486 1354 2572 Vult,
1377 2500 1417 2558 ut
1432 2501 1534 2558 antea
1552 2490 1751 2575 audivistis,
1777 2492 1907 2563 Paulus
1928 2492 2129 2588 παῤῥησιιὲ-
2248 2480 2302 2503 ”

116 2592 287 2682 praecipit
309 2603 445 2662 tantum
471 2593 544 2683 peti
563 2615 583 2662 a
605 2615 642 2661 se
663 2588 759 2661 Deus
780 2591 926 2661 salutem
949 2602 984 2660 et
1004 2589 1098 2659 vitae
1149 2583 1233 2674 ζειν.
1283 2583 1398 2676 Ergo,
1427 2602 1469 2658 ut
1495 2591 1588 2679 apud
1611 2592 1785 2660 medicum
1814 2594 1928 2661 morbi
1952 2608 1987 2663 et
2007 2595 2126 2663 omnia

117 2691 302 2781 praesidia,
326 2694 385 2761 sed
400 2691 633 2781 amplissimas
648 2690 896 2781 promissiones
911 2689 1033 2771 edidit,
1057 2689 1098 2757 in
1148 2686 1405 2779 ovpsnru'psucu
1421 2689 1594 2758 narranda
1612 2705 1710 2774 sunt,
1736 2692 1783 2761 ita
1799 2715 1864 2760 nos
1879 2694 2037 2761 miserias
2049 2693 2127 2763 Deo

118 2793 246 2883 quibus
279 2793 432 2862 ostendit
464 2794 568 2860 nobis
592 2790 743 2875 Piliam,
778 2814 881 2882 quesn
915 2789 1096 2859 constituit
1148 2808 1373 2878 exponamus,
1398 2811 1436 2856 ac
1453 2788 1612 2858 meditati
1628 2794 1672 2859 ad
1686 2786 1784 2860 hunc
1797 2793 1968 2862 medicum
1984 2794 2127 2862 acceda-

115 2892 326 2982 placatorem
352 2888 415 2962 καὶ
435 2887 588 2980 μεσίτην
607 2885 671 2958 καὶ
694 2887 816 2980 ἱκέτην
835 2911 901 2977 pro
915 2890 1038 2970 nobis,
1063 2901 1096 2957 et
1148 2909 1237 2956 mus.
1288 2886 1370 2957 Non
1392 2911 1535 2978 pancas,
1563 2912 1636 2957 nou
1661 2892 1803 2976 exiguas
1824 2916 2006 2962 aerumnas
2029 2918 2125 2961 eom-

115 3004 260 3083 propter
281 2985 378 3060 hunc
399 2990 549 3059 affirmat
570 3002 664 3058 certo
688 3011 754 3058 nos
780 2985 908 3079 recipi,
939 2986 1096 3055 exaudiri
1147 3008 1400 3070 memoremus,
1426 3012 1507 3056 vere
1532 2987 1856 3080 παῤῥησιοῖζοντες,
1880 2993 1943 3060 ubi
1967 2994 2006 3060 in
2027 3016 2128 3060 men-

114 3105 152 3162 et
167 3087 309 3159 servari.
1148 3100 1216 3157 tem
1230 3088 1321 3156 illud
1329 3084 1474 3155 Tauleri
1489 3086 1622 3157 veniet:
1647 3088 1839 3182 Nunquam
1853 3087 2048 3161 humanum
2064 3116 2125 3181 pe·

218 3186 261 3255 ln
281 3182 338 3254 his
359 3181 650 3278 promissionibus
667 3182 902 3275 pervolvenda
918 3207 1018 3254 mens
1032 3196 1099 3269 est,
1147 3200 1223 3257 ctus
1242 3199 1314 3255 tam
1337 3187 1482 3255 avidum
1499 3209 1573 3256 esse
1588 3189 1633 3256 ad
1650 3191 1914 3280 accipiendum,
1938 3215 2043 3284 quarn
2059 3188 2127 3260 Dei

116 3312 206 3383 quae
229 3285 348 3356 multis
367 3283 575 3355 tristissimis
592 3282 876 3354 dubitationibus
891 3277 950 3355 hie
965 3308 1094 3355 concu·
1146 3284 1287 3355 bonitas
1307 3300 1358 3356 est
1373 3288 1416 3354 ad
1431 3287 1602 3359 dandum.

115 3391 223 3467 titur,
248 3400 414 3480 tanquam
433 3385 570 3453 diversa
585 3382 736 3474 impulsa
753 3384 920 3455 fluctibus
938 3380 1001 3456 καὶ
1019 3406 1096 3475 χει·
1247 3383 1287 3454 Si
1308 3385 1388 3476 quis
1410 3408 1484 3454 non
1504 3385 1655 3455 allicitur
1669 3381 1847 3457 Ecclesiae
1865 3370 2150 3475 dilaceratione,
2251 3451 2257 3461 .

114 3483 316 3583 μαζομένη.
1147 3494 1183 3552 et
1203 3482 1282 3552 aliis
1304 3484 1473 3565 miseriis,
1505 3485 1634 3553 deinde
1656 3486 1886 3575 imperiorum
1908 3488 2125 3558 confusioni-

217 3585 315 3658 Scias
341 3597 456 3654 autem
478 3577 656 3652 ethnicam
678 3581 914 3673 precationem
937 3603 1031 3665 esse,
1061 3581 1091 3649 si
1144 3583 1230 3666 bus,
1255 3583 1308 3651 illi
1325 3607 1406 3652 vere
1424 3584 1583 3653 roburet
1597 3607 1657 3653 aes
1670 3584 1795 3675 triplex
1817 3587 1909 3655 eirca
1923 3600 2059 3677 pectus,
2083 3601 2124 3658 nt

114 3688 261 3778 cogitas,
295 3684 509 3755 recitandam
532 3682 674 3774 quidem
697 3704 770 3751 esse
795 3675 886 3749 hanc
915 3678 1101 3773 ficarolo--
1145 3679 1275 3750 Poetae
1297 3683 1413 3751 verbis
1432 3696 1532 3766 utar,
1565 3698 1686 3755 natum
1712 3697 1773 3758 est.
1833 3685 1920 3756 Vult
1940 3711 2005 3755 nos
2027 3686 2125 3758 Deus

112 3785 221 3887 ys'csr,
246 3788 308 3857 sed
328 3784 504 3871 ambigere
523 3782 702 3865 animum,
727 3803 773 3850 an
790 3776 887 3850 Deus
903 3793 1002 3850 curet
1017 3792 1094 3849 tuas
1145 3781 1268 3849 dolore
1287 3780 1509 3871 publicorum
1530 3782 1705 3852 malorum
1728 3784 1838 3868 allici,
1859 3798 1900 3856 ut
1919 3809 1989 3853 ase
2002 3810 2122 3855 eorum

113 3911 253 3979 preces,
283 3898 345 3956 sot
378 3883 528 3974 gemitus
558 3895 657 3964 tuos,
694 3904 759 3951 nec
783 3880 893 3969 magis
914 3892 1094 3970 expectare
1144 3880 1398 3968 mitigationem
1414 3891 1585 3969 petamus.
1634 3880 1705 3949 Sed
1722 3906 1844 3950 verum
1862 3896 1912 3952 cst
1929 3882 2019 3951 illud
2036 3884 2123 3952 Pin·

114 3988 226 4057 aDeo
240 3984 432 4068 auxilium,
458 4004 563 4075 quam
582 3980 612 4050 si
626 3981 755 4049 ludens
774 3979 855 4051 talis
869 3992 1026 4070 expectes
1039 4000 1095 4046 se·
1144 3978 1321 4057 dacicum,
1352 3973 1395 4047 ad
1414 3978 1550 4049 οἰκεῖον
1570 3972 1697 4064 πιέζει,
1725 3976 1928 4074 ἀλλοτρίων
1949 3978 1995 4054 οὗ
2015 3981 2126 4075 μέλει.

115 4087 277 4170 nionem,
306 4101 368 4157 aot
390 4080 536 4154 hamum
562 4076 705 4151 trahens
733 4079 901 4163 silurum,
931 4093 993 4148 aot
1015 4100 1094 4147 ara-
1143 4074 1362 4147 Domestieae
1385 4076 1596 4148 calamitates
1618 4079 1728 4169 magis
1750 4083 1948 4152 excruciant
1973 4085 2124 4165 animos,

115 4201 188 4258 tam
209 4199 377 4277 expectes.
425 4181 521 4254 Huic
540 4179 754 4252 dubitationi
773 4179 937 4268 fugitanti
954 4191 988 4248 et
1007 4199 1091 4247 con-
1143 4177 1257 4247 aliena
1272 4176 1384 4246 levius
1403 4200 1576 4248 curamus.

114 4285 285 4357 temnenti
302 4283 415 4356 Deum
433 4278 575 4354 ethnico
591 4303 711 4364 more,
733 4301 953 4375 nequaqnam
970 4278 1093 4347 indul·
1244 4276 1314 4348 Sed
1328 4277 1432 4363 furit,
1456 4278 1518 4370 qui
1532 4278 1690 4369 publicas
1704 4276 1881 4349 Ecclesiae
1902 4294 1936 4351 et
1953 4281 2121 4373 imperio-

115 4387 269 4476 gendum
287 4399 351 4460 est.
398 4382 469 4457 Sed
489 4383 655 4472 erigenda
670 4402 769 4450 mens
784 4379 995 4469 cogitatione
1009 4401 1093 4468 pro-
1143 4402 1224 4449 rom
1244 4377 1483 4471 quassationes
1500 4374 1593 4448 nihil
1616 4380 1661 4450 ad
1683 4403 1719 4449 se
1741 4383 1915 4471 pertinere
1938 4383 2122 4453 existimat.

114 4486 336 4566 missionum,
358 4508 398 4555 ac
411 4485 632 4554 statuendum
651 4504 733 4551 vere
747 4503 813 4550 nos
829 4493 863 4548 et
876 4493 996 4549 nostra
1012 4492 1091 4548 vota
1141 4474 1367 4570 Experientia
1383 4479 1490 4549 nimis
1502 4504 1622 4552 verum
1639 4502 1712 4551 esse
1725 4493 1870 4552 testatur
1884 4478 2027 4552 Solonis
2040 4507 2122 4552 ver-

112 4599 259 4679 propter
278 4584 410 4655 Filium
432 4583 642 4673 placatorem
664 4580 785 4672 recipi.
840 4576 1001 4672 Cumque
1025 4572 1091 4648 hoc
1142 4602 1241 4662 sum,
1265 4579 1407 4673 quiait:
1432 4577 1570 4650 Intrant
1586 4580 1625 4650 in
1646 4577 1818 4665 thalamos
1832 4582 1972 4672 publica
1990 4584 2121 4653 damna
2205 4584 2208 4589 “

114 4701 291 4758 certamen
305 4687 344 4754 in
358 4682 484 4754 animis
499 4705 571 4750 non
587 4682 664 4751 leve
676 4683 734 4765 sit,
759 4676 828 4750 hoc
841 4679 978 4769 insigne
993 4678 1091 4748 testi-
1143 4693 1235 4751 tuos.
1286 4680 1407 4771 ltaque
1427 4679 1585 4767 publicas
1605 4692 1639 4749 et
1658 4681 1812 4769 privatas
1835 4704 2019 4750 aerumnas
2035 4707 2120 4751 con-

113 4789 274 4858 monium
295 4784 429 4877 pectori
449 4781 633 4872 inligatur,
664 4783 759 4874 qood
777 4794 869 4853 extat
892 4780 932 4847 in
945 4780 1089 4870 epistola
1142 4781 1353 4861 sideramus,
1385 4800 1510 4870 easque
1529 4776 1605 4848 Deo
1625 4802 1882 4870 proponamus,
1912 4793 1946 4851 et
1968 4780 2029 4850 illa
2051 4781 2119 4852 Dei

114 4891 158 4961 ad
173 4883 364 4978 Ephesios:
388 4882 457 4953 Per
473 4905 576 4974 quem
593 4876 762 4951 bahem
777 4881 958 4960 liduciam,
984 4894 1017 4950 et
1032 4903 1091 4948 ac·
1141 4880 1320 4969 agnitione
1342 4890 1378 4948 et
1393 4878 1461 4946 lide
1482 4901 1601 4947 earum
1624 4878 1876 4968 mitigationem
1893 4893 1929 4950 et
1947 4882 2119 4951 auxilium

113 4990 235 5058 cedere
258 4990 302 5057 ad
327 4986 440 5057 Deum
468 4983 639 5053 audemus
663 4979 811 5051 fidentes
832 4997 976 5074 propter
997 5003 1091 5051 enm.
1140 4992 1300 5070 petamus
1315 4991 1350 5048 et
1363 4991 1592 5070 expectemus.
1641 4976 1808 5049 lmmout
1821 4981 1940 5052 ardeat
1953 4982 2120 5075 depreca-

114 5083 150 5158 O
170 5089 309 5158 dulcem
333 5085 538 5157 concionem
564 5082 753 5152 verborum
777 5083 933 5170 pondera
956 5080 1090 5152 intelli·
1141 5080 1210 5166 tio,
1235 5076 1321 5149 llaec
1335 5092 1508 5169 reputato.
2109 5072 2112 5079 '

113 5189 220 5278 genti.
259 5188 442 5279 vituperat
456 5185 592 5253 animos
604 5181 775 5271 fugientes
788 5177 925 5266 mum,
948 5205 1012 5251 nec
1027 5204 1090 5271 pe·
1241 5178 1468 5250 severissime
1488 5177 1658 5270 praecipit
1672 5176 1770 5249 Deos
1789 5179 1974 5253 universae
1994 5179 2119 5254 Eccle-

113 5303 225 5362 tentes
248 5290 295 5359 ab
318 5313 360 5359 eo
375 5290 489 5373 bona,
514 5307 651 5376 nosque
669 5283 715 5353 ad
732 5278 848 5353 Deum
866 5276 1032 5367 retrahit,
1054 5294 1089 5352 et
1140 5280 1260 5353 siaeet
1279 5278 1446 5371 singulis,
1470 5292 1511 5350 nt
1526 5293 1686 5371 petamus
1701 5279 1891 5369 auxilium,
1918 5284 2017 5355 addit
2031 5301 2119 5374 'pro-
