4732 6030
115 291 119 299 .
192 243 269 319 ιιι
760 228 923 305 nucu.
970 229 1045 304 uu
1077 226 1322 306 uasrmo
1354 202 1665 309 ur1scoe0.
1736 166 1747 333 ,ι
2170 228 2250 314 teo
2299 227 2301 231 ’

200 413 331 491 iutavit
344 410 636 489 samosatenum,
662 417 696 475 et
713 404 880 495 scriptam
895 405 1044 498 reliquit
1060 405 1200 475 conles-
1252 419 1329 489 tor,
1354 401 1611 498 aliquantisper
1628 426 1648 473 a
1665 404 1799 496 populo
1818 400 1856 474 in
1871 404 2058 495 praedium
2074 426 2178 476 suum
2195 428 2254 477 se-

204 519 343 593 siouem
374 538 457 587 suae
484 509 564 579 fidei
595 508 639 575 de
666 509 780 576 trilurs
806 508 967 599 personis
990 507 1200 592 divinitatis,
1254 507 1414 579 cedebat:
1441 505 1528 576 alias
1550 530 1633 576 vero
1655 506 1823 598 prodiens
1844 507 1982 576 alienae
2004 507 2153 577 utilitati
2178 533 2255 580 ser-

207 622 353 712 dignam
384 610 572 693 memoria,
606 632 695 703 quae
726 604 833 680 hodie
865 623 969 684 extat.
1020 608 1138 680 Huius
1166 633 1202 678 se
1254 610 1355 678 viret.
1406 605 1504 678 Haec
1517 609 1564 679 ita
1576 610 1667 679 facta
1684 631 1770 693 esse,
1794 622 1917 678 narrat
1930 606 2122 681 Eusebius.
2173 608 2256 684 Etsi

210 721 373 796 doctrina
395 715 573 783 imbutum
598 713 643 781 ab
668 711 819 784 infantia
843 711 961 805 inquit
981 713 1073 804 ipse,
1106 713 1202 805 quod
1255 724 1371 782 autem
1394 710 1433 779 in
1456 710 1614 802 epistolis
1638 710 1794 780 Basilius
1816 712 2037 794 monasticen
2060 713 2255 787 immodice

111 807 116 815 ⁵
209 823 385 898 nutricem
417 811 583 884 habuerit
607 815 792 884 mulierem
818 814 1112 885 studiosissimam
1137 819 1203 884 do·
1256 812 1453 905 praedicat,
1488 827 1528 883 ut
1549 837 1652 883 suum
1677 813 1807 905 cuique
1829 812 2032 885 institutum
2056 816 2257 899 blanditur,

209 924 343 999 etrime
368 915 547 1007 Gregorii.
612 914 686 986 Nec
715 917 840 1008 procul
863 918 970 987 distat
991 942 1010 986 a
1035 916 1202 989 Caesarea
1256 930 1475 986 tamencum
1498 939 1629 986 munus
1651 916 1803 985 docendi
1820 939 1894 983 non
1913 917 2135 1008 deposuerit,
2160 923 2256 993 etde

211 1028 311 1098 sedes
324 1019 508 1110 Gregorii,
532 1017 748 1088 milliaribus
761 1019 891 1088 nostris
904 1022 1052 1090 fortasse
1067 1019 1204 1109 viginti.
1257 1018 1390 1088 iustitia
1413 1017 1494 1086 fidei
1518 1017 1606 1086 alibi
1626 1017 1804 1108 praeclare
1828 1017 2028 1109 scripserit,
2060 1024 2257 1095 modestius

210 1126 341 1200 Narrat
363 1136 478 1193 aretem
496 1145 532 1190 se
549 1135 640 1191 recte
656 1134 690 1190 et
707 1121 841 1210 integre
858 1135 1018 1212 percepta
1038 1120 1204 1210 Gregorii
1257 1119 1405 1191 sensisse
1428 1143 1508 1188 eum
1531 1120 1710 1199 existimo,
1732 1144 1837 1214 quam
1860 1134 1981 1212 postea
1996 1118 2083 1194 haec
2099 1126 2256 1198 recentia

211 1228 404 1310 sententia,
430 1223 584 1294 voluisse
603 1235 638 1292 ct
654 1236 867 1293 caeterarum
887 1221 1121 1297 Ecclesiarum
1141 1226 1206 1292 do-
1258 1223 1417 1294 examina
1436 1217 1691 1292 monachorum
1709 1237 1906 1296 senserunt.

213 1331 365 1404 ctrinam
395 1329 438 1396 ad
463 1350 540 1395 earn
563 1326 737 1398 conferre.
796 1324 885 1395 Tale
906 1325 1206 1446 studium'inqui-
1359 1323 1434 1395 Nec
1461 1324 1525 1393 diu
1553 1324 1622 1395 tuit
1649 1324 1689 1393 in
1711 1321 1766 1393 his
1789 1325 1949 1411 latebris,
1984 1328 2045 1397 sed
2069 1329 2258 1423 aliquanto

211 1433 343 1507 rendae
362 1429 520 1499 veritatis
537 1443 623 1499 tunc
637 1452 675 1497 ιιι
691 1427 813 1499 multis
828 1429 976 1513 furtin
993 1454 1063 1522 quo
1082 1442 1115 1499 et
1130 1453 1207 1520 pre
1259 1442 1338 1519 post
1357 1450 1438 1496 cum
1455 1423 1584 1496 Ariani
1607 1426 1722 1518 palam
1745 1442 1990 1522 grassarentur
2005 1453 2044 1499 ιιι
2061 1434 2151 1503 urbe
2166 1429 2259 1504 Cae

213 1549 320 1610 tatem
351 1548 384 1602 et
411 1530 621 1602 modestiam
645 1532 790 1601 laudare
813 1532 990 1604 convenit.
1049 1529 1106 1599 Pii
1131 1554 1205 1599 non
1260 1552 1377 1615 aerea,
1402 1542 1435 1598 et
1452 1523 1683 1621 Episcopus
1672 1553 1747 1620 ipse
1769 1533 2027 1619 antagonistam
2052 1531 2127 1605 tllls
2143 1561 2258 1655 oppo-

213 1636 331 1710 subito
357 1634 662 1726 pronunciabant
689 1635 748 1702 sed
772 1634 966 1724 peritorum
984 1633 1115 1702 iudicia
1133 1647 1206 1704 toto
1260 1632 1417 1700 nendum
1436 1653 1508 1709 esse
1528 1645 1702 1713 censeret,
1730 1632 1932 1701 valentem
1922 1636 2065 1726 iugenio
2083 1626 2258 1709 eruditio-

211 1742 299 1813 orbe
314 1751 486 1807 terrirum
504 1736 784 1809 sciscitabantur
836 1733 888 1806 Ita
905 1737 1050 1825 vagatus
1065 1749 1117 1806 est
1136 1735 1207 1804 ire
1261 1758 1323 1818 nc,
1355 1734 1578 1825 eloquentia,
1612 1733 1819 1820 autoritate,
1853 1736 1962 1807 mittit
1985 1739 2028 1806 ad
2052 1761 2132 1807 eum
2158 1741 2258 1829 lega-

205 1864 344 1923 ,uaeus,
371 1839 432 1931 qui
451 1861 524 1907 non
542 1838 656 1906 solum
677 1837 849 1908 Asiaticas
865 1849 898 1906 et
915 1836 1068 1906 Graecas
1085 1834 1207 1927 Eccle-
1262 1850 1335 1905 tum
1354 1833 1568 1924 Gregorium
1584 1833 1867 1922 Nazianzenum,
1894 1863 1953 1932 qur
1943 1838 2152 1910 reduceret
2168 1866 2251 1910 eum

215 1945 302 2029 sias,
328 1941 389 2010 sed
412 1941 517 2009 etiam
538 1937 695 2009 Gallicas
717 1954 750 2009 et
767 1935 998 2009 Germanicas
1014 1941 1112 2009 citat:
1140 1963 1207 2031 qua
1261 1963 1301 2005 ex
1316 1937 1508 2006 solitudine
1525 1938 1562 2004 in
1579 1938 1689 2007 aciem
1706 1954 1739 2010 et
1755 1939 1888 2031 patriae
1907 1941 2047 2032 praelia.
2097 1939 2252 2014 Difficile

214 2071 256 2118 ex
279 2069 318 2112 re
340 2057 501 2134 apparet,
524 2041 629 2111 initio
652 2041 797 2130 collegia
820 2042 856 2109 iu
876 2037 1043 2110 Ecclesiis
1062 2041 1208 2110 summis
1262 2052 1336 2108 erat
1359 2034 1541 2108 bominem
1565 2040 1710 2111 doctum
1728 2066 1769 2110 ex
1786 2041 1847 2110 illa
1864 2042 2067 2113 dulcissima
2081 2045 2257 2138 tranquil-

214 2148 323 2220 iuisse
343 2139 601 2236 pulcherrimos
623 2158 761 2229 coetus,
794 2144 926 2212 similes
949 2140 1207 2236 Prophetarum
1263 2141 1359 2211 litate
1387 2141 1588 2211 studiorum
1618 2140 1657 2210 in
1684 2145 1816 2214 atrocia
1847 2145 2042 2216 certamina
2074 2148 2259 2217 abducere.

215 2244 365 2328 scholis,
414 2246 488 2315 imo
518 2247 725 2335 angelorum
756 2246 976 2335 agminibus,
1028 2245 1209 2315 doctrinae
1260 2241 1334 2313 Nec
1350 2244 1382 2311 ei
1401 2243 1518 2334 ignota
1536 2258 1636 2315 erant
1653 2247 1772 2315 omnia
1789 2246 1872 2332 illa,
1899 2272 1989 2342 quae
2005 2249 2258 2342 sapientissimi

215 2351 398 2434 custodes,
424 2349 585 2418 omnium
609 2349 780 2418 virtutum
799 2348 924 2419 officiis
941 2372 1016 2417 eam
1033 2361 1210 2418 ornantes.
1264 2343 1425 2416 homiues
1456 2359 1490 2415 et
1521 2368 1587 2415 usu
1612 2346 1715 2438 periti
1738 2350 1782 2418 de
1804 2350 1972 2438 fugienda
1996 2352 2256 2441 gubernatione
2360 2376 2364 2381 ·

215 2452 321 2525 Nunc
349 2451 420 2520 loci
449 2451 656 2539 dignitatern
688 2445 850 2528 homines
881 2451 1017 2520 amissis
1040 2450 1153 2520 literis
1177 2462 1211 2519 et
1263 2449 1515 2522 disseruerunt.
1578 2447 1792 2521 Meminerat
1815 2448 2088 2524 Demosthenem
2115 2454 2257 2540 dixisse,

216 2555 334 2626 studio
350 2552 489 2645 pietatis
504 2554 683 2634 iactitant,
708 2551 818 2643 magis
832 2551 1093 2624 Centaurorum
1112 2551 1210 2621 simi·
1263 2551 1292 2618 si
1314 2552 1500 2620 retexenda
1527 2551 1597 2621 vita
1623 2565 1728 2636 esset,
1755 2566 1789 2622 et
1814 2557 1905 2624 duae
1928 2555 2003 2624 viae
2027 2556 2096 2626 sibi
2120 2580 2254 2648 propo-

215 2659 285 2743 les,
310 2680 417 2749 quam
433 2657 667 2726 sacerdotum.
1264 2667 1451 2723 necentur:
1478 2654 1585 2723 altera
1604 2667 1697 2724 recta
1716 2657 1849 2727 ducens
1866 2658 1908 2726 ad
1928 2679 2085 2729 summos
2102 2653 2258 2729 honores

318 2757 512 2850 Postquam
537 2774 654 2828 autem
673 2756 828 2828 Basilius
845 2753 911 2826 bac
928 2757 1210 2847 peregrinatione
1264 2756 1301 2823 in
1324 2753 1541 2847 Republica,
1575 2755 1685 2826 altera
1710 2772 1802 2827 recta
1829 2761 1873 2829 ad
1899 2775 2064 2830 mortem:
2097 2785 2139 2831 se
2156 2786 2257 2831 com-

215 2862 397 2944 absoluta,
433 2857 639 2929 Caesaream
673 2859 796 2945 rediit,
830 2884 870 2928 ac
903 2882 1003 2949 saepe
1032 2860 1211 2950 specimen
1264 2858 1498 2926 monefactum
1521 2860 1563 2927 de
1582 2859 1768 2949 periculis,
1794 2863 1912 2953 potius
1928 2863 2168 2956 ingressurum
2184 2886 2258 2932 csse

217 2962 429 3034 surditionis
446 2963 627 3055 praebuit,
654 2977 799 3051 vocatus
815 2976 865 3032 est
881 2962 926 3031 ab
942 2958 1119 3053 Episcopo
1136 2957 1211 3030 Eu-
1263 2983 1347 3028 mox
1374 2959 1471 3029 illam
1502 2959 1616 3045 viam,
1649 2987 1739 3053 quae
1759 2966 1805 3033 ad
1828 2979 1978 3035 mortem
2003 2968 2119 3052 ducit,
2151 2989 2257 3059 quam

218 3065 316 3134 sebio
342 3065 386 3131 ad
410 3089 540 3134 munus
563 3067 714 3134 docendi
738 3066 775 3133 in
792 3061 964 3134 Ecclesia:
992 3064 1212 3157 luitqueali-
1266 3063 1422 3135 alteram.
1476 3059 1544 3131 Sed
1568 3063 1698 3135 sciebat
1717 3063 1888 3151 Basilius
1915 3069 2021 3139 nobis
2041 3071 2078 3139 in
2103 3065 2257 3138 Ecclesia

218 3161 380 3258 quandiu
399 3164 510 3234 lector
532 3179 565 3234 et
584 3167 757 3259 interpres
776 3190 954 3237 sacrorum
976 3167 1212 3245 voluminum,
1267 3161 1355 3234 banc
1388 3162 1553 3233 militiam
1583 3170 1832 3257 propugnandi
1862 3122 2051 3262 Evangelii
2085 3170 2259 3240 dixinitus

217 3267 313 3362 quod
334 3287 466 3332 munus
483 3265 599 3332 simile
618 3281 692 3334 erat
706 3264 932 3352 scholastico
959 3284 999 3338 ut
1016 3294 1113 3339 nuuc
1132 3283 1235 3337 suut
1267 3268 1468 3336 mandatam
1491 3291 1583 3352 esse,
1609 3283 1643 3338 et
1664 3269 1836 3358 cogitabat
1857 3273 1979 3340 omnia
2003 3274 2150 3365 quaein
2166 3269 2261 3341 hanc

217 3369 257 3438 in
282 3362 414 3437 scholis
430 3366 589 3435 lectores
640 3363 669 3436 (’
671 3390 731 3433 um
756 3379 872 3435 autem
890 3369 984 3438 auter
998 3366 1212 3460 Episcopum
1266 3368 1474 3439 sententiam
1498 3369 1555 3461 pie
1575 3369 1741 3439 dicuntur
1755 3382 1876 3439 contra
1893 3383 1993 3439 vetus
2010 3374 2145 3446 dictum
2164 3367 2260 3446 λάθε

218 3467 447 3554 etBasilium
472 3468 631 3537 simultas
654 3482 729 3537 orta
754 3481 861 3552 esset,
892 3465 1058 3561 Episcopi
1086 3471 1214 3537 volun·
1265 3465 1418 3562 βιώσας
1479 3469 1618 3541 Prodiit
1643 3470 1736 3540 filius
1759 3466 1825 3540 Dei
1854 3495 1929 3540 non
1952 3472 2070 3543 solum
2095 3501 2136 3544 ex
2159 3491 2262 3546 tran-

219 3586 290 3645 tate
314 3572 509 3642 exulcerata
528 3571 716 3640 calumniis
733 3566 1007 3658 monachorum,
1033 3598 1094 3664 qur
1086 3570 1214 3639 Basi-
1268 3572 1444 3665 quillitate
1467 3597 1546 3657 sua,
1572 3572 1631 3644 scd
1650 3573 1754 3644 etiam
1772 3599 1812 3642 ex
1827 3574 1887 3642 illa
1903 3586 2043 3644 aeterna
2062 3576 2195 3666 gloria,
2223 3593 2259 3648 et

218 3675 269 3745 lio
293 3673 411 3743 infesti
436 3689 553 3759 erant,
582 3688 765 3764 propterea
788 3676 882 3767 quod
903 3700 1023 3742 eorum
1046 3676 1212 3762 ignavum
1269 3676 1305 3742 in
1327 3697 1400 3744 sese
1422 3675 1638 3746 tristissimas
1660 3700 1790 3767 poenas
1813 3676 1993 3747 derivavit.
2046 3675 2166 3766 Quare
2189 3702 2257 3759 nec

219 3776 338 3849 ocium
363 3789 397 3845 et
420 3776 595 3846 inscitiam
620 3777 787 3847 detestari
811 3778 955 3848 soleret:
980 3772 1038 3846 bic
1060 3775 1215 3846 Basilius
1269 3801 1332 3845 nos
1354 3779 1396 3846 de
1413 3792 1533 3848 nostro
1550 3779 1646 3864 ocio,
1671 3781 1715 3849 de
1730 3779 1900 3850 suavitate
1915 3780 2026 3864 vitae,
2051 3781 2093 3848 de
2107 3778 2255 3862 deliciis,

218 3878 426 3952 Caesaream
455 3892 490 3949 et
520 3879 662 3948 lectoris
690 3881 838 3968 gradum
862 3880 1007 3968 plenum
1031 3879 1214 3968 dignitatis
1269 3881 1327 3949 sed
1354 3882 1397 3948 de
1424 3882 1589 3951 mandato
1613 3881 1680 3952 Dei
1705 3884 1915 3972 cogitemus,
1951 3882 2049 3952 etad
2071 3904 2143 3951 eam
2168 3904 2255 3949 nor-

219 3982 383 4074 reliquit‚
419 4006 464 4050 ne
495 3976 581 4050 haec
609 3982 804 4052 factionum
830 3982 930 4054 initia
955 3983 1069 4052 maius
1092 3984 1214 4050 incen-
1270 4005 1359 4050 mam
1389 3983 1536 4052 consilia
1568 3984 1774 4074 dirigamus.
1834 3980 1910 4055 Etsi
1936 3983 2046 4074 igitur
2067 3983 2260 4053 dulcedine

219 4085 319 4158 dium
342 4083 545 4157 excitarent.
584 4083 686 4161 'Nam
709 4084 774 4153 ubi
798 4085 905 4153 semel
929 4086 1113 4156 distractae
1133 4099 1216 4154 sunt
1271 4085 1462 4174 praesentis
1484 4085 1569 4171 ocii,
1594 4100 1628 4156 et
1648 4087 1818 4156 memoria
1835 4086 2067 4171 iniuriarum,
2092 4109 2180 4178 quas
2197 4109 2263 4153 an-

219 4188 420 4257 voluntates
443 4186 596 4275 partium
620 4184 1214 4272 odiodogmata-facilemutantur.
1270 4201 1322 4256 tea
1357 4188 1402 4256 ab
1428 4183 1606 4280 Episcopo
1634 4203 1831 4279 acceperat,
1871 4189 2101 4273 movebatur,
2140 4202 2260 4258 tamen

219 4285 268 4359 Et
292 4311 388 4355 nunc
413 4283 539 4355 Ariani
562 4299 776 4374 grassantes,
804 4286 1004 4356 occasiones
1028 4289 1216 4376 captabant
1268 4288 1409 4383 utrique
1424 4289 1473 4358 rei
1489 4286 1841 4381 praetulitEcclcsiae
1857 4291 2113 4361 necessitatem.
2163 4289 2263 4360 Scie-

221 4388 350 4456 veneui
369 4410 422 4454 sur
413 4387 627 4477 spargendi
643 4383 1087 4458 rnEcclesraCaesarrensr
1119 4388 1216 4459 Lau·
1269 4392 1352 4463 bat
1341 4416 1379 4460 ru
1394 4389 1551 4464 Ecclesia
1564 4409 1701 4485 gratum
1717 4393 1872 4462 officium
1888 4417 1961 4464 esse
1976 4391 2073 4470 Deo
2099 4417 2151 4486 μη
2166 4417 2263 4486 μνη

221 4492 269 4561 do
290 4487 417 4557 Basrlu
442 4487 649 4571 consilium,
680 4487 760 4580 qui,
788 4512 832 4555 ne
855 4491 1007 4559 atrocius
1028 4490 1215 4560 dissidium
1269 4497 1448 4568 σικακεῒνε
1476 4521 1543 4566 nec
1564 4521 1681 4586 pacem
1704 4495 1813 4563 ullam
1839 4494 2080 4565 diuturnam
2070 4520 2107 4562 ιιι
2130 4497 2262 4584 guber-

222 4592 396 4679 oriretur,
429 4593 552 4661 cedere
573 4591 731 4661 invidiae
754 4589 900 4677 maluit,
927 4616 991 4662 nee
1014 4607 1153 4678 tamen,
1176 4608 1216 4666 ut
1268 4598 1413 4666 natione
1434 4623 1508 4669 esse
1531 4593 1652 4691 posse,
1680 4597 1747 4664 nisi
1771 4598 1910 4688 aliquae
1926 4596 2264 4667 offensionesdtsst

221 4695 328 4769 multi
361 4710 503 4786 putant,
536 4708 655 4787 postea
684 4718 719 4764 se
742 4695 780 4763 in
801 4697 1054 4767 monasterium
1078 4696 1217 4766 ociosus
1270 4699 1469 4787 mulentur,
1502 4725 1542 4769 ac
1563 4700 1709 4769 lenitate
1731 4700 1840 4768 animi
1865 4701 2074 4769 obruantur.
2138 4698 2264 4793 ltaque

221 4797 371 4868 abdidit.
430 4798 527 4870 Vixit
555 4799 616 4867 ille
641 4797 784 4892 quidem
808 4822 888 4867 cum
913 4801 1051 4894 aliquot
1074 4799 1213 4869 audito·
1268 4814 1427 4871 reversus
1459 4804 1614 4894 primum
1647 4802 1818 4893 obsequio
1844 4816 1877 4871 et
1900 4802 2073 4872 suavitate
2095 4802 2142 4871 ita
2169 4804 2265 4872 senis

222 4900 323 4971 ribus
346 4901 382 4970 in
409 4925 562 4988 secessu,
581 4903 643 4995 qui
667 4901 819 4970 distabat
842 4924 860 4969 a
883 4899 1050 4973 Caesarea
1076 4902 1216 4973 circiter
1268 4901 1433 4997 Episcopi
1457 4905 1615 4973 animum
1635 4905 1701 4974 sibi
1721 4904 1897 4988 devinxit,
1922 4917 1961 4973 ut
1977 4905 2163 4973 concordia
2182 4930 2265 4976 vere

222 5002 367 5093 triginta
392 5004 556 5074 miliaria.
623 5003 693 5075 Sed
717 5004 860 5073 interim
887 5004 1020 5074 vicinas
1041 5001 1216 5075 Ecclesiae
1268 5022 1370 5078 etex
1400 5007 1521 5076 animo
1551 5021 1661 5093 sacta,
1695 5031 1879 5098 nunquam
1910 5007 2039 5076 deinde
2068 5007 2265 5079 dissilierit.

220 5107 260 5175 in
284 5103 403 5177 Ponto
426 5128 527 5197 saepe
550 5105 688 5190 adibat,
714 5101 778 5175 bas
803 5109 968 5189 docebat,
993 5110 1216 5196 emendabat,
1267 5103 1500 5179 Adversarios
1523 5136 1606 5181 vero
1629 5110 1811 5180 doctrinae
1825 5109 2053 5200 incorruptae
2068 5124 2165 5179 tanta
2184 5134 2265 5199 gra-

220 5209 404 5281 muniebat
428 5209 594 5277 adversus
620 5210 756 5277 furores
772 5205 926 5278 Arianos
947 5223 982 5280 ct
1004 5210 1104 5280 alios.
1156 5209 1216 5282 Sic
1268 5213 1375 5281 vitate
1404 5213 1588 5299 refutavit,
1622 5227 1663 5285 ut
1686 5227 1720 5282 et
1743 5207 1920 5281 Ecclesiae
1942 5236 2150 5282 consensum
2176 5214 2263 5282 reti-

221 5325 381 5404 tempora
412 5310 650 5403 partiebatur,
681 5323 720 5379 ut
747 5311 834 5380 alias
857 5336 956 5381 suam
978 5313 1213 5383 eruditionem
1265 5329 1385 5402 neret,
1412 5329 1446 5387 et
1467 5316 1570 5411 lupos
1593 5317 1675 5386 illos
1700 5314 1798 5386 brevi
1818 5338 1836 5384 a
1856 5315 1966 5385 caulis
1982 5340 2126 5407 prorsus
2142 5317 2267 5409 depel

221 5414 413 5487 domestica
434 5411 668 5486 meditatione
691 5411 816 5499 aleret,
843 5439 934 5508 quae
954 5439 1000 5487 ne
1023 5414 1215 5507 impedire·
1265 5419 1364 5492 leret.
