4732 6030
76 298 148 374 sot

75 471 197 540 cebras
219 480 411 550 sectamur,
437 463 580 533 interim
603 464 707 533 etiam
724 463 922 533 doctrinam
934 464 980 531 de
1001 488 1064 554 pa-

74 586 177 641 terno
194 571 304 662 ipsius
320 588 400 656 erga
416 589 482 636 nos
496 589 632 649 amore,
665 568 709 633 de
725 565 925 635 obedientia
942 579 1062 635 nostra

75 696 156 762 erga
186 674 318 764 ipsum,
352 671 466 761 deque
496 681 638 738 aeterna
664 668 777 736 salute
803 691 844 737 ac
873 666 1062 738 foelicitate

73 789 193 847 nostra
207 772 312 843 simul
328 764 645 861 apprehendamus.

175 874 294 968 thue
311 895 391 943 eum
414 894 578 940 serenum
600 870 756 954 coelum,
781 893 861 938 cum
882 868 1061 959 tempesti-

72 1002 156 1048 vum
170 978 341 1053 imbrem,
368 997 447 1042 curn
463 973 602 1055 cibum,
627 995 708 1041 cum
728 985 873 1061 potum,
898 995 977 1040 cum
995 970 1061 1038 ho-

72 1103 153 1149 nam
172 1075 432 1157 valetudinem,
462 1096 600 1165 pacem,
626 1074 765 1166 aliaque
782 1073 819 1141 id
838 1095 949 1162 genus
967 1073 1060 1140 vitae

70 1181 264 1270 praesentis
289 1177 473 1246 commoda
503 1177 608 1244 nobis
639 1175 806 1262 largitur:
845 1178 892 1243 ab
912 1169 967 1243 his
988 1175 1059 1242 ele·

69 1283 198 1351 mentis
221 1280 297 1348 vult
325 1301 390 1347 nos
419 1278 602 1366 progredi,
635 1301 675 1346 ac
699 1277 917 1346 voluntatem
947 1299 1059 1359 suam,

67 1381 369 1461 benevolentiam,
412 1379 576 1468 pietatem
609 1393 644 1448 et
681 1378 845 1447 affectum
871 1379 1057 1469 plusquam

67 1499 252 1572 paternum
268 1504 347 1570 erga
363 1504 428 1548 nos
443 1503 642 1569 agnoscere,
666 1494 705 1549 ut
721 1481 852 1548 deinde
868 1493 904 1549 et
915 1494 1056 1550 aeterna

67 1587 162 1653 bona
183 1587 227 1654 ab
250 1586 326 1674 ipso
356 1605 496 1672 sperare
520 1596 626 1674 atque
658 1594 793 1672 petere,
823 1596 928 1674 atque
953 1581 1055 1651 etiam

65 1687 224 1776 accipere
245 1685 431 1755 discamus.
483 1681 533 1753 lta
558 1687 643 1753 dnm
671 1677 944 1767 Arithmeticae,
972 1680 1057 1751 Mu-

65 1789 173 1868 sicae,
200 1786 382 1857 doctrinae
398 1785 442 1853 de
467 1786 621 1854 motibus
637 1786 841 1854 coelestium
858 1809 1057 1877 corporum,

65 1893 109 1955 de
126 1903 252 1959 natura
269 1910 407 1968 rerum,
434 1883 654 1967 Medicinae,
682 1910 835 1969 morum,
860 1886 990 1974 legum,
1018 1910 1056 1953 ac

66 1990 265 2060 officiorum
281 1989 451 2070 civilium,
463 1988 683 2079 aliarumque
698 1987 981 2055 dulcissimarum
998 2011 1052 2053 ar-

63 2092 153 2159 tium
169 2090 388 2172 doctrinam,
416 2084 593 2177 perhanc
618 2088 721 2156 nobis
745 2089 902 2177 linguam
927 2112 1056 2179 suppe-

62 2194 170 2276 ditat,
202 2194 247 2260 ab
274 2191 392 2258 eadem
422 2213 487 2258 nos
512 2212 655 2282 qnoque
678 2190 755 2257 vult
782 2202 899 2280 petere
922 2190 1053 2259 doctri-

61 2318 145 2363 nam
163 2298 206 2363 de
228 2292 380 2362 aeternis
402 2292 474 2359 suis
500 2293 622 2373 bonis,
648 2314 753 2383 quam
772 2316 842 2360 una
864 2316 944 2360 cum
970 2292 1054 2382 ipsis

61 2395 167 2462 bonis
194 2395 298 2464 nobis
326 2393 514 2484 praecipue
537 2392 636 2483 cupit
661 2392 845 2483 impertiri.
902 2391 992 2461 Nam
1015 2409 1053 2463 ut

61 2520 142 2564 vere
166 2511 199 2566 et
220 2497 278 2586 pie
300 2496 388 2562 dixit
409 2496 479 2563 ille.
542 2492 647 2563 Nulla
672 2517 772 2562 mens
802 2489 956 2563 humana
982 2510 1052 2566 tam

60 2620 164 2666 avara
183 2612 217 2667 et
234 2596 360 2686 cupida
382 2609 496 2686 potest
512 2619 585 2663 esse
602 2595 798 2685 accipiendi
821 2598 913 2664 bona
933 2619 950 2663 a
970 2597 1053 2681 Deo,

59 2722 166 2791 quam
183 2701 309 2789 cupida
329 2711 362 2766 et
386 2688 546 2789 prompta
571 2711 622 2766 est
637 2713 761 2766 natura
777 2698 897 2765 divina
921 2701 965 2765 ad
981 2699 1052 2766 lar-

58 2800 241 2888 giendum.
290 2796 381 2868 Cum
398 2799 507 2888 igitur
531 2798 640 2891 isqui
665 2799 788 2880 offert,
812 2801 875 2891 qui
891 2802 975 2868 dare
991 2825 1051 2869 cu-

58 2902 111 2991 pit
131 2901 359 2983 effusissime,
386 2898 585 2990 etquidem
612 2898 751 2965 inlinita
772 2899 887 2981 bona,
913 2916 1050 2989 praesto

57 3004 169 3088 adsit,
195 3019 227 3072 et
246 3016 285 3070 ut
299 2998 523 3089 accipiamus,
552 2993 730 3082 hortetur,
759 2998 899 3083 invitet,
925 3002 1050 3071 obtru-

56 3108 115 3174 dat
131 3104 285 3193 deniqne
302 3098 404 3167 nobis
419 3123 482 3167 sua
498 3099 607 3165 dona:
634 3112 766 3189 quanta
780 3100 888 3169 suerit
905 3104 1049 3172 caecitas

56 3218 196 3286 nostra,
223 3213 356 3293 quanta
377 3199 613 3288 ingratitudo,
640 3201 851 3294 quantisque
867 3226 906 3271 ea
927 3206 1050 3294 poenis

54 3303 292 3375 infernalibus
305 3301 423 3390 digna,
441 3300 471 3369 si
487 3296 583 3369 hunc
598 3313 748 3384 tantum,
765 3316 836 3372 tarn
853 3306 1047 3395 benignum

54 3431 95 3474 ac
126 3403 331 3474 munificum
366 3404 544 3499 datorem,
584 3427 665 3472 cnm
695 3405 768 3473 suis
801 3408 910 3477 tantis
943 3409 1048 3478 donis

53 3505 286 3598 respuamus?

157 3606 227 3679 Sed
250 3630 324 3676 non
342 3607 402 3676 dat
417 3606 479 3674 ille
502 3604 708 3674 nolentibus
728 3630 769 3674 ac
792 3612 1047 3690 recusantibus,

54 3735 128 3780 non
145 3715 203 3779 dat
221 3709 524 3798 contemptoribus
548 3729 693 3774 suorum
711 3707 980 3778 beneficiorum:
1006 3725 1047 3781 ut

52 3814 160 3899 igitur
181 3811 414 3902 accipiamus,
446 3832 573 3900 cupere
600 3830 664 3876 nos
694 3821 727 3877 et
752 3823 869 3899 petere
895 3827 1045 3902 oportet.

50 3908 100 3983 Et
121 3927 256 4005 quanto
283 3910 423 3980 avidius
446 3910 644 4001 cupiemus,
678 3923 810 4000 quanto
838 3912 1046 4004 improbius,

52 4015 125 4083 imo
150 4039 234 4082 vero
257 4027 391 4106 quanto
415 4009 656 4103 importunius
686 4011 913 4097 instabimus,
946 4029 1044 4085 tanto

49 4115 192 4208 plenius
208 4114 269 4180 ille
290 4116 383 4183 bona
401 4114 517 4182 suain
533 4136 599 4182 nos
617 4110 784 4181 effundet.
837 4113 942 4184 Tunc
958 4142 1043 4186 vero

51 4238 178 4306 cupere
213 4236 277 4281 nos
311 4214 567 4300 indicabimus,
607 4237 687 4283 cnm
723 4216 907 4285 coelestem
943 4219 1043 4287 verbi

50 4318 162 4409 ipsius
180 4313 396 4399 doctrinam,
422 4343 511 4410 quae
527 4316 687 4387 omnium
710 4311 840 4385 borum
863 4320 1040 4389 bonorum

48 4420 195 4489 unicum
213 4440 306 4507 penu
321 4432 391 4501 est,
416 4420 593 4499 sitiemus,
619 4442 697 4489 cum
719 4442 793 4486 eam
812 4421 886 4489 dies
903 4436 1042 4493 noctes-

48 4545 118 4615 que
140 4518 410 4601 meditabimur,
435 4520 473 4586 in
497 4544 606 4612 eaque
630 4533 784 4589 mentem
800 4544 840 4590 ac
857 4523 1042 4613 cogitatio-

48 4647 129 4691 nem
148 4622 278 4711 iugiter
294 4621 551 4712 persolvemus.

148 4720 267 4817 Atque
285 4736 326 4793 ut
347 4722 383 4790 id
406 4735 498 4791 recte
521 4746 560 4790 ac
583 4727 767 4794 commode
788 4725 903 4795 lacere
925 4729 1040 4818 possi·

46 4850 145 4905 mus,
179 4823 393 4914 cognitionis
420 4824 496 4892 elus
520 4825 680 4912 linguae,
713 4850 781 4918 qua
810 4852 849 4898 ea
878 4829 1039 4900 doctrina

46 4928 216 5011 traditur,
246 4927 353 4996 nobis
375 4949 465 5017 opus
488 4926 568 4999 erit.
619 4922 709 4993 Nam
732 4927 762 4994 si
782 4930 844 4997 lilii
864 4929 913 5020 pii
934 4945 1039 5024 atque

45 5051 126 5118 erga
156 5042 291 5118 patrem
321 5024 515 5126 εὔστοργοι
545 5027 694 5111 erimus,
727 5051 855 5121 nempe
880 5033 1037 5124 linguam

42 5129 255 5222 pientissimi
274 5130 428 5220 parentis
443 5131 696 5222 discerentque
712 5129 817 5199 etiam
834 5131 978 5220 imitari,
1003 5150 1038 5205 et

44 5235 240 5323 exprimere
257 5232 486 5302 studebimus.

145 5330 323 5405 Prolixior
346 5334 417 5416 fui,
444 5359 549 5427 quam
568 5335 749 5418 volebam,
777 5334 814 5403 in
842 5359 944 5406 cansa
965 5339 1036 5411 mi-

40 5435 140 5506 nime
155 5437 279 5507 dubia:
307 5460 423 5530 neque
434 5437 473 5506 in
488 5436 685 5529 praeseutia
699 5446 779 5506 enm
795 5437 868 5509 illis
881 5438 1035 5527 rixabor,

509 288 666 366 DECL.
701 288 774 363 DE
806 289 1047 364 sruutts
1081 286 1346 363 LlNGUAE
1383 284 1676 361 GRAECAE.

1968 400 1975 413 ὓ
2033 292 2108 368 862

1114 485 1203 555 quos
1227 461 1282 529 vel
1306 485 1406 530 caeca
1430 460 1605 550 cupiditas
1629 481 1709 544 sua,
1741 461 1797 529 vel
1821 484 1921 532 error
1941 486 1960 531 a
1986 477 2105 534 satana

1113 565 1288 647 obiectus,
1314 563 1370 630 vel
1385 563 1528 653 propria
1553 561 1694 630 malicia
1708 586 1748 631 ac
1767 565 1869 633 luror
1886 578 2103 635 transversos

1113 664 1256 756 abripit,
1273 677 1312 733 ut
1325 664 1445 734 omnia
1460 659 1544 733 haec
1555 665 1648 733 dona
1662 664 1783 734 divina
1793 666 1850 734 vel
1865 679 2106 752 contemnant,

1112 769 1170 837 vel
1192 767 1389 856 negligant,
1416 767 1472 834 vel
1493 765 1642 856 superbe
1662 767 1847 837 derideant
1871 769 1995 852 etiam,
2021 770 2104 838 satis

1114 870 1168 939 illi
1184 869 1304 938 miseri
1322 881 1425 947 suut,
1453 884 1487 939 et
1509 891 1706 958 poenarum
1732 869 1893 938 omnium
1915 869 2103 939 maximam

1112 972 1298 1042 sustinent.
1346 968 1438 1041 Sunt
1454 970 1548 1039 enim
1562 971 1718 1061 oppressi
1738 971 1919 1054 caecitate,
1945 972 2101 1042 satanico

1112 1098 1250 1158 errore,
1280 1073 1503 1161 ignoratione
1534 1086 1568 1140 et
1600 1072 1683 1142 odio
1709 1069 1796 1157 Dei,
1832 1087 1937 1167 atque
1961 1086 2102 1143 aeterna

1112 1191 1240 1258 morte,
1267 1175 1396 1266 quibus
1418 1173 1542 1264 poenis
1567 1175 1665 1243 nulla
1689 1198 1734 1242 ne
1754 1178 1846 1266 apud
1872 1176 2005 1246 inferos
2021 1176 2103 1268 qui-'

1111 1282 1189 1347 dem
1208 1277 1361 1347 atrocior
1375 1297 1446 1343 esse
1464 1288 1585 1365 potest.

1192 1378 1261 1450 Sed
1279 1377 1361 1469 quia
1375 1391 1408 1446 et
1422 1378 1465 1445 de
1482 1376 1561 1444 aliis
1574 1376 1771 1468 disciplinis
1785 1380 2000 1448 mentionem
2017 1378 2103 1447 seci-

1111 1505 1207 1564 mus,
1231 1503 1318 1573 quas
1341 1474 1427 1547 haec
1451 1479 1572 1567 lingua
1597 1480 1772 1564 continet,
1799 1483 1844 1549 de
1865 1481 1938 1549 illis
1960 1503 2102 1572 quoque

1109 1582 1243 1676 aliquid
1269 1575 1360 1649 mihi
1382 1581 1629 1670 attingendum
1647 1581 1798 1651 videtur.
1850 1580 2013 1651 Diximus
2031 1581 2102 1648 lin·

1108 1707 1212 1773 guam
1237 1682 1430 1766 Graecam,
1462 1681 1662 1768 magistram
1684 1697 1718 1752 et
1741 1684 1842 1777 quasi
1861 1684 1994 1752 fontem
2019 1706 2102 1766 esse,

1109 1808 1184 1853 non
1201 1797 1339 1855 tantum
1356 1782 1515 1851 coelestis
1533 1783 1734 1868 doctrinae,
1756 1787 1815 1853 sed
1834 1799 1867 1854 et
1884 1786 2103 1876 reliquarum

1108 1886 1259 1969 artium,
1286 1899 1325 1954 ut
1341 1878 1679 1975 pulcherrimarum,
1706 1886 1753 1955 ita
1770 1899 1804 1954 et
1821 1881 2102 1955 vitaehumanae

1108 1991 1196 2056 adeo
1212 1985 1501 2069 necessariarum,
1522 1998 1651 2054 utnon
1667 1981 1724 2054 hic
1738 1992 1798 2054 aer
1814 1986 1869 2053 vel
1886 1986 1977 2074 ignis
1993 1987 2102 2074 magis

1108 2088 1322 2158 necessarius
1348 2088 1405 2156 sit.
1463 2084 1553 2154 Nam
1578 2110 1618 2153 ex
1644 2112 1711 2180 qua
1739 2087 1808 2155 alia
1834 2087 1978 2177 lingua,
2013 2111 2103 2180 quae

1107 2191 1249 2284 quidem
1266 2190 1370 2258 nobis
1386 2201 1468 2256 nota
1483 2209 1556 2256 esse
1570 2200 1693 2278 potest,
1709 2204 1746 2259 tu
1759 2184 1849 2257 mihi
1865 2203 1962 2281 petes
1977 2211 2101 2258 omnes

1107 2317 1197 2383 pene
1212 2305 1328 2382 partes
1345 2285 1620 2380 Philosophiae?
1659 2288 1760 2378 Quae
1778 2291 1872 2359 enim
1887 2292 1976 2375 alia,
2002 2305 2042 2360 ut
2057 2292 2101 2359 de

1106 2389 1163 2462 his
1188 2394 1310 2484 primis
1330 2392 1467 2460 artibus
1482 2392 1624 2459 dicendi
1647 2405 1680 2461 et
1696 2392 1932 2462 ratiocinandi
1957 2394 2026 2461 iam
2047 2405 2101 2461 ta·

1106 2519 1220 2578 ceam,
1245 2490 1351 2562 habet
1366 2494 1577 2561 eruditiores
1598 2506 1659 2561 aut
1683 2495 1894 2562 illustriores
1912 2494 2101 2582 scriptores

1105 2598 1286 2667 doctrinae
1302 2597 1345 2663 de
1360 2594 1515 2664 motibus
1532 2593 1735 2663 coelestium
1751 2595 1948 2674 luminum,
1973 2598 2017 2662 de
2033 2618 2100 2661 na-

1106 2712 1183 2768 tura
1207 2721 1345 2781 rerum,
1372 2698 1415 2764 de
1441 2695 1644 2764 valetudine
1665 2720 1854 2788 corporum
1880 2711 2101 2779 nostrorum,

1105 2826 1144 2868 ac
1158 2799 1324 2868 remediis
1341 2796 1574 2866 morborum?

1207 2899 1260 2969 Ex
1283 2926 1351 2993 qua
1370 2900 1437 2968 alia
1464 2894 1648 2967 historiam
1671 2896 1902 2985 imperiorum
1930 2911 1963 2967 et
1979 2921 2099 2968 rerum

1104 3015 1279 3093 gestarum
1296 3003 1403 3071 totius
1417 3000 1544 3069 mundi
1559 2999 1742 3090 petemus?
1772 2997 1831 3067 An
1844 3022 1918 3069 non
1934 2999 2100 3084 infantes,

1103 3128 1149 3173 an
1167 3127 1240 3171 non
1257 3104 1406 3172 velutin
1424 3104 1531 3170 densa
1548 3099 1698 3187 caligine
1713 3124 1831 3169 rernm
1848 3101 1982 3170 versari
1998 3102 2100 3169 vide-

1103 3205 1245 3289 bimur,
1270 3205 1298 3272 si
1317 3199 1383 3273 hac
1398 3205 1476 3272 luce
1492 3201 1749 3272 destituamur?
1784 3197 1857 3270 Ubi
1873 3202 1967 3270 enim
1986 3197 2099 3272 histo-

1101 3307 1154 3376 ria
1170 3329 1348 3376 sacrorum
1365 3307 1539 3375 librorum
1555 3302 1699 3386 desinit,
1724 3302 1777 3370 ibi
1794 3298 1933 3372 Graeca
1949 3299 2098 3373 historia

1101 3408 1246 3498 incipit,
1280 3423 1313 3476 et
1337 3407 1521 3475 manifeste
1550 3406 1713 3496 adparet,
1745 3403 1916 3491 singulari
1947 3406 2097 3475 consilio

1101 3510 1224 3579 divino
1245 3509 1293 3578 ita
1309 3524 1551 3601 comparatum
1567 3529 1653 3588 esse,
1679 3528 1724 3572 ne
1741 3506 1875 3574 deesset
1890 3506 2010 3593 generi
2029 3500 2096 3574 hu-

1099 3635 1205 3679 mano
1222 3610 1392 3679 continua
1409 3603 1556 3677 historia
1572 3605 1843 3697 praecipuarum
1857 3629 1988 3691 rerum,
2012 3607 2096 3677 inde

1100 3735 1210 3804 usque
1239 3711 1283 3778 ab
1311 3710 1414 3778 initio
1448 3708 1593 3790 mundi,
1630 3709 1727 3774 unde
1758 3705 1864 3775 etiam
1899 3707 2095 3797 primordia

1098 3836 1138 3881 ac
1166 3813 1282 3880 fontes
1309 3834 1412 3879 verae
1438 3808 1620 3897 religionis
1647 3807 1851 3896 investigari
1879 3832 1919 3877 ac
1944 3810 2094 3900 perspici

1098 3926 1255 4004 possent.
1747 3916 1750 3922 '

1198 4011 1295 4081 Haec
1318 4011 1418 4080 nulla
1442 4011 1510 4079 alia
1535 4010 1656 4099 lingua
1677 4010 1897 4099 suppeditat:
1923 4036 2005 4080 nam
2031 4014 2095 4106 qui

1096 4140 1138 4184 ex
1153 4112 1328 4186 Romanis
1350 4113 1551 4183 uberrimus
1567 4125 1637 4197 est,
1665 4109 1810 4194 Livius,
1837 4112 1867 4180 is
1888 4115 1995 4183 unius
2013 4129 2094 4187 tan-

1097 4232 1171 4287 tum
1195 4215 1309 4303 gentis
1331 4212 1515 4285 historiam
1545 4213 1730 4306 pertexuit.
1792 4214 1933 4284 Caeteri
1962 4216 2092 4307 partim

1095 4319 1234 4397 mutili,
1278 4319 1407 4409 partim
1450 4319 1553 4386 etiam
1597 4315 1733 4385 indocti
1775 4316 1959 4409 ineptique
1998 4331 2093 4392 sunt.

1095 4419 1230 4509 Quanti
1246 4444 1330 4488 vero
1345 4421 1482 4503 reserat,
1506 4419 1611 4489 etiarn
1628 4421 1672 4488 ad
1690 4429 1782 4486 recte
1798 4418 2031 4490 iudicandum
2048 4423 2092 4489 de

1094 4545 1178 4592 sana
1194 4523 1354 4594 doctrina
1368 4523 1570 4610 religionis,
1596 4524 1640 4591 ad
1654 4520 1888 4589 erudiendam
1904 4535 1939 4590 et
1960 4523 2092 4591 confir-

1094 4627 1259 4695 mandam
1275 4625 1545 4703 conscientiam,
1572 4624 1749 4708 integrum
1773 4645 1905 4712 corpus
1922 4618 2092 4693 historiae

1093 4728 1218 4797 mundi
1238 4730 1285 4795 ob
1306 4726 1429 4794 oculos
1452 4719 1600 4792 babere:
1636 4724 1672 4792 id
1698 4722 1751 4789 illi
1779 4735 1935 4802 norunt,
1963 4724 2024 4816 qui
2051 4725 2090 4793 in

1091 4829 1308 4919 explicandis
1325 4827 1400 4895 eius
1422 4827 1604 4896 doctrinae
1620 4824 1871 4894 controversiis
1891 4841 2089 4900 versantur.

1091 4926 1193 5001 Certe
1214 4928 1350 5020 ingenti
1372 4930 1451 4999 luce
1473 4928 1511 4995 in
1531 4926 1700 4996 omnibus
1722 4925 1829 4995 rebus
1844 4926 2089 4999 diiudicandis

1090 5032 1339 5117 destituamur,
1365 5033 1393 5099 si
1409 5027 1474 5101 hac
1493 5029 1717 5123 antiquitatis
1736 5028 1867 5096 noticia
1893 5053 2088 5103 careamus.

1089 5149 1128 5204 ut
1151 5147 1300 5215 taceam,
1327 5135 1422 5228 quod
1442 5134 1513 5201 vita
1543 5127 1696 5200 bumana
1718 5129 1756 5196 iu
1776 5130 1982 5201 vrriiversum
2007 5134 2084 5200 sine

1088 5236 1290 5325 cognitione
1307 5231 1487 5319 historiae,
1513 5233 1610 5303 aliud
1628 5227 1721 5301 nibil
1736 5245 1797 5314 est,
1824 5257 1942 5326 qnam,
1968 5247 2008 5303 nt
2021 5234 2083 5301 ille

1087 5339 1155 5418 ait,
1181 5336 1356 5428 Perpetua
1374 5340 1545 5432 quaedam
1564 5336 1736 5427 pueritia,
1763 5333 1835 5403 imo
1851 5359 1935 5403 vero
1958 5358 2081 5424 perpe-

1086 5456 1144 5511 tua
1159 5440 1271 5529 caligo
1287 5464 1327 5510 ac
1340 5440 1499 5511 caecitas.
