4732 6030
158 274 234 351 889

159 448 316 517 dimenta
341 447 455 516 luctus
479 447 586 516 etiam
607 447 801 527 aeceeserit.
853 443 923 515 Sed
947 467 1009 512 oro
1027 441 1155 523 Deum,

156 564 197 619 ut
223 564 257 620 et
278 572 343 617 nos
367 550 462 639 ipsos
476 548 662 640 impositos
678 564 814 639 petrae,
840 547 974 616 scilieet
989 545 1063 614 blio
1078 567 1153 621 suo,

157 650 315 721 Domino
347 664 468 719 nostro
499 645 577 719 lesu
605 644 770 730 Christo,
816 660 1005 730 sustentet,
1047 658 1154 734 regat,

157 765 287 838 servet,
313 777 378 823 nee
401 752 494 821 sinat
515 752 649 821 diaboli
664 753 847 823 furoribus
861 749 1024 841 dissipari
1042 743 1153 818 lione-

156 869 228 926 stos
243 870 381 939 coetus,
407 857 444 921 in
463 855 592 945 quibus
608 856 769 925 doctriua
788 852 975 942 Evangelii
1002 865 1034 921 et
1061 851 1153 918 alia-

157 982 236 1027 rum
251 958 399 1036 artium,
426 979 515 1048 quac
526 953 701 1027 Ecclesiae
715 956 931 1026 necessariae
947 967 1042 1036 sunt,
1071 976 1151 1043 pro-

157 1072 339 1149 pagantur.
394 1055 489 1128 Dixi.

473 270 632 347 DECL.
666 270 739 347 DE
774 267 975 347 DlC'I'O:
1010 263 1227 353 PATER,
1260 261 1624 338 saucrlutca
1655 258 1767 336 EOS
1794 280 1878 335 nuc.

2120 255 2197 333 890

1209 434 1301 525 patri
1316 431 1529 525 Ecclesiam,
1557 450 1590 505 et
1609 461 1673 526 pro
1691 459 1730 504 ea
1747 433 1957 505 sacrificium
1977 436 2071 527 quod
2088 435 2203 505 sactu·

1209 562 1269 607 rus
1286 552 1355 622 est,
1381 539 1545 629 adplicat.
1598 536 1646 608 Et
1667 539 1810 631 quidem
1837 536 2092 627 sapientissime
2115 535 2203 626 petit

1207 663 1263 708 res
1278 663 1449 709 summas:
1477 642 1630 731 primum
1647 655 1687 709 ut
1701 637 1894 710 Ecclesiam
1911 638 2066 731 aliquam
2084 663 2125 708 ex
2141 661 2201 727 ge-

1206 764 1292 810 nere
1306 737 1463 812 hnmano
1481 767 1565 812 voce
1583 740 1770 832 Evangelii
1795 742 1953 830 colligat,
1987 764 2092 833 quam
2116 764 2201 831 pro-

1205 858 1285 934 pter
1298 840 1388 913 banc
1403 840 1555 927 hostiam
1570 846 1682 936 recipi
1696 858 1784 916 orat.
1812 842 2045 916 Deindeutin
2055 837 2199 913 bacEc-

1205 946 1309 1015 clesia
1326 947 1372 1016 sit
1387 962 1574 1037 perpetuus
1595 971 1803 1032 consensus,
1830 959 1864 1016 et
1878 946 1978 1014 firma
1996 945 2198 1029 concordia,

1204 1048 1381 1139 copulatis
1397 1051 1558 1118 omnium
1575 1050 1704 1118 animis
1727 1050 1834 1119 unius
1857 1048 2037 1118 doctrinae
2059 1047 2198 1117 confes—

1132 1148 1137 1156 '
1205 1149 1314 1219 sione.
1368 1150 1509 1236 Tertio,
1530 1166 1571 1222 ut
1587 1148 1681 1220 hunc
1695 1167 1831 1221 coetum
1847 1152 2012 1220 eductum
2030 1173 2072 1217 ex
2087 1143 2196 1220 huius

161 1280 791 1292 —————-—-0.0---.--—0----.
800 1281 819 1288 --
829 1282 835 1287 .
853 1280 896 1289 .,...
925 1280 1011 1289 ...Μ
1022 1276 1151 1287 ..u-...a

168 1438 234 1513 No.
253 1440 337 1510 112.

973 1466 1000 1508 a.
1030 1443 1124 1508 1560.

168 1534 338 1564 ww
941 1534 1143 1562 saw„

56 1766 58 1772 ,
181 1674 257 1758 De
284 1673 426 1757 dicto:
469 1671 635 1772 Pater,
664 1665 905 1782 sanctifica
935 1699 1010 1758 eos
1040 1685 1121 1758 cto.

225 1855 255 1908 lu
278 1853 370 1908 select.
391 1851 545 1906 Declamat.
567 1850 601 1904 Τ.
613 1848 662 1907 ΙΙΙ.
688 1869 715 1922 p.
730 1851 781 1903 618
795 1870 876 1923 sqq„
913 1853 1029 1906 Servent.
1054 1854 1088 1910 T.
1100 1852 1149 1909 lll.

274 1924 354 1976 ‚492
375 1918 500 1976 Richard.
530 1912 626 1976 T.lll.
656 1938 682 1989 p.
704 1922 758 1973 529
777 1931 803 1973 et
825 1921 852 1972 ln
872 1920 1148 1979 TomentErford.

255 1943 295 2045 lit.
313 1991 359 2056 dd,
383 1995 404 2047 l.
448 1987 513 2042 ltem
528 1991 555 2042 in
571 1988 684 2058 Georgii
699 1987 836 2059 Principis
851 1989 989 2045 Anbaltini
1004 1991 1149 2044 concioni·

254 2063 305 2114 bus
319 2070 345 2113 et
357 2059 464 2129 scriptis
482 2079 508 2128 p.
523 2057 605 2111 Ι1391).
643 2060 688 2111 Est
702 2058 776 2110 enim
791 2060 880 2111 oratio
899 2058 1047 2131 synodica,
1076 2061 1147 2115 reci·

255 2140 337 2250 tptaqa
358 2126 561 2247 Georglofigeria
577 2128 613 2180 ll.
627 2137 688 2197 post
699 2125 778 2179 Trin.
793 2147 819 2180 a.
837 2128 911 2181 1550.
932 2127 997 2182 coll.
1018 2128 1066 2199 Ep.
1084 2130 1147 2182 Mel¹

279 2239 286 2253 .
318 2199 344 2252 6.
360 2197 475 2249 Meliti
514 2235 521 2250 .

155 2364 285 2433 (trotio
331 2350 556 2454 [synodico]
590 2355 638 2428 de
669 2355 770 2428 dieto
805 2354 967 2432 Christi:
1017 2364 1149 2453 Pater,

285 2456 489 2556 sanctifico
513 2481 577 2532 eos
599 2463 639 2530 s‘n
659 2463 843 2554 veritate,
875 2466 928 2534 Io.
951 2459 1010 2537 lt.

154 2614 247 2696 'l'ibt
270 2620 367 2696 Deus
397 2624 641 2716 omnipotens,
692 2638 833 2696 aeterne
869 2641 967 2719 pater
997 2628 1147 2701 Domini

154 2726 268 2798 nostri
283 2724 362 2796 lesu
377 2721 535 2817 Christi,
559 2726 724 2797 eonditor
743 2729 832 2799 coeli
847 2743 883 2801 et
901 2744 1015 2800 terrae
1030 2746 1065 2802 et
1079 2725 1148 2800 bo-

153 2829 311 2908 minum,
355 2842 389 2897 et
410 2828 563 2896 aliarum
586 2843 843 2914 creaturarum,
875 2856 1047 2903 unacum
1072 2833 1147 2904 filio
1184 2892 1187 2897 .

151 2949 225 3018 tuo,
243 2929 400 3000 Domino
416 2929 625 2998 nostrolesu
636 2923 792 3012 Christo,
817 2945 851 3000 et
860 2929 997 3022 Spiritu
1012 2950 1147 3021 sancto,

152 3032 283 3125 gratias
304 3028 458 3116 agimus,
493 3029 589 3120 quod
614 3022 786 3098 hacteuus
801 3027 994 3104 Ecclesiam
1018 3035 1084 3105 tibi
1109 3039 1146 3106 in

151 3130 210 3201 his
225 3128 431 3220 regionibus
447 3129 602 3218 colligis,
629 3143 662 3199 et
677 3155 797 3221 pacem
813 3146 847 3204 et
866 3135 936 3205 alia
956 3139 1049 3207 bona
1075 3137 1147 3207 lar-

152 3233 255 3326 giris:
283 3246 387 3325 teque
401 3231 576 3323 supplices
596 3243 630 3302 et
651 3234 858 3304 ardentibus
879 3239 970 3308 votis
991 3263 1147 3325 oramus,

152 3351 194 3407 ut
210 3347 381 3430 perpetuo
396 3335 500 3403 nobis
511 3332 615 3418 adsis,
637 3329 887 3408 haereditatem
903 3340 977 3411 lilio
993 3355 1055 3412 tuo
1072 3343 1145 3412 col-

154 3440 263 3530 ligas,
291 3450 325 3507 et
341 3430 495 3526 hospitia
511 3432 690 3504 Ecclesiae
708 3452 882 3531 protegas.

256 3554 362 3630 Scitis
383 3567 503 3624 autem
529 3546 807 3627 vetustissimum
830 3582 967 3631 morem
989 3556 1146 3632 esseEc·

153 3660 296 3744 clesiae,
329 3671 365 3728 et
385 3656 487 3728 valde
509 3655 653 3737 utilem,
692 3660 883 3730 convenire
905 3661 950 3730 ad
973 3648 1147 3751 legitimas

153 3764 326 3861 synodos,
363 3771 405 3828 nt
427 3757 588 3828 doctrina
613 3772 648 3830 et
671 3782 788 3830 mores
817 3759 1074 3854 inspiciantur,
1112 3776 1146 3833 et

72 3919 81 3937 .
152 3861 397 3940 consensusiu
413 3884 495 3929 vera
520 3859 682 3931 doctrina
706 3879 952 3951 conservetur,
985 3878 1019 3935 et
1038 3864 1145 3937 disci-

152 3968 251 4061 plina
268 3961 493 4035 mediocriter
507 3974 659 4050 regatur.
709 3960 781 4034 Hic
794 3989 872 4037 mos
890 3963 960 4036 Dei
975 3964 1145 4058 beneficio

153 4067 344 4162 quotannis
359 4089 378 4135 a
393 4062 498 4135 nobis
514 4064 718 4138 observatus
743 4082 814 4153 est,
841 4081 877 4139 et
899 4068 1058 4139 laborem
1077 4092 1147 4138 no·

153 4185 264 4243 strum
288 4165 457 4239 Ecclesiis
479 4165 674 4259 profuisse,
707 4181 741 4238 et
760 4165 837 4240 Deo
864 4188 1003 4261 gratum
1029 4171 1146 4254 fuisse,

152 4292 267 4365 spero.
321 4266 469 4338 Necesse
494 4283 546 4340 est
569 4280 686 4339 autem
707 4268 748 4339 in
771 4266 828 4343 his
850 4271 1095 4365 congressibus
1110 4287 1146 4343 et

152 4371 283 4465 gratias
297 4392 397 4460 agere
413 4367 509 4457 Deo,
535 4385 569 4443 et
583 4373 718 4463 precari
742 4386 784 4444 ut
808 4389 924 4447 servet
939 4370 1148 4461 Ecclesiam,

152 4488 189 4546 et
203 4473 351 4544 recitare
370 4472 561 4543 sententias
578 4474 734 4577 aliqpas,
759 4489 836 4548 tum
860 4479 904 4547 ad
930 4477 1148 4549 consolatio-

151 4601 252 4662 nem,
277 4589 354 4647 tum
368 4573 413 4643 ad
427 4576 802 4649 commonefactionem
818 4581 1112 4656 accommodatas.

256 4690 379 4787 ltaque
395 4714 477 4762 cum
492 4693 694 4784 saepissime
710 4697 781 4768 iam
800 4697 950 4790 cogitem
970 4699 1146 4771 ardentis-

153 4798 278 4868 simam
301 4794 541 4888 precationem
564 4794 630 4863 filii
644 4793 731 4884 Dei,
762 4826 869 4894 quam
891 4802 1015 4872 recitat
1038 4802 1147 4891 paulo

151 4912 234 4971 ante
266 4913 439 4981 mortem,
476 4896 613 4989 sumpsi
636 4896 721 4968 inde
752 4895 838 4974 baec
865 4904 989 4975 verba:
1030 4901 1148 4989 Pater,

152 5000 327 5073 sanctifica
359 5025 419 5072 eos
446 4998 486 5071 in
521 5000 669 5071 veritate
701 5014 783 5089 tua,
830 5027 946 5109 sermo
980 5019 1065 5077 tuus
1095 5019 1148 5075 est

150 5104 292 5177 veritas.

253 5219 401 5311 Semper
414 5222 452 5290 in
467 5236 657 5314 conspectu
672 5244 745 5290 esse
770 5234 879 5292 totam
903 5224 1001 5295 illam
1024 5248 1148 5316 preca-

1205 1252 1298 1321 vitae
1319 1276 1471 1337 merere,
1497 1269 1598 1323 ornet
1616 1255 1767 1324 aeternis
1786 1255 1889 1324 bonis
1904 1265 1939 1321 et
1954 1250 2096 1322 coelesti
2110 1274 2196 1321 con·

1205 1354 1412 1443 suetudine,
1438 1355 1477 1422 in
1494 1380 1565 1447 qua
1582 1380 1698 1424 eoram
1716 1357 1878 1425 fruamur
1904 1364 2112 1444 conspectu,
2137 1374 2194 1423 aa·

1144 1544 1149 1552 .
1205 1455 1337 1547 pientia
1354 1471 1388 1527 et
1404 1459 1561 1527 bonitate
1577 1455 1656 1531 Dei.
1695 1455 1923 1528 Considerate
1939 1480 2068 1548 quaeso
2087 1451 2194 1526 huius

1204 1559 1317 1627 nostri
1342 1561 1512 1646 oratoris,
1544 1573 1579 1630 et
1603 1560 1734 1629 summi
1755 1560 1945 1629 sacerdotis
1973 1557 2193 1648 sapientiam.
2314 1614 2318 1621 .

1204 1656 1279 1732 Res
1303 1662 1493 1743 maximas,
1524 1674 1558 1730 et
1580 1665 1732 1732 maxime
1754 1662 1966 1732 necessarias
1990 1661 2028 1727 in
2051 1659 2113 1728 illa
2134 1681 2194 1728 so·

1202 1761 1302 1832 lenni
1324 1763 1495 1852 petitione
1516 1765 1782 1853 complectitur,
1808 1787 1898 1856 quae
1913 1762 2055 1854 quidem
2070 1760 2193 1829 multis

1202 1865 1247 1932 de
1271 1864 1384 1932 causis
1404 1865 1533 1954 scripta
1558 1879 1621 1937 est.
1674 1864 1833 1936 Primum
1855 1866 1943 1933 scire
1961 1886 2027 1932 nos
2045 1875 2195 1953 oportet,

1202 1959 1287 2033 haec
1301 1989 1437 2034 summa
1452 1967 1546 2035 bona
1567 1980 1734 2060 tanquam
1752 1962 2003 2034 haereditatem
2028 1964 2133 2033 nobis
2154 1963 2194 2031 in

1201 2081 1412 2138 testamento
1435 2069 1481 2136 ab
1497 2083 1642 2139 aeterno
1665 2083 1764 2159 patre
1786 2068 1892 2158 petita
1914 2089 2007 2150 esse,
2039 2081 2073 2135 ct
2096 2080 2192 2135 certo

1202 2170 1306 2240 nobis
1321 2171 1479 2238 attribui.
1531 2169 1621 2240 Nam
1638 2167 1723 2240 haec
1737 2171 1895 2241 solennis
1910 2168 2034 2261 petitio
2048 2167 2115 2235 filii
2128 2190 2192 2235 ne-

1202 2295 1382 2365 quaquam
1403 2272 1506 2343 irrita
1536 2287 1604 2357 est,
1643 2299 1722 2343 cum
1742 2273 1886 2366 quidem
1907 2286 2027 2363 postea
2053 2284 2086 2343 et
2112 2293 2192 2342 san-

1201 2375 1308 2464 guine
1323 2376 1398 2443 eius
1414 2370 1481 2444 hoc
1497 2389 1745 2447 testamentum
1763 2377 2003 2447 confirmetur.

1304 2472 1442 2544 Deinde
1465 2479 1542 2547 vult
1565 2477 1603 2545 in
1624 2478 1730 2548 nobis
1751 2503 1894 2573 quoque
1916 2479 2106 2548 accendere
2130 2498 2193 2544 cu-

1201 2579 1432 2668 competendi
1447 2592 1481 2648 et
1500 2579 1676 2649 retinendi
1692 2574 1779 2648 haec
1799 2583 1911 2664 bona,
1936 2579 2014 2649 vult
2037 2601 2102 2646 nos
2124 2601 2192 2646 uo-

1200 2692 1272 2748 stra
1290 2693 1389 2763 vota,
1415 2695 1556 2753 nostros
1569 2683 1720 2771 gemitus
1735 2699 1905 2774 perpetuo
1921 2684 1965 2751 ad
1983 2704 2083 2750 suam
2098 2677 2190 2771 peti·

1201 2781 1333 2850 tionem
1349 2783 1559 2872 adiungere,
1584 2809 1690 2878 quam
1710 2786 1854 2878 quidem
1880 2808 1955 2854 non
1974 2775 2081 2861 semel
2104 2795 2190 2852 tunc

1199 2883 1380 2968 recitavit,
1404 2888 1464 2954 scd
1488 2882 1572 2956 haec
1593 2901 1645 2957 est
1667 2887 1743 2956 eius
1763 2901 1931 2980 perpetua
1951 2910 2031 2959 vox.
2084 2881 2191 2953 Tunc

1199 3010 1280 3056 eum
1293 3000 1490 3077 prostratus
1506 3010 1626 3059 eoram
1646 2988 1738 3060 irato
1758 3003 1857 3082 patre
1878 2991 2084 3078 deprecator
2100 2996 2191 3055 esset

1200 3112 1264 3180 pro
1287 3085 1405 3157 Adam
1437 3105 1471 3161 et
1489 3088 1609 3174 Heva,
1647 3115 1790 3161 exorsus
1816 3103 1869 3161 est
1895 3086 1988 3160 bane
2018 3086 2191 3180 precatio·

1200 3213 1298 3257 nem:
1325 3204 1360 3261 et
1374 3214 1471 3261 nunc
1486 3194 1525 3261 in
1542 3192 1605 3261 illo
1623 3217 1752 3265 arcano
1767 3195 1918 3264 consilio
1934 3193 2077 3282 placans
2100 3188 2191 3258 iram

1199 3293 1332 3362 aeterni
1346 3294 1456 3384 patris
1473 3318 1537 3382 pro
1553 3289 1619 3364 hac
1640 3318 1848 3365 aerumnosa
1861 3290 2036 3378 Ecclesia,
2069 3292 2107 3360 in
2125 3285 2192 3359 hae

1199 3394 1372 3464 delirante
1387 3410 1525 3466 senecta
1542 3397 1689 3485 mundi,
1715 3400 1864 3467 eandem
1882 3397 2089 3487 petitionem
2104 3391 2192 3463 assi·

1198 3498 1268 3566 due
1281 3497 1421 3587 repetit.

1207 3656 1215 3669 .
1299 3593 1359 3667 Ad
1375 3593 1468 3683 bane
1483 3598 1594 3687 igitur
1609 3608 1815 3689 perpetuam
1833 3612 1929 3670 tuam
1954 3597 2192 3688 precationem
2275 3628 2286 3647 ·

1198 3698 1427 3787 adiungimus
1458 3712 1579 3768 nostra
1619 3712 1699 3769 vota
1738 3714 1774 3771 et
1806 3697 2006 3794 lachrymas
2040 3712 2191 3782 nostras,

1197 3796 1277 3869 Iesu
1293 3795 1452 3886 Christe,
1475 3800 1528 3870 fili
1546 3796 1636 3880 Dei,
1662 3802 1836 3874 mediator
1861 3816 1896 3873 et
1915 3825 2052 3872 summe
2075 3823 2190 3871 sacer-

1199 3901 1283 3997 dos,
1308 3922 1348 3969 ac
1365 3908 1482 3972 tecum
1498 3924 1643 3972 oramus
1665 3915 1847 3973 aeternnm
1873 3916 2028 3996 patrem,
2051 3926 2192 3994 semper

1199 4015 1241 4072 ut
1263 4001 1359 4071 inter
1378 4025 1446 4072 nos
1467 3998 1663 4073 Ecclesiam
1684 4019 1831 4096 propter
1852 3997 1954 4077 tuum
1977 4005 2191 4076 sacrificium

1200 4102 1360 4194 colligat,
1388 4118 1423 4176 et
1436 4105 1598 4176 omnium
1614 4121 1750 4178 mentes
1770 4120 1805 4177 et
1828 4109 2028 4180 voluntates
2052 4107 2191 4177 confes-

1199 4206 1300 4278 sione
1315 4230 1420 4277 verae
1433 4208 1630 4294 doctrinae,
1655 4223 1689 4280 et
1703 4232 1785 4280 vera
1799 4211 2025 4281 invocatione
2039 4209 2192 4301 copulet,

1199 4320 1241 4381 ut
1264 4332 1347 4379 vere
1367 4333 1480 4381 unum
1504 4311 1615 4381 simus
1637 4309 1678 4381 in
1693 4309 1792 4398 Deo,
1816 4328 1851 4385 et
1866 4314 2009 4384 tandem
2023 4312 2200 4383 liberatos

1114 4462 1125 4481 .
1199 4413 1326 4483 educat
1340 4412 1380 4482 in
1394 4412 1688 4484 consuetudinem
1704 4429 1816 4488 tuam.

1300 4511 1399 4587 Haec
1415 4540 1639 4611 nequaquam
1655 4517 1785 4587 fidncia
1801 4517 1901 4589 illius
1916 4530 2057 4587 nostrae
2074 4512 2191 4583 virtu-

1199 4614 1246 4686 tis
1260 4617 1432 4707 petimus,
1451 4620 1513 4687 sed
1537 4621 1580 4688 ad
1605 4632 1639 4688 te
1659 4620 1920 4708 confugientes,
1948 4633 2008 4690 tua
2024 4619 2193 4708 depreca-

1199 4718 1298 4787 tione
1318 4719 1536 4789 conbdentes
1559 4721 1604 4788 ad
1626 4735 1810 4790 aeternum
1833 4735 1967 4810 patrem
1984 4718 2194 4803 accedimus,

1200 4833 1234 4890 te
1249 4819 1415 4890 volumus
1428 4814 1515 4892 baec
1528 4835 1651 4892 nostra
1666 4835 1749 4892 vota
1761 4846 1842 4892 cum
1860 4822 1930 4892 tuis
1947 4824 1991 4892 ad
2008 4835 2192 4892 aeteruum

1199 4935 1335 5012 patrem
1349 4924 1502 4995 adferre.
1551 4921 1722 4993 Tuenim
1737 4925 1860 4994 eadem
1883 4925 2019 5017 precari
2033 4946 2100 4993 nos
2117 4923 2192 4992 ius-
2280 4930 2283 4934 ’

1200 5023 1287 5095 sisti.
1338 5021 1385 5097 Et
1400 5026 1545 5120 quidem
1563 5025 1603 5093 in
1618 5024 1680 5094 illa
1698 5025 1772 5116 ipsa
1793 5040 1852 5097 tua
1875 5028 2015 5098 solenni
2031 5024 2196 5095 oratione

1200 5120 1286 5197 baec
1302 5130 1409 5197 verba
1430 5126 1548 5197 addis:
1576 5126 1632 5200 Sit
1646 5127 1685 5196 in
1703 5129 1753 5198 eis
1767 5130 1910 5202 dilectio
1935 5155 2005 5224 qua
2027 5150 2085 5196 me
2108 5124 2194 5195 dili·

1200 5227 1265 5317 gis.
1313 5229 1411 5303 Petis
1424 5243 1466 5302 ut
1479 5230 1735 5321 complectatur
1750 5256 1816 5301 nos
1834 5247 1997 5304 aeternus
2014 5227 2121 5299 Pater
2134 5249 2195 5297 eo-

149 5327 286 5398 tionem
301 5323 389 5393 utile
405 5336 467 5408 est,
491 5324 531 5393 in
544 5350 613 5418 qua
629 5323 808 5410 filiusDei,
829 5349 910 5395 cum
927 5328 972 5399 sit
986 5351 1147 5399 summus
1200 5330 1283 5400 dem
1307 5356 1445 5418 amore,
1487 5356 1560 5426 qno
1583 5345 1618 5401 te
1638 5332 1752 5404 lilium
1775 5334 2028 5426 complectitur.
2098 5327 2198 5419 Quid

150 5428 330 5510 sacerdos,
363 5425 572 5498 solennibus
599 5428 719 5500 verbis
746 5431 971 5502 commendat
998 5445 1144 5502 aeterno
1201 5433 1276 5526 peti
1288 5435 1403 5506 maius
1417 5435 1560 5527 potuit?
1582 5448 1645 5507 aut
1667 5460 1757 5530 quae
1780 5450 1895 5528 potest
1912 5433 2088 5506 illustrior
2101 5432 2198 5524 cogi·
