4732 6030
147 258 226 336 485
675 256 836 339 DECL.
868 259 942 335 DE
984 251 1321 335 EMENDATO
1360 252 1678 341 LATRONE.
1769 312 1777 327 ·
2104 279 2180 355 486

145 432 428 506 ,umqibjdfnum
452 454 493 503 ὃς
517 430 801 525 parricidiorum.
837 429 934 504 Haec
948 456 1031 504 vera
1049 452 1134 518 esse,
1188 427 1253 498 diu
1276 428 1427 513 florent,
1460 444 1502 502 ut
1526 428 1740 527 Dionysius,
1764 437 1879 529 Nero,
1903 460 1936 516 et
1953 448 2082 521 similia
2097 477 2182 544 por-

144 561 190 607 ne
205 536 271 626 ipsi
289 533 432 627 quidem
458 556 586 623 negare
609 548 769 627 possunt.
819 532 892 604 Nec
910 535 1019 605 ullius
1035 546 1132 605 tanta
1188 541 1297 599 tenta
1312 531 1522 625 aliquandiu
1538 551 1750 625 regnarunt,
1776 555 1893 614 tamen
1912 550 2024 622 exitus
2038 553 2183 628 fuerunt

144 650 194 707 est
216 635 436 728 eloquentia,
469 630 555 705 haec
584 649 624 706 ut
650 659 813 705 excusare
844 637 901 704 vel
920 637 959 705 in
982 637 1131 727 speciem
1183 630 1329 719 tragici.
1377 628 1425 703 Et
1447 634 1589 703 interim
1613 639 1716 708 multi
1738 665 1868 732 poenas
1887 649 2180 727 dederuntfami-

143 749 259 830 queat.
319 734 438 808 Tonet
459 736 544 805 licet
564 759 604 807 ac
625 736 775 807 fulmina
792 750 955 829 torqueat
969 735 1133 818 Pericles,
1185 730 1347 802 liaritatis
1372 734 1541 824 ipsorum.
1597 735 1759 811 Pendent
1781 770 1852 815 una
1880 773 2002 822 omnes
2031 760 2174 849 tyranni

142 851 183 908 ut
204 836 406 922 dicebatur,
437 849 554 907 tamen
576 837 615 904 in
636 832 703 906 hac
718 861 820 908 causa
843 840 970 908 veritas
986 840 1033 907 ita
1053 862 1133 927 per·
1183 832 1222 900 in
1241 855 1343 902 cruce
1357 835 1522 906 maledici
1541 838 1707 927 latronis,
1733 846 1797 913 etsi
1821 849 1995 923 cnteiatus
2011 860 2175 929 nondum

142 938 260 1030 ,piena
276 950 347 1016 ea,
374 950 414 1008 u,
437 961 510 1008 non
530 932 721 1029 ming,
736 935 835 1031 ἥττω
853 931 965 1037 λόγον
978 935 1132 1032 κρείττω
1184 956 1307 1003 omnes
1337 936 1504 1011 sentiunt.
1563 937 1675 1010 Nemo
1705 967 1812 1015 sanus
1833 949 1985 1022 libenter
2016 973 2176 1030 versatur

141 1040 270 1113 ποιεῖν.
328 1037 496 1109 viderim
516 1039 624 1128 igin„
644 1039 716 1130 pii,
749 1064 794 1109 „e
821 1062 857 1108 ,e
884 1044 928 1109 ad
953 1051 1131 1110 tantorum
1183 1035 1277 1124 apud
1310 1058 1408 1127 eum,
1441 1063 1547 1131 quem
1575 1042 1639 1112 scit
1669 1043 1835 1117 iniustam
1867 1056 2007 1123 caedem
2041 1058 2173 1145 fecisse.

141 1140 313 1210 „equum
337 1139 538 1210 societatem
560 1141 766 1229 adiungam,
823 1138 989 1231 Cogitant
1017 1164 1132 1211 exem·
1184 1133 1329 1222 Quanto
1353 1139 1463 1226 magis
1483 1141 1542 1211 isti
1565 1144 1723 1232 fugiendi
1746 1165 1830 1222 sunt
1859 1178 2010 1246 quorum
2038 1174 2173 1237 mentes

140 1242 240 1331 plurn
263 1240 440 1310 emendati
466 1241 635 1321 latronis,
669 1243 857 1312 ostendant
882 1266 986 1321 voce,
1020 1242 1132 1311 literis
1183 1237 1440 1307 contaminatae
1467 1254 1550 1311 sunt
1576 1242 1811 1335 idolomania,
1843 1254 1963 1344 lingua
1995 1261 2172 1350 periuriis,

142 1354 177 1411 et
200 1340 344 1410 caeteris
365 1340 507 1422 officiis,
534 1362 572 1410 se
594 1354 669 1412 toto
692 1342 813 1410 animo
829 1344 873 1410 ab
896 1343 955 1411 illa
970 1343 1130 1431 gigantea
1182 1359 1309 1406 manus
1331 1338 1488 1409 imbutae
1510 1366 1635 1413 cruore
1656 1346 1817 1436 piorum,
1855 1369 1988 1429 caetera
2012 1364 2172 1436 membra

143 1441 322 1531 impietate
336 1434 546 1527 abhorrere,
572 1465 608 1511 se
623 1441 720 1511 nolle
733 1443 960 1514 administros
985 1467 1058 1512 csse
1074 1445 1130 1513 su.
1183 1452 1411 1528 conspurcata
1431 1441 1655 1515 libidinibus.
1706 1445 1760 1518 Ac
1777 1465 1816 1522 ut
1832 1455 1876 1525 de
1893 1457 1972 1530 aliis
1987 1464 2172 1537 obscurio·

141 1541 232 1611 rori,
255 1539 518 1616 iffiuffliaboq·
569 1541 659 1612 Nm,
684 1542 744 1611 511,
760 1545 891 1613 ,cetera
910 1568 983 1614 „00
999 1545 1044 1613 ab
1061 1539 1130 1613 hu.
1182 1538 1282 1608 ribus
1304 1539 1493 1613 sceleribus
1524 1568 1599 1616 non
1621 1548 1755 1631 dicam,
1789 1556 1868 1645 quis
1889 1581 1995 1632 sarens
2018 1567 2112 1639 volet
2133 1591 2171 1639 se

141 1642 254 1711 manis
286 1643 458 1732 ingeniis,
491 1645 551 1711 sed
584 1667 665 1714 vere
691 1667 732 1713 ac
761 1646 902 1736 proprie
930 1670 949 1715 a
977 1645 1130 1716 Diabolo
1181 1640 1454 1731 parricidiorum
1484 1647 1647 1717 societate
1678 1652 1855 1742 polluere,
1894 1684 1984 1752 quae
2018 1668 2063 1736 ab
2095 1668 2171 1739 istis

141 1743 320 1817 oriuntur,
371 1739 438 1814 Eat
457 1744 602 1836 quidem
625 1745 662 1812 in
690 1747 826 1832 magnis
847 1746 1131 1816 cruciatibusla-
1182 1740 1271 1811 liunt
1293 1743 1476 1833 quotidie?
1527 1746 1643 1834 Qrtam
1666 1753 1769 1823 multi
1794 1756 1888 1828 docti
1910 1773 1945 1830 et
1958 1763 2009 1852 pii
2023 1769 2068 1838 ab
2084 1763 2171 1859 Epi-

140 1858 215 1926 πο,
256 1843 318 1936 qui
356 1839 538 1914 Chrismm
580 1859 778 1918 „nemun
852 1846 924 1916 sed
963 1848 1130 1936 cogitate,
1181 1842 1296 1931 scopis
1321 1855 1353 1911 et
1378 1843 1567 1916 Monachis
1590 1850 1723 1943 ubique
1751 1868 1924 1929 terrarum
1950 1862 2172 1939 interficiun-

139 1958 271 2036 quanta
305 1946 351 2015 sit
376 1946 577 2031 beatitudo,
613 1958 732 2015 tenere
751 1957 1014 2040 certamspem
1041 1947 1130 2016 vitae
1182 1941 1263 2010 tur?
1295 1937 1975 2045 AitrntnihilsaeviusessePantheris,
2001 1982 2168 2043 ettamen
2263 1986 2271 2011 ‘

139 2058 313 2113 aeternae.
364 2043 417 2113 lta
435 2068 500 2113 nos
514 2047 578 2116 etsi
594 2046 716 2115 multis
735 2069 937 2116 exercemur
951 2048 1130 2116 aerumnis
1179 2064 1282 2131 saepe
1306 2042 1472 2132 leguntur
1493 2048 1531 2116 in
1555 2050 1648 2121 circo
1670 2056 1769 2146 quasi
1798 2066 1994 2137 reverentia
2016 2073 2168 2162 quadarn

140 2157 286 2236 propter
308 2146 580 2231 confessionem,
614 2159 731 2216 tamen
756 2142 847 2218 hanc
868 2150 1036 2218 ducamus
1056 2171 1129 2217 esse
1180 2143 1374 2232 pepercisse
1393 2148 1742 2230 sanctisPantherae.
1800 2157 1876 2231 Has
1898 2184 2038 2257 superat
2055 2174 2169 2244 rabies

138 2266 304 2333 magnam
334 2245 580 2327 foelicitatem,
613 2249 710 2339 quod
734 2247 902 2318 absumus
929 2274 949 2318 a
972 2250 1129 2318 consitiis
1179 2240 1310 2327 Fabri,
1335 2243 1524 2337 Mezentii,
1548 2250 1705 2326 Nauseae
1729 2271 1763 2328 et
1786 2260 1977 2355 similium,
2003 2274 2064 2365 qui
2078 2278 2168 2347 adeo

138 2343 370 2428 Pomfficum'
397 2371 416 2415 a
438 2346 581 2418 Diaboli
600 2348 759 2432 foedere,
781 2349 844 2441 qui
860 2363 899 2420 m
914 2347 1029 2419 Deum
1043 2374 1129 2421 con.
1179 2368 1253 2412 non
1269 2362 1416 2434 parcunt
1429 2350 1530 2436 ullis,
1554 2368 1595 2424 ut
1607 2356 1711 2427 civile
1726 2361 1861 2432 bellum
1880 2374 2044 2465 accendi,
2069 2391 2103 2448 et
2117 2389 2169 2448 tot

140 2447 284 2515 ,amelia
306 2447 453 2530 afficiat,
489 2461 530 2518 ut
559 2473 666 2540 quarn
694 2450 866 2541 plurimos
894 2452 1034 2542 perdat,
1070 2453 1129 2520 in.
1179 2446 1340 2515 nationes
1360 2449 1488 2531 deleri,
1511 2466 1562 2522 tot
1584 2450 1748 2529 honestas
1760 2478 1957 2549 matronas,
1983 2486 2033 2543 tot
2050 2477 2169 2546 infan-

140 2548 257 2617 cendit
285 2545 491 2633 Pontifices,
523 2549 630 2639 agitat
660 2563 848 2644 tyrannos,
879 2565 918 2622 ut
948 2553 1129 2623 stabiliant
1178 2558 1230 2614 tes
1248 2547 1416 2635 iugulari,
1441 2553 1638 2624 vastitatem
1654 2554 1890 2632 Ecclesiamm
1915 2572 2002 2641 ellici
2022 2580 2167 2667 cupiant

138 2642 412 2738 εἶδωλομανίαν
448 2663 481 2720 et
513 2665 647 2720 caetera
678 2652 823 2741 flagitia.
880 2649 981 2722 Nihil
1015 2669 1127 2743 potest
1178 2659 1374 2733 atleffltmi
1398 2673 1520 2721 vesum
1541 2659 1703 2726 &essim
1723 2661 1812 2731 illud
1828 2662 1974 2740 P⁰5l²¹²³

137 2748 208 2817 dici
231 2750 402 2835 modus,
428 2775 533 2842 quam
553 2753 655 2842 'quod
680 2752 799 2845 inquit
816 2750 965 2824 paulus,
991 2754 1030 2825 si
1048 2756 1128 2848 qui,
1330 2755 1405 2817 Alta
1427 2760 1530 2822 sedent
1556 2767 1653 2827 civilis
1678 2773 1801 2832 vulnera
1827 2773 1959 2844 dextrae.

137 2849 235 2919 aliud
258 2847 491 2939 Evangelium
516 2853 637 2935 docet,
668 2849 855 2923 anathema
879 2856 935 2923 sit.
988 2853 1127 2926 Omnes
1178 2848 1228 2921 Ut
1242 2862 1358 2920 autern
1373 2854 1585 2926 maledicum
1601 2861 1773 2933 latronem
1788 2869 1931 2959 castigat
1944 2874 2033 2946 alter
2045 2886 2165 2951 noster

137 2951 231 3019 diras
247 2963 351 3040 atque
367 2949 633 3038 imprecationes
650 2953 852 3041 complexus
872 2967 923 3023 est
939 2979 1023 3024 voce
1040 2980 1126 3027 ana·
1177 2947 1388 3040 Apostolus,
1420 2954 1467 3024 ita
1498 2954 1582 3027 haec
1608 2962 1740 3051 flagitia
1770 2967 1920 3058 singulis
1949 2980 2165 3068 temporibus

137 3047 313 3120 thematis.
366 3047 413 3117 Et
431 3049 557 3138 repetit
578 3051 686 3118 verbo
711 3052 865 3121 tristiore
882 3057 1027 3124 eandem
1045 3080 1126 3125 sen.
1177 3075 1196 3119 a
1213 3052 1296 3142 piis,
1324 3068 1357 3122 et
1372 3059 1575 3142 praesertim
1593 3065 1740 3135 eruditis
1758 3068 1897 3141 fortiter
1910 3082 2057 3147 taxanda
2073 3096 2165 3154 sunt.

136 3149 283 3218 tentiam
298 3147 401 3217 alibi:
430 3147 469 3219 Si
492 3150 572 3241 quis
593 3173 667 3220 non
689 3166 782 3222 amat
797 3150 993 3223 Dominum
1010 3155 1125 3227 lesum
1178 3149 1286 3238 Qu⁰d
1308 3154 1356 3224 5¹³
1380 3157 1523 3225 demum
1541 3164 1694 3247 &miles
1708 3180 1742 3236 θῑ
1757 3192 1837 3239 Vm
1854 3175 2009 3263 f³⁰l²ll³s
2035 3181 2166 3265 θὶθΐΰ·

136 3244 339 3331 Christum,
365 3250 409 3318 sit
429 3244 617 3320 anathema
640 3248 858 3328 maranatha.
910 3255 992 3344 Quo
1006 3258 1127 3328 nomi.
1176 3253 1313 3323 ditione
1334 3255 1497 3327 instructi
1518 3262 1632 3346 eritis,
1658 3279 1696 3336 nt
1712 3265 1843 3342 Paulus
1863 3273 1997 3369 inquit:
2022 3281 2077 3352 Sit
2092 3306 2166 3353 ser-

136 3373 181 3418 ne
198 3348 363 3438 intelligit
376 3362 504 3419 certam
525 3352 675 3442 speciem
691 3350 943 3441 anathematis,
967 3360 1014 3429 ob
1028 3360 1125 3452 quod
1177 3377 1235 3423 ¹1¹⁰
1251 3369 1364 3426 vesle!
1379 3358 1452 3426 ⁸³¹⁸
1470 3362 1648 3434 ⁶⁰¹¹d51115·
1699 3364 1780 3437 N⁰⁰
1797 3386 1837 3443 ul
1850 3380 2011 3469 sc0P¹110s
2027 3398 2088 3454 ὓΰῑ
2103 3385 2165 3456 lil-

135 3472 280 3542 prorsus
306 3451 436 3534 deleri,
467 3464 501 3520 et
523 3475 542 3519 e
568 3453 687 3523 medio
710 3455 790 3524 tolli
815 3479 953 3527 necesse
979 3473 1052 3544 est,
1084 3474 1125 3531 ut
1176 3466 1252 3523 tora
1271 3456 1405 3527 feriunt
1420 3458 1536 3530 undae
1553 3463 1687 3552 ingenti
1704 3481 1840 3542 tantum
1861 3479 1998 3565 sonitu,
2024 3481 2072 3553 ita
2087 3486 2164 3557 solo

134 3551 346 3642 parricidas,
373 3566 406 3623 et
429 3555 687 3645 propterquod
710 3554 806 3626 Deus
832 3558 898 3628 toti
919 3582 1036 3628 rerum
1059 3584 1125 3630 na·
1176 3557 1329 3627 clamore
1342 3563 1548 3630 certandum
1564 3579 1630 3633 est:
1650 3563 1802 3642 Emdite
1812 3577 1988 3649 refutandi
2003 3597 2086 3655 sunt
2100 3588 2165 3656 ad-

134 3667 234 3721 turae
258 3653 437 3736 irascitur,
464 3665 557 3722 terra
580 3654 697 3742 fruges
721 3670 843 3745 negat,
877 3660 931 3726 sol
946 3661 1125 3749 refugiens
1176 3658 1343 3742 versarii,
1373 3674 1415 3730 ¹11
1443 3661 1554 3755 alfqlfi
1575 3682 1760 3756 sanemus»
1791 3673 1880 3743 5⁰³5
1901 3683 2164 3773 ⁰⁰1¹fim¹ffll¹¹¹2

135 3752 226 3823 sistit
250 3776 392 3835 currus,
424 3754 554 3823 amittit
577 3755 819 3844 splendorem,
852 3760 1006 3851 denique
1027 3764 1123 3854 quod
1175 3769 1215 3826 ut
1230 3757 1269 3824 in
1284 3758 1433 3829 latronis
1445 3763 1691 3852 obiurgatione
1705 3774 1933 3859 gravissimae
1948 3783 2070 3855 insunt
2083 3811 2164 3858 sen-

135 3855 294 3942 contagio
319 3878 383 3922 suo
400 3868 503 3924 nocet
517 3855 584 3924 toti
604 3857 723 3945 generi
738 3854 913 3944 humano,
936 3876 976 3931 ut
991 3863 1051 3931 ille
1068 3863 1125 3931 in·
1175 3857 1323 3940 tentiae,
1350 3862 1394 3928 de
1419 3863 1676 3948 g⁰b0f⁰³²50⁰⁸
1699 3871 1838 3958 ‘livinis
1864 3879 1908 3946 (¹⁹
1928 3885 2164 3975 P¹⁰Vfd0¹¹fi³2

135 3957 214 4049 quit
232 3956 269 4023 jn
286 3954 501 4045 Tragoedia:
1175 3957 1305 4048 quibus
1327 3954 1539 4048 Epicuraeas
1564 3965 1602 4032 in
1627 3967 1737 4038 altero
1760 3977 2004 4062 persuasiones
2024 3986 2161 4062 refutat.

236 4061 387 4125 Discedite
404 4085 501 4142 ame,
528 4086 566 4124 ne
577 4068 682 4125 umbra
697 4085 762 4126 mea
776 4079 882 4127 noceat
896 4069 993 4133 bonis.
1175 4054 1283 4146 Apud
1299 4054 1573 4147 Aristophanem
1590 4063 1644 4134 lex
1661 4069 1792 4142 dicitur
1811 4080 2014 4168 certaturis,
2040 4083 2162 4187 ἔλεγχε

1226 4152 1236 4178 h

135 4154 202 4228 Est
233 4159 328 4226 enirn
360 4184 428 4229 vox
454 4158 604 4229 Paulina
630 4160 719 4228 facta
743 4162 788 4228 ab
817 4154 957 4228 haerem
991 4155 1123 4244 motha,
1174 4181 1238 4228 και
1252 4153 1414 4255 ἐλέγχου.
1463 4158 1576 4235 Causa
1594 4191 1673 4237 curn
1685 4194 1790 4243 causa
1809 4183 2076 4274 congrediatur,
2102 4215 2163 4262 ve-

137 4260 231 4350 quod
256 4260 426 4348 significet
441 4285 514 4330 rem
534 4263 697 4331 devotam
724 4284 763 4331 ac
791 4262 999 4331 destinatam
1017 4262 1124 4330 exitio
1175 4259 1225 4328 ris
1239 4262 1454 4351 argumentis
1478 4280 1645 4352 certetur,
1666 4272 1806 4345 dicatur
1821 4277 1913 4375 πρὸς
1929 4281 2029 4372 ἔπος,
2055 4303 2090 4360 et
2106 4316 2163 4363 re.

28 4420 31 4429 .
137 4372 170 4427 et
192 4361 315 4429 morti:
344 4362 413 4431 nisi
436 4363 516 4455 quis
535 4364 670 4432 mavult
694 4385 767 4430 esse
795 4358 936 4431 haerem
961 4378 994 4432 et
1018 4358 1125 4446 hotta,
1174 4375 1320 4433 vocetur
1348 4366 1567 4455 antagonista
1594 4369 1688 4443 intra
1721 4390 1842 4453 metas.
1900 4380 2038 4458 Videtis
2066 4393 2161 4463 enim

137 4462 231 4552 quod
249 4476 300 4530 est
321 4478 500 4551 peccatum
515 4486 575 4533 seu
601 4465 732 4548 scelus,
758 4479 797 4533 ut
815 4462 944 4533 Graeci
960 4466 1125 4534 dixenrnt
1175 4486 1281 4555 quam
1305 4466 1419 4533 varias
1440 4467 1548 4537 rimas
1571 4489 1743 4564 quaerant
1764 4502 1859 4550 nunc
1874 4484 1920 4553 ad
1936 4487 2162 4576 debendum,

135 4555 386 4655 καθάρματα,
416 4587 476 4633 seu
500 4558 716 4659 ἀλάστορας.
776 4564 835 4636 Sic
858 4565 966 4654 igitur
993 4564 1124 4637 Paulus
1175 4579 1347 4657 quantum
1371 4562 1576 4639 technarum
1597 4586 1632 4642 et
1653 4570 1870 4667 sophistices
1893 4590 2090 4678 excogitent
2115 4597 2160 4666 ad

136 4687 203 4732 nos
229 4666 273 4732 de
294 4658 453 4734 hostibus
476 4659 608 4734 Christi
635 4669 764 4737 sentire
785 4668 893 4740 iubet.
951 4663 999 4738 Et
1024 4690 1124 4758 saepe
1175 4667 1387 4735 eludendam
1427 4670 1619 4746 veritatem.
1685 4678 1937 4769 Antagonistas
1971 4683 2160 4788 habemus,

136 4766 322 4856 repetitum
340 4778 390 4834 est
405 4762 472 4835 hoc
490 4780 709 4855 praeceptum
731 4770 769 4838 in
787 4768 1016 4839 concionibus
1040 4792 1125 4857 pro·
1175 4779 1327 4849 astutos,
1352 4766 1523 4854 intentos,
1550 4772 1740 4847 instructos
1761 4778 1874 4852 literis
1898 4800 1932 4859 et
1947 4789 2161 4885 eloquentia,
2185 4822 2189 4829 ’

136 4864 303 4958 pheticis,
329 4870 424 4959 quod
447 4867 589 4959 quidem
616 4866 644 4934 si
667 4869 744 4959 quis
768 4884 984 4953 contemnet,
1011 4871 1124 4960 reipsa
1174 4893 1214 4937 ac
1237 4867 1442 4939 dimicantes
1465 4894 1538 4940 non
1557 4873 1601 4944 de
1620 4874 1702 4947 lana
1726 4883 1885 4971 caprina,
1909 4893 1969 4961 sed
1987 4916 2051 4983 pro
2074 4900 2161 4969 focis

136 4969 326 5057 comperiet
358 4963 522 5062 Erynnas
551 4992 591 5038 ac
623 4968 733 5036 furias
767 4973 885 5059 vagari
915 4995 979 5062 per
1002 4993 1124 5039 omnes
1175 4968 1265 5052 suis,
1290 4963 1440 5055 hocest,
1463 4974 1506 5040 dc
1522 4975 1668 5064 opibus,
1694 4980 1883 5074 dignitate,
1909 4993 2161 5085 voluptatibus,

136 5069 339 5159 complices,
366 5070 496 5139 adllare
519 5069 624 5137 etiarn
648 5070 884 5140 mediocribus
903 5073 1039 5163 peiores
1054 5070 1124 5173 irn-
1175 5093 1324 5161 quarum
1339 5094 1458 5141 rerum
1473 5096 1575 5146 causa
1597 5081 1785 5153 acerrimae
1803 5093 2047 5167 contentiones
2068 5100 2162 5170 inter

135 5185 254 5261 petus,
281 5171 462 5261 implicare
485 5178 546 5240 eos
568 5170 751 5239 erroribus
771 5185 804 5239 et
828 5167 1016 5243 horrendis
1030 5172 1124 5240 cala·
1175 5167 1337 5240 homines
1351 5174 1497 5244 existere
1511 5177 1635 5250 solent
1687 5180 1761 5254 Vos
1775 5202 1896 5260 contra
1910 5218 1992 5265 vere
2010 5222 2075 5287 pro
2089 5203 2159 5271 aris

134 5274 329 5343 mitatibus.
373 5270 447 5341 Has
462 5294 590 5362 poenas
605 5286 640 5341 et
655 5270 875 5343 considerare
890 5274 940 5364 pii
954 5291 988 5347 et
1002 5297 1124 5343 cavere
1173 5272 1356 5364 pugnatis,
1386 5270 1453 5343 hoc
1466 5290 1538 5358 est,
1563 5280 1665 5351 vobis
1679 5293 1923 5364 commendata
1939 5311 1989 5367 est
2003 5299 2161 5371 defensio

135 5376 275 5445 debent.
327 5371 541 5468 Quanquam
557 5374 652 5442 enim
671 5373 866 5465 parricidae
884 5374 939 5442 illi
960 5375 1125 5468 aliquan·
1172 5374 1336 5466 puritatis
1357 5371 1753 5551 Ev³⁰³g¹li³,²¹'⁸¹⁰‘⁵²²
1771 5385 1916 5467 Christi.
1974 5394 2069 5468 Haec
2092 5403 2161 5473 nti·
