4732 6030
153 220 208 350 ι89

158 460 303 542 paratos
324 456 428 535 atque
452 441 650 534 expeditos,
683 441 722 509 iu
747 439 877 532 quibus
901 441 1152 532 procudendis,

159 550 312 619 multum
333 546 490 636 prolecto
509 542 693 614 Ciceronis
708 542 875 632 exemplis
891 542 1152 613 adiuvabimur.

162 649 264 739 Quae
285 647 380 716 enim
403 659 517 737 potest
540 646 584 714 de
605 645 689 714 dolo
707 645 821 729 malo,
846 645 959 735 deque
975 646 1152 737 aequitate

158 750 305 821 uberior
332 749 517 838 graviorve
548 745 737 839 disputatio
766 745 977 835 excogitari?
1026 743 1079 816 Ea
1109 747 1152 815 de

161 876 199 923 re
219 853 258 920 in
274 851 378 920 tertio
395 845 617 920 Officiorum.

263 949 466 1021 Plurimum
503 950 608 1020 etiam
646 949 688 1017 ad
727 948 919 1019 dicendum
948 951 1152 1020 conducunt

160 1052 468 1137 narratiunculae,
494 1075 582 1144 qnae
602 1062 684 1120 sunt
706 1049 744 1117 in
766 1047 834 1120 hoc
850 1076 954 1143 opere
971 1065 1004 1121 et
1021 1051 1152 1120 multae

162 1169 198 1229 ct
219 1155 349 1228 variae.
424 1151 615 1241 Quondam
639 1152 679 1220 in
703 1147 896 1222 Rhetorica
921 1176 1151 1247 progymnas-

160 1271 256 1327 mata
274 1246 611 1356 erautdtqypaoiuo,
640 1254 690 1322 sie
705 1253 800 1321 enim
814 1269 998 1338 vocarunt,
1025 1256 1149 1347 inquo

160 1380 301 1450 genere,
326 1356 389 1449 qui
402 1380 438 1425 se
450 1356 572 1427 volent
585 1379 756 1440 exercere,
782 1379 945 1446 maguam
959 1352 1017 1425 hic
1035 1380 1151 1425 exem-

159 1461 306 1556 plorum
328 1457 465 1549 copiam
484 1457 680 1530 invenient.
728 1453 777 1527 Et
792 1482 873 1528 cum
888 1454 982 1527 nihil
997 1458 1043 1528 sit
1058 1459 1151 1527 diffi-

160 1561 267 1630 cilius
287 1584 389 1652 quam
411 1562 596 1629 commode
620 1581 782 1643 narrare,
808 1584 882 1630 nou
901 1573 954 1630 est
968 1561 1037 1628 alia
1053 1583 1151 1628 erer-

160 1661 281 1733 citatio
296 1660 510 1731 fructuosior
523 1685 628 1754 quam
644 1657 740 1729 haee.
792 1659 936 1749 Quanta
950 1659 1067 1733 Deum
1083 1661 1150 1728 im-

158 1763 346 1833 mortalem
370 1763 563 1851 elegantia,
593 1775 747 1854 quantus
769 1762 868 1852 lepos
891 1777 941 1833 est
966 1764 1004 1831 in
1027 1785 1150 1830 narra-

160 1864 259 1935 tione
284 1876 461 1952 gestorum
484 1862 586 1932 Arati
607 1862 768 1955 Sicyonii
791 1864 829 1931 in
852 1866 1007 1933 secundo
1032 1863 1152 1931 libro?

160 1961 246 2035 Nou
268 1965 444 2032 minorem
467 1963 609 2031 laudem
631 1976 787 2032 meretur
802 1963 914 2058 Gygis
930 1961 1023 2057 Lydi
1039 1958 1164 2032 histo-

159 2065 216 2135 ria
230 2089 330 2133 versa
344 2087 386 2132 ex
393 2061 542 2132 Platone
557 2063 596 2132 in
610 2063 704 2131 libro
718 2064 832 2134 tertio.
877 2062 1019 2134 Similes
1033 2079 1150 2135 autem

158 2165 295 2236 multae
318 2164 454 2234 suntin
470 2157 539 2233 hoc
554 2165 864 2249 commentariolo,
889 2189 975 2259 quas
991 2165 1060 2235 sibi
1075 2178 1152 2240 stu—

161 2267 256 2338 diosi
288 2287 410 2335 omnes
436 2266 481 2334 ad
512 2264 726 2335 imitandum
755 2280 967 2358 proponant.
1027 2263 1150 2361 anue

161 2366 364 2438 exercitatio
386 2389 462 2435 non
482 2379 620 2436 tautum
637 2368 779 2455 augebit
793 2370 983 2439 verborum
999 2370 1150 2461 supelle-

162 2469 300 2553 ctilem,
334 2469 393 2537 sed
420 2491 510 2562 quae
535 2461 627 2536 mihi
646 2468 686 2536 in
710 2468 860 2539 dicendo
884 2494 975 2561 pene
999 2471 1150 2538 maxima

161 2571 276 2639 virtus
296 2570 457 2656 videtur,
481 2570 572 2640 bene
588 2570 802 2661 disponendi
816 2572 1007 2644 scientiam.
1058 2569 1150 2640 Nam

161 2671 300 2741 indocti
329 2694 403 2740 non
430 2685 567 2742 tantum
599 2672 819 2742 adulterinae
851 2687 1014 2743 monetae
1034 2673 1151 2743 verbis

163 2772 361 2843 orationem
390 2773 599 2856 obscurant,
629 2775 689 2840 sed
721 2774 769 2843 ita
794 2775 900 2843 etiam
925 2775 1152 2846 confundunt

162 2899 203 2944 ac
218 2875 366 2944 miscent
380 2875 515 2953 omnia,
539 2887 579 2943 ut
591 2874 743 2958 intelligi
757 2869 849 2941 uihil
864 2875 986 2962 possit.
1037 2871 1152 2944 Scho-

161 2977 210 3046 lia
233 2975 366 3045 alicubi
385 2972 595 3043 brevissima
619 2971 887 3060 adscripsimus,
911 2996 999 3065 quae
1015 2973 1151 3042 indica-

160 3091 243 3148 rent
270 3074 395 3144 leetori
421 3071 593 3141 orationis
620 3071 782 3139 ordinem
815 3086 849 3143 et
871 3074 1152 3164 dispositionem,

159 3201 270 3272 quam
294 3172 357 3266 qui
375 3166 692 3264 deprehenderint,
717 3173 820 3242 facile
838 3175 1048 3247 seutentiam
1064 3177 1151 3245 scri-

157 3279 217 3372 pti
239 3277 493 3367 adsequentur:
518 3296 601 3341 nam
616 3274 660 3343 de
674 3274 824 3344 consilio
840 3278 973 3346 autoris
988 3302 1151 3369 pronun-

158 3380 258 3449 ciare
277 3388 338 3445 aut
356 3374 512 3443 iudicare
536 3398 640 3444 nemo
663 3389 795 3467 potest,
819 3377 890 3447 nisi
913 3379 1001 3448 serie
1017 3378 1150 3450 oratio·

158 3481 219 3550 nis
243 3477 498 3547 animadversa.
555 3473 630 3546 Ubi
653 3479 863 3547 sententiam
886 3476 1069 3570 collegeris
1092 3477 1150 3548 hic

161 3577 426 3650 immorandum
450 3578 518 3647 erit
540 3579 579 3645 in
602 3579 752 3668 singulis
774 3581 943 3650 membris
965 3583 1151 3666 orationis,

160 3681 427 3772 videndumque
448 3702 518 3772 quo
534 3701 661 3768 genere
675 3681 882 3767 verborum,
905 3684 1035 3775 quibus
1051 3679 1150 3752 sche-

159 3782 264 3853 matis
279 3779 451 3850 orationis
467 3803 551 3848 usus
567 3781 612 3850 sit
621 3779 756 3852 Cicero.
806 3779 941 3877 Estque
955 3809 1036 3855 eum
1053 3785 1151 3854 illius

161 3885 323 3956 oratione
345 3883 552 3952 certandum
575 3895 608 3952 et
625 3883 753 3953 nostris
770 3886 886 3953 verbis
903 3887 1149 3976 exponendum

161 3997 429 4074 argumentum,
461 3983 508 4053 ita
541 3983 616 4063 liet,
648 3997 690 4054 ut
714 3999 749 4056 et
771 3984 980 4057 senteutiam
1005 3987 1152 4078 propius

163 4086 353 4176 adspicias,
377 4096 411 4154 et
432 4083 561 4154 clarius
582 4087 775 4177 adpareaut
794 4086 929 4154 lumina
946 4085 1153 4157 Ciceronia-

162 4210 233 4257 nae
261 4186 449 4266 orationis,
486 4187 548 4256 ubi
580 4210 659 4256 cum
684 4200 744 4257 tua
768 4181 1005 4283 παραφράσει
1026 4199 1152 4257 contu-

161 4287 259 4359 leris.
305 4284 443 4358 luterea
459 4301 495 4357 et
509 4289 617 4358 verba
632 4300 667 4358 et
678 4290 872 4359 sententiae
886 4290 1021 4360 autoris
1036 4288 1152 4359 obiter

160 4389 300 4461 firmius
328 4384 579 4462 adhaerescent
609 4390 743 4461 animo.
822 4388 891 4460 Sed
920 4391 1091 4461 faciamus
1113 4390 1160 4481 in

161 4491 311 4563 exordio
334 4490 542 4581 periculum.
596 4488 704 4561 Initio
728 4492 895 4584 proponit
913 4495 1010 4562 sede
1026 4488 1151 4561 Philo-

128 4600 134 4610 '
161 4587 289 4687 sophia
318 4591 516 4663 dicturum:
564 4591 697 4662 Verum
726 4606 778 4663 est
804 4594 926 4665 addita
955 4594 1152 4686 occupatio,

159 4718 226 4767 cus·
242 4692 279 4762 in
296 4707 393 4765 tanta
408 4695 505 4785 copia
523 4692 744 4765 Graecorum
759 4695 971 4787 scriptorum
990 4697 1064 4787 ipse
1080 4694 1151 4765 La·

160 4797 237 4868 tine
254 4795 407 4881 scribat,
432 4796 557 4866 iisdem
575 4798 619 4867 de
636 4798 760 4882 rebus,
783 4821 869 4891 quas
884 4795 1013 4870 Graeci
1028 4796 1151 4889 copio-

160 4897 298 4969 sissime
324 4897 681 4992 splendidissimeque
710 4910 957 4973 tractaverunt.
1019 4896 1068 4970 Et
1097 4901 1151 4970 fa·

161 5012 216 5070 cta
235 5000 475 5091 praeceptoris
495 5000 649 5080 mentio,
675 5013 709 5070 et
728 5000 846 5083 urbis,
869 5016 902 5072 et
919 5001 1012 5071 utin
1030 5001 1151 5071 distri-

160 5100 329 5183 butione,
363 5123 426 5171 sua
450 5101 577 5194 cuique
598 5102 753 5172 subiecta
776 5104 878 5176 ratio.
929 5100 1064 5196 Estque
1087 5126 1152 5173 πε-

162 5195 334 5298 ριοδικῶς
361 5226 442 5272 cnm
477 5204 707 5294 occupatione
734 5213 920 5275 coniuncta
943 5204 1150 5295 propositio.

162 5301 377 5398 Quanquam
399 5316 517 5374 extent
539 5306 583 5373 de
607 5304 767 5376 moribus
787 5308 1040 5400 sapientissime
1063 5309 1150 5378 scri-

616 263 786 343 uucu.
818 265 895 341 uu
924 262 1132 368 ratur.
1167 265 1224 341 tu
1255 261 1506 340 orarem
1539 260 1733 343 ercan.

2149 265 2200 339 90

1204 432 1459 510 tumtlthenae
1481 437 1556 530 ipse
1576 439 1746 528 exemplis
1766 450 1800 507 te
1817 437 1952 507 erudiri
1968 449 2118 532 queant,
2143 450 2198 507 ta-

1203 565 1287 610 men
1309 540 1392 634 quia
1415 562 1513 610 meus
1534 562 1611 609 mos
1634 553 1685 609 est
1700 537 1830 608 Latina
1852 563 1933 607 cum
1950 536 2096 609 Graecis
2110 561 2197 607 cou-

1204 643 1367 733 iungere,
1389 643 1551 713 volebam
1567 640 1694 711 Latine
1707 641 1751 708 ad
1768 653 1802 709 te
1817 634 2069 732 Philosophica
2086 662 2195 733 quate-¹

1204 746 1285 813 dam
1309 744 1474 816 scribere.
1534 737 1592 811 Ad
1618 743 1770 812 eundem
1794 742 1942 810 modum
1964 744 2004 810 in
2026 741 2195 811 omnihus

1204 847 1363 937 partibus
1371 842 1817 930 orationisCiceronianae,
1843 843 2037 913 sententiae
2053 866 2193 915 earum·

1204 973 1272 1043 que
1288 948 1419 1038 figurae
1436 947 1662 1018 excutiendae
1677 959 1770 1018 sunt.

1208 1168 2194 1206 ·-··-····-·-·······-··-··-···-·-···.···-··-·r-·

2024 1360 2073 1403 ιιι.
2088 1336 2182 1402 1525.

2016 1426 2188 1460 m

1228 1334 1295 1406 No.
1312 1333 1348 1407 9.

1211 1430 1383 1460 Μ

1440 1550 1515 1635 De
1544 1548 1785 1635 Fridert'co
1809 1547 1957 1634 Elect.

1271 1744 1392 1800 Prodiit:
1416 1784 1432 1807 ,.
1440 1742 1538 1798 Oratio
1550 1744 1623 1797 dicta
1637 1743 1665 1795 in
1677 1732 1772 1796 sunere
1785 1741 1919 1796 Friderici
1933 1741 1993 1798 Sar.
2010 1744 2083 1798 Duc.
2117 1737 2193 1793 Ora·

1306 1816 1344 1866 tio
1360 1816 1393 1867 de
1407 1813 1521 1882 legibus.
1556 1811 1654 1866 Oratio
1667 1811 1700 1864 de
1713 1811 1848 1883 gradibus.
1874 1810 1992 1867 Praetu.
2004 1812 2033 1865 in
2046 1808 2192 1865 Aeschinis

1306 1892 1333 1934 et
1349 1880 1541 1935 Demosthenis
1562 1880 1708 1934 orationes.
1745 1879 1842 1932 Oratio
1857 1879 1957 1934 Critiae
1977 1889 2073 1934 contra
2085 1876 2192 1933 Thers-

1306 1949 1657 2070 menemexllenophonte.
1693 1946 1976 2003 PhilMebauctore.
2004 1948 2107 2020 llsgau.
2119 1946 2192 2016 apud
2221 1949 2229 1969 ‘
2272 1971 2275 1977 ·
2337 2012 2341 2021 ¹

1307 2018 1347 2070 lo.
1357 2018 1532 2073 Serenlffl.
1561 2021 1586 2076 .''
1595 2046 1627 2058 -
1646 2016 1751 2070 Recuss
1765 2018 1836 2086 apud
1845 2016 2035 2141 GratumMyl.
2046 2036 2073 2087 p.
2082 2016 2193 2095 Ἀθη,

1304 2087 1333 2139 in
1348 2088 1427 2143 Deci.
1440 2085 1472 2138 T.
1488 2085 1521 2138 ll.
1537 2106 1564 2157 p.
1577 2087 1636 2141 584.
1649 2097 1676 2139 ct
1691 2086 1719 2138 in
1734 2084 1854 2140 Servest.
1870 2084 1904 2140 ll.
1922 2105 1948 2156 p.
1959 2086 1990 2138 51
2011 2123 2029 2151 .,
2053 2084 2124 2155 apud
2139 2081 2192 2136 Rs·

1302 2154 1713 2279 (qhqqdhilnlpippgbss25hlortuus
1727 2165 1767 2209 est
1779 2153 1933 2208 Fridericus
1943 2152 2016 2210 Dus.
2029 2153 2091 2209 sss.
2104 2151 2191 2208 Eteet.

1255 2405 1382 2476 Oratio
1405 2374 1570 2475 dicteria
1588 2395 1933 2572 fugerenFrt'derici
1947 2402 2142 2473 saxoniae

1675 2524 1770 2575 ures.

1203 2665 1287 2766 Ego
1307 2675 1345 2744 in
1365 2671 1433 2744 hoc
1449 2673 1593 2765 publico
1605 2673 1706 2743 luctu
1720 2672 2015 2765 acerbissimoque
2028 2670 2191 2740 omnium

1203 2778 1346 2862 dolore,
1373 2801 1453 2846 cum
1469 2788 1543 2845 erat
1556 2774 1613 2843 vel
1630 2775 1793 2843 interitus
1809 2772 2070 2865 sapientissimi
2084 2769 2192 2841 Prin-

1203 2880 1291 2971 cipis
1311 2880 1572 2969 deplorandus,
1598 2875 1654 2942 vel
1676 2875 1809 2944 iactura
1826 2872 1980 2964 Reipub.
2002 2896 2109 2964 quam
2127 2872 2191 2942 illo

1203 2981 1330 3049 amisso
1348 2980 1493 3048 fecimus
1509 2975 1718 3059 maximam,
1745 2975 1906 3043 deflenda
1916 3024 1928 3056 ‚
1956 2972 2191 3043 relocatione

1204 3082 1373 3148 levandae
1387 3092 1521 3149 mentes
1535 3100 1733 3168 procerum,
1758 3089 1819 3147 aut
1832 3077 1937 3145 etiam
1950 3074 2192 3167 popularium,

1204 3206 1277 3250 non
1290 3182 1397 3249 modo
1416 3204 1489 3249 nou
1504 3179 1587 3248 sat!
1601 3190 1818 3270 praesentem
1834 3177 1992 3246 animum
2008 3178 2053 3245 ad
2068 3176 2192 3246 dicen-

1202 3286 1288 3351 dum
1313 3283 1450 3351 adferre
1470 3305 1527 3349 me
1545 3280 1679 3364 sentio,
1705 3285 1765 3348 sed
1783 3272 1869 3348 haec
1883 3305 1952 3348 vox
1970 3279 2077 3348 etiam
2094 3279 2190 3347 testis

1202 3382 1310 3454 olficii
1325 3380 1544 3476 'pietatisque
1569 3395 1725 3465 nostrae,
1748 3405 1907 3451 moerore
1931 3376 2191 3474 lachrymisque

1203 3468 1490 3577 impeditur.⁸Et
1501 3509 1581 3555 cum
1598 3484 1794 3574 praeclarae
1809 3483 1955 3553 virtutes
1968 3477 2192 3552 huiusPrin-

1202 3588 1290 3679 cipis
1311 3583 1407 3656 hunc
1430 3582 1624 3668 honorem,
1650 3610 1720 3677 quo
1743 3604 1881 3676 semper
1903 3583 2036 3674 optime
2057 3582 2213 3663 consti-¹

1204 3703 1298 3759 tutae
1319 3689 1478 3758 civitates
1500 3687 1648 3758 summis
1670 3686 1757 3755 viris
1778 3698 2029 3776 parentarunt,
2056 3684 2094 3749 iu
2116 3682 2192 3772 pri-

1204 3791 1270 3859 mis
1291 3802 1514 3868 mereantur,
1544 3787 1697 3884 graviter
1719 3786 1878 3866 crucior,
1905 3784 2001 3875 quod
2023 3776 2191 3872 pulcher-

1204 3892 1293 3960 rima
1316 3891 1391 3960 eius
1413 3889 1557 3967 merita,
1582 3885 1789 3973 praesertim
1810 3883 1848 3949 in
1871 3882 2005 3951 recenti
2027 3884 2144 3969 luctu,
2171 3908 2191 3952 a

1203 3990 1307 4058 nobis
1329 3988 1449 4056 ornari
1471 3996 1663 4077 nequeunt.
1713 3981 1804 4053 Nam
1825 4008 1904 4053 cum
1919 3980 2074 4073 Reipub.
2091 3985 2190 4054 orbi-

1203 4103 1292 4173 tate,
1324 4087 1477 4180 quaein
1500 4081 1567 4155 hoc
1592 4097 1708 4171 motu,
1734 4078 1846 4154 ethis
1869 4085 2025 4155 tenebris
2047 4086 2189 4176 sapien-

1202 4192 1287 4263 tiam
1309 4184 1416 4259 huius
1435 4183 1504 4258 hoc
1524 4200 1682 4278 tempore
1703 4201 1872 4279 tanquam
1891 4186 2014 4257 lumen
2030 4188 2191 4280 require-

1202 4295 1282 4378 bat,
1313 4286 1542 4362 vehementer
1568 4289 1775 4381 perturbor,
1804 4300 1882 4358 tum
1904 4303 2006 4380 auget
2029 4288 2189 4359 dolorem

1202 4395 1360 4487 privatus
1383 4392 1510 4464 luctus.
1567 4387 1711 4462 Etenim
1735 4414 1816 4459 cum
1841 4390 1962 4460 vivom
1985 4414 2060 4473 non
2082 4392 2191 4462 modo

1203 4510 1348 4589 propter
1368 4493 1535 4564 beneficia
1557 4516 1647 4587 quae
1663 4505 1781 4562 extant
1798 4514 1878 4581 erga
1897 4515 1953 4562 me
1967 4491 2012 4560 ab
2027 4491 2090 4562 illo
2105 4516 2190 4585 pro·
2207 4558 2211 4566 ,

1202 4600 1291 4669 secta
1315 4596 1521 4682 innumera,
1547 4593 1737 4679 coluerim,
1762 4594 1824 4662 sed
1846 4593 1949 4662 etiam
1967 4605 2112 4685 propter
2131 4593 2190 4663 in·

1202 4700 1337 4791 signem
1360 4698 1526 4768 virtutem
1548 4697 1655 4766 unice
1677 4694 1872 4764 admiratus
1893 4694 1960 4762 sim
1981 4707 2013 4764 et
2027 4688 2203 4781 amatim,

1203 4827 1277 4873 non
1291 4800 1408 4891 potuit
1424 4799 1511 4883 lieri,
1535 4797 1623 4892 quin
1638 4797 1726 4867 tanti
1742 4796 1809 4865 viri
1825 4795 1973 4866 interitu
1988 4795 2091 4864 valde
2102 4820 2190 4867 con-

1202 4918 1389 4976 sternaret.
1440 4900 1514 4970 Nos
1529 4900 1639 4990 igitur
1652 4912 1686 4969 et
1705 4896 1840 4986 ingenii
1853 4896 1993 4990 iuopia,
2016 4910 2052 4967 et
2065 4899 2190 4968 dolore

1203 5003 1383 5097 impediti,
1406 5027 1481 5072 non
1505 5000 1724 5072 instituimus
1748 4999 1947 5069 encomium
1972 4999 2120 5068 laudum
2143 5001 2190 5068 il-

1201 5107 1287 5191 lius,
1322 5118 1460 5175 tantum
1487 5098 1554 5174 hac
1576 5102 1702 5170 misera
1725 5124 1826 5187 voce,
1862 5097 1975 5171 ethis
1998 5095 2190 5196 lachrymis

1201 5207 1451 5300 gratitudinem
1469 5204 1579 5275 animi
1595 5203 1708 5274 nostri
1723 5204 1958 5291 declaramus,
1983 5215 2022 5273 ut
2037 5201 2188 5290 intelligi

1202 5309 1312 5403 possit
1333 5309 1526 5380 iucundam
1548 5306 1655 5379 nobis
1671 5303 1766 5377 illius
1783 5306 1972 5392 virtutem,
1997 5316 2091 5393 grata
2109 5301 2187 5370 offi-

162 5417 221 5497 pta
242 5407 355 5478 multa
377 5430 398 5477 a
420 5404 582 5496 Graecis,
608 5420 644 5480 et
665 5432 745 5479 curo
763 5406 953 5504 Cratippus
975 5410 1151 5500 doctrina,
1200 5413 1255 5486 cia
1269 5412 1388 5486 luisse.
