1481 1679
280 146 317 164 603

333 187 398 205 Datum
413 189 437 203 εει
449 184 526 204 Manna,
543 184 593 200 llatae
606 188 676 203 carnes,
692 187 773 205 percussa

284 220 336 237 rupes
348 213 395 234 virga
407 210 461 228 Moisi
472 209 535 226 effudit
546 209 604 230 largos
613 208 678 225 fontes:
692 210 735 224 tecta
749 210 774 224 est

284 238 378 257 multitudo
390 236 448 253 nubae
460 235 538 252 interdiu
549 237 565 251 et
577 236 630 250 noctu
641 232 716 249 flammis
724 238 775 254 prae-

285 263 391 282 lucentibus:
407 261 425 278 in
438 259 509 282 praeliis
519 259 570 276 etiam
582 257 687 275 exhibentur
699 257 774 274 illustria

284 287 383 307 testimonia
395 286 501 308 praesentiae
513 283 552 302 Dei.
585 283 665 306 Denique
678 283 696 299 in
707 283 775 299 deserto

284 313 340 331 maior
355 312 389 329 suit
403 311 459 333 gloria
474 309 527 327 huius
541 308 612 332 populi,
629 314 681 331 qnam
697 313 775 330 unquam

285 339 358 356 florente
371 342 423 359 reguo
434 336 453 352 in
465 339 511 352 terra
520 334 597 351 Canaan.
624 333 659 351 Sed
673 333 725 349 nimis
736 332 776 349 lon-

285 370 326 387 gum
338 366 382 380 essct
393 361 446 378 huius
457 360 510 378 totius
520 358 603 376 historiae
611 358 673 375 seriem
682 358 726 374 velle
735 363 776 379 per-

285 389 340 412 sequi.
370 386 441 404 Omissa
452 385 506 408 igitur
516 384 595 406 longiore
607 383 708 401 recitatione
721 388 776 399 unum

286 413 385 436 exemplum
404 411 477 431 addam,
500 410 519 427 in
536 416 570 432 quo
586 409 690 431 proponitur
704 407 777 424 mirifica

287 440 343 461 imago
355 439 377 455 de
389 436 515 459 gubernatione
525 438 540 452 et
550 433 682 451 conservatione
690 432 777 450 Ecclesiae

287 464 353 482 diviua.

337 501 371 518 Vix
381 504 407 517 est
417 499 451 517 alia
463 498 517 520 magis
529 497 609 514 miranda
620 496 712 516 revelatio,
725 501 777 519 quam

288 534 332 552 quae
347 526 394 544 Mosi
409 525 453 542 sacta
468 523 559 543 scribitur,
580 521 635 539 Exod.
647 520 731 538 xxxtll.
748 520 779 537 ubi

289 556 361 570 vocatur
369 551 428 568 Mose·
439 549 458 566 in
466 548 574 570 colloquium
582 552 621 564 cum
630 546 676 566 Deo,
687 550 704 563 et
713 552 733 563 eo
740 546 779 562 loco

288 578 362 596 dicitnr:
376 575 488 598 Loquebatnr
494 573 542 590 Deus
554 578 593 589 cum
602 571 652 589 Mose
664 571 707 588 facie
719 571 741 588 ad
754 571 780 587 fa-

289 604 332 621 ciem
342 600 386 625 (hor.
398 604 433 621 est,
446 604 503 616 eoram
513 601 530 615 et
537 597 582 614 clara
592 596 642 619 voce)
650 596 694 613 sient
701 596 746 613 solet
753 595 780 612 lo-

290 628 320 652 qui
334 626 386 644 homo
401 625 423 642 ad
438 624 514 641 amicum
529 628 586 639 sunm.
613 621 634 638 ln
647 620 681 638 hoe
692 620 781 643 colloquio

290 653 367 676 primum
378 650 422 673 petit
434 649 503 667 Moses,
524 650 544 664 ut
554 646 602 664 Deus
614 646 650 669 ipse
662 646 707 663 adsit
718 646 781 668 gul-er-

290 681 341 695 nator
352 680 369 694 et
379 676 415 692 «lux
427 673 480 692 huius
490 672 561 696 populi,
580 671 608 689 cni
619 671 668 689 dedit
679 671 752 688 verbum
765 673 782 687 et

290 702 420 726 promissiones.
453 699 496 716 Plus
513 698 554 715 satis
574 697 620 714 enim
636 696 670 713 iam
686 697 782 713 docuerant

290 729 348 751 ipsum
364 725 452 748 exempla,
468 726 554 747 quantum
571 725 615 739 esset
630 721 680 741 mali,
696 720 781 743 populum

290 755 400 771 deerrantem
415 757 425 767 a
441 749 506 768 verbo,
522 748 559 770 regi
573 746 650 764 humana
665 746 750 768 sapientie
766 748 783 762 et

291 777 377 797 consiliis,
397 781 437 793 cum
452 773 527 797 populus
542 773 591 789 duret
607 777 671 794 poenae
685 770 783 790 idolatriae,

291 806 348 822 erecto
359 807 411 819 nureo
423 799 489 818 vitulo,
502 804 542 815 cum
549 797 609 815 Moses
619 795 701 814 abesset.¹
716 795 744 813 Ex
756 794 783 812 hie

291 828 347 847 initiis
359 827 381 844 de
388 825 453 844 futuris
461 823 589 842 calamitatibus
596 821 667 844 angitur
675 821 743 841 Moses,
756 820 783 837 vi-

292 855 322 871 det
340 855 404 876 quanta
422 850 499 873 pericula
517 849 575 866 sutura
591 848 628 864 sint
641 846 730 864 Ecclesiae
744 845 783 866 Dei,

293 884 346 901 qnam
358 877 392 893 levi
404 878 493 892 momento
503 880 546 896 pura
557 873 639 890 doctrina
649 875 667 889 et
677 872 714 889 veri
727 871 785 888 cultus

293 904 411 925 depraventur
425 898 507 916 humanis
522 898 642 920 opinionibus.
673 896 732 918 Quare
748 902 783 913 me-

294 928 338 948 tuit,
350 932 373 943 ne
383 928 400 942 et
411 925 429 941 in
441 922 475 941 hoc
487 926 538 940 enetu
549 922 660 943 extinguatur
669 927 710 938 vera
718 921 783 943 uguitio

293 953 336 974 Dei,
353 955 369 969 et
381 949 478 968 collabefiat
489 947 577 966 Ecclesia,
589 946 691 969 praesertim
703 952 743 963 cum
754 951 786 962 eu-

293 979 339 996 diret
351 974 446 994 horribiles
460 972 604 991 comminationes
619 972 641 989 de
651 971 715 988 futuris
726 970 786 993 poenis

294 1002 361 1027 populi.

344 1039 374 1058 Sic
386 1038 464 1061 cogitans
474 1033 495 1053 'rte
504 1034 592 1053 Ecclesiae
602 1034 693 1058 reliquiis,
708 1039 740 1051 uec
750 1033 788 1055 ipse

294 1065 362 1084 invenit
373 1064 425 1081 aliam
437 1061 585 1081 consolationem,
602 1066 636 1083 qua
648 1065 685 1076 sese
696 1062 788 1079 sustentet,

294 1092 329 1110 nisi
343 1088 468 1113 promissiones
483 1087 532 1104 (latas
545 1084 587 1103 ltnic
601 1085 667 1108 populo
679 1085 701 1102 de
712 1087 787 1101 venturo

294 1118 389 1135 liberatore
394 1112 470 1131 Christo.
492 1111 527 1129 Sed
535 1117 574 1128 cum
583 1116 631 1127 suam
641 1108 787 1132 gubernationem

295 1143 384 1159 intuetur,
400 1137 483 1159 intelligit
494 1139 560 1159 quanta
570 1136 592 1152 sit
603 1135 705 1154 difficultas,
721 1137 788 1156 quanta

295 1165 383 1190 pericula,
401 1167 418 1180 ct
432 1161 546 1179 considerans
560 1160 627 1177 nullam
642 1159 788 1182 gubernationem

295 1192 376 1209 foelicem
387 1193 423 1205 esse
433 1187 471 1204 siue
480 1185 524 1203 Deo.
551 1185 588 1202 Nisi
599 1188 618 1201 tn
630 1184 666 1207 ipse
677 1190 709 1201 nnn
719 1189 789 1206 praere-

296 1218 327 1235 das
349 1214 416 1237 inquit,
429 1218 452 1229 ne
463 1212 526 1228 educas
537 1216 569 1227 nos
578 1210 600 1227 de
609 1208 641 1226 hoc
650 1209 694 1227 loro.
719 1208 788 1226 Dein-te

296 1230 336 1260 curri
349 1240 400 1263 petit:
417 1237 498 1255 Ostende
509 1234 552 1253 mihi
564 1235 637 1257 gloriam
649 1237 705 1254 tuam,
721 1233 750 1251 hic
760 1240 789 1251 re-

296 1266 371 1291 spondet
379 1264 435 1282 nom:
449 1262 519 1280 Faciem
531 1266 587 1278 meam
598 1260 658 1277 videre
668 1265 705 1276 non
716 1259 789 1281 poteris:

287 1293 326 1311 ,sed
337 1297 376 1309 ecce
387 1290 435 1307 loeus
442 1288 488 1311 apud
498 1293 535 1305 me.
548 1286 579 1302 nbi
588 1285 670 1302 consistes
678 1284 749 1301 innixus
757 1290 790 1307 pt·—

296 1322 342 1337 trae,
358 1320 432 1338 eumque
443 1312 526 1331 transibit
537 1311 592 1333 gloria
604 1316 652 1331 mea,
665 1315 730 1333 ponam
742 1313 759 1326 te
771 1309 790 1326 in

296 1341 383 1361 foramine
395 1343 463 1362 petrae,
477 1341 494 1355 et
504 1340 593 1359 protegam
604 1339 621 1353 te
629 1336 689 1352 dextra
697 1341 745 1355 mea,
758 1335 791 1363 ‹lo-

297 1374 329 1386 nee
341 1365 437 1384 transiero,
451 1367 468 1380 et
479 1363 556 1380 auferam
565 1367 636 1378 manum
645 1366 710 1381 meam,
723 1360 791 1377 videlus

296 1397 314 1411 et
322 1390 418 1415 posteriora
425 1394 472 1407 mea,
485 1388 546 1404 faciem
555 1389 613 1404 antem
621 1391 677 1403 meam
686 1385 745 1402 videre
754 1390 790 1402 non

297 1417 367 1442 poteris.

567 140 646 159 DECL.
661 138 698 158 DE
715 138 859 158 ECCLESIA
877 137 1004 158 CHR1ST1.

1256 139 1295 157 604

849 181 897 198 Haec
904 184 929 198 est
937 186 977 198 vere
982 181 1061 198 abstrusa
1066 184 1082 198 et
1088 186 1150 198 areana
1155 180 1237 203 historia,
1250 187 1296 205 qnae

801 206 831 224 etsi
842 212 851 224 a
863 212 891 223 me
902 206 973 229 quidem
986 212 1022 223 non
1035 209 1092 228 potest
1103 206 1186 229 explicari
1196 212 1228 229 pro
1236 206 1296 230 digni-

801 235 843 252 tate,
863 237 895 249 nec
912 230 945 248 hoc
959 234 1027 253 tempus
1043 231 1116 253 patitur:
1138 235 1197 248 tamen
1210 232 1296 254 attingere

802 257 859 278 volui,
874 260 894 274 nt
908 256 1026 274 adolescentes
1038 262 1077 273 eam
1088 256 1209 277 considerent,
1225 263 1267 274 nam
1279 261 1296 275 et

802 282 899 300 doctrinam
911 281 1031 303 gravissimam
1037 284 1054 298 et
1063 281 1179 303 gratissimam
1188 282 1296 301 consolatio-

802 313 841 324 nem
856 306 908 324 nobis
924 306 1007 329 proponit
1018 306 1041 323 de
1052 306 1140 327 Ecclesia,
1158 313 1210 330 quam
1222 310 1297 326 testatur

803 333 821 349 in
835 331 867 349 hac
879 332 915 349 vita
928 331 962 353 tegi
974 337 1026 348 manu
1037 331 1080 352 Dci,
1096 335 1113 349 et
1125 336 1184 354 postea
1195 332 1296 355 glorifican-

803 358 842 374 ‹lam
857 362 899 375 esse,
924 355 993 379 Sequor
1009 356 1057 373 enim
1072 356 1170 379 simplicem
1185 360 1202 375 et
1213 358 1296 376 usitatam

803 382 938 405 expositionem,
954 381 1045 402 videlicet,
1061 381 1124 399 Mosen
1135 385 1203 405 petere,
1217 386 1237 400 ut
1246 382 1297 401 Deus

804 410 930 430 praemonstret
937 407 992 424 exitus
1001 407 1054 424 totius
1062 407 1195 428 gubernationis
1202 406 1256 426 huius
1263 414 1297 431 po-

804 433 851 455 puli,
863 432 894 455 qui
902 436 943 449 tnnc
950 435 987 449 erat
993 430 1071 449 Ecclesia
1079 431 1119 450 Dei.

854 457 889 475 Hic
899 456 947 474 Deus
960 457 1061 479 respondet:
1078 456 1130 474 Nolle
1144 463 1162 475 se
1173 458 1223 475 cerni
1235 458 1297 476 faciem

805 489 863 504 snam,
876 481 909 499 hoc
920 485 955 503 εει,
967 482 1040 499 consilia
1052 486 1093 499 ante
1104 482 1155 500 linem
1166 487 1297 501 consummatae

806 507 897 525 Ecclesiae.
920 507 954 525 Sed
966 507 1035 524 ostendi
1047 507 1099 524 nobis
1111 508 1218 530 posteriora,
1235 509 1253 526 id
1267 512 1298 530 est,

806 533 827 550 ad
839 536 935 550 extremum
947 532 966 549 in
977 532 1128 550 consummatione
1138 533 1205 550 visuros
1213 539 1250 551 esse
1257 534 1297 555 glu-

806 558 856 575 riam.
882 557 954 574 Interim
965 557 1008 575 latet
1018 557 1093 580 pupulus
1104 558 1123 575 in
1133 558 1219 575 foramine
1227 564 1258 576 seu
1267 565 1297 576 ca-

806 588 859 600 verna
871 585 939 605 petrae,
951 582 969 599 id
981 586 1015 603 est,
1027 582 1047 599 in
1058 583 1144 605 praesenti
1152 582 1239 601 Ecclesia.
1252 589 1298 606 qnae

806 608 892 630 premitur
907 607 984 625 subiecta
998 607 1051 625 cruci.
1078 607 1113 625 Sed
1130 609 1190 626 innixa
1202 612 1227 626 est
1236 608 1298 626 Petrae

806 632 886 653 Christo,
898 635 917 650 et
922 632 987 654 tegitur
994 638 1045 649 manu
1049 631 1092 653 Dei,
1102 633 1158 652 donec
1162 633 1210 651 Deus
1217 637 1299 655 transeat,

807 657 841 675 hoc
856 660 891 678 est,
905 658 961 674 donee
975 656 1071 675 Ecclesiam
1087 662 1183 676 consumet.
1208 658 1299 681 Significat

807 683 855 700 enim
861 682 909 699 Deus
919 688 937 699 se
948 682 1022 700 transire
1033 685 1070 700 toto
1078 686 1157 706 tempure
1163 684 1235 705 mundi,
1248 687 1265 701 et
1274 684 1299 701 ita

807 711 927 725 transeuntem
939 707 1020 730 colligere
1032 708 1066 725 sibi
1074 708 1151 732 aliquam
1159 708 1266 730 Ecclesiam,
1279 709 1299 726 in

807 739 842 756 qua
852 736 869 750 et
881 733 917 755 ipse
929 732 1045 754 glorificetur,
1056 736 1073 750 et
1083 739 1135 756 quam
1147 733 1222 751 vicissim
1232 734 1299 756 glorifi-

808 761 877 775 caturus
890 758 913 775 ait
928 757 947 774 in
961 758 996 775 vita
1009 761 1085 776 aelerna.
1115 757 1138 776 Et
1148 757 1194 776 hanc
1204 759 1300 781 gubernari

808 789 844 800 non
856 781 938 800 humanis
949 783 1036 803 consilii»,
1049 783 1079 801 sed
1091 784 1144 801 verbo
1152 782 1245 806 Evangelii
1254 784 1300 801 divi-

809 808 856 825 nitus
867 807 931 825 tradito
942 808 965 825 de
972 807 1043 826 Christo
1049 822 1053 829 ,
1066 812 1083 826 et
1092 809 1157 826 servari
1165 809 1254 826 defensam
1262 815 1300 826 non

809 839 851 857 ope,
861 838 877 850 et
885 832 977 855 praesidiis
984 832 1076 854 humanis.
1089 835 1119 852 sed
1127 840 1157 852 sua
1164 834 1218 852 nolin·
1225 840 1285 852 manu.

861 857 929 875 Videtis
943 859 1020 881 proponi
1034 859 1154 877 dulcissimum
1169 860 1262 882 picturam,
1282 859 1301 876 in

810 890 844 907 qua
856 883 907 900 etiam
920 883 961 901 latet
972 884 1026 906 magis
1036 889 1098 901 arcana
1111 885 1193 902 doctrina
1201 885 1227 906 ,de
1237 884 1302 902 illustri

811 908 910 931 cognitione
917 907 960 929 Dei,
972 915 1006 931 qua
1014 909 1092 926 cernitur
1100 909 1153 926 facies
1160 909 1200 928 Dei.
1228 909 1252 927 Ut
1259 909 1301 927 Phi-

811 934 860 956 lippo
873 934 938 956 petenti
949 939 958 950 a
970 932 1040 950 Christo
1051 933 1086 950 sibi
1096 934 1167 951 oetendi
1178 934 1259 955 Patrem,
1275 940 1302 952 re—

812 958 885 981 spondet
893 957 982 976 Christus:
994 957 1086 981 Philippe,
1101 958 1131 982 qui
1143 959 1192 976 videt
1203 965 1241 980 me,
1255 960 1302 977 videt

813 987 830 1001 et
841 983 918 1001 Patrem.
943 983 969 1001 Ita
980 982 1040 1001 Mum
1050 987 1109 1006 petens
1119 983 1232 1001 illustriorem
1243 984 1303 1007 inspe-

812 1009 887 1026 ctionem
894 1008 936 1028 Dei,
949 1008 1042 1026 deducitur
1052 1009 1073 1026 ad
1082 1009 1153 1026 verbum
1160 1009 1179 1026 in
1187 1008 1265 1026 Ecclesia
1274 1015 1303 1026 re-

812 1034 889 1051 velatum
904 1034 926 1050 de
937 1033 1018 1054 Christo,
1034 1038 1051 1051 et
1063 1034 1145 1054 docetur.
1159 1034 1247 1057 quomodo
1259 1034 1304 1052 velit

812 1058 862 1077 Deus'
875 1059 945 1080 agnosci
958 1059 976 1076 in
988 1058 1076 1080 Ecclesia,
1092 1064 1147 1082 nsque
1158 1059 1179 1076 ad
1191 1059 1304 1081 glorificatio-

813 1090 863 1105 nem,
875 1089 905 1101 sen
912 1084 1057 1101 resurrectionem
1065 1087 1184 1104 mortuorunm,
1196 1090 1237 1101 cnm
1245 1084 1303 1101 audit:

813 1109 853 1127 Non
869 1109 934 1131 poteris
948 1109 1008 1126 videre
1022 1109 1085 1126 faeiem
1097 1115 1162 1130 meam,
1178 1109 1207 1126 sed
1220 1107 1274 1127 stab'ts
1285 1109 1303 1126 in

813 1134 900 1152 foramine
914 1137 982 1157 petrae,
998 1133 1032 1151 hoc
1046 1137 1082 1156 est,
1099 1134 1181 1152 insistens
1190 1133 1262 1151 Christo
1275 1140 1304 1151 sen

813 1159 919 1181 Evangelio,
933 1160 989 1177 donec
1001 1163 1097 1180 transeam,
1111 1163 1128 1177 et
1137 1159 1162 1177 sic
1170 1159 1239 1176 videbis
1248 1163 1304 1182 poste-

814 1185 861 1202 riora
867 1190 911 1201 mea.

865 1208 891 1226 lta
895 1208 972 1227 Ecclesia
980 1209 1061 1226 nondum
1068 1212 1124 1232 potest
1132 1209 1192 1226 videre
1196 1208 1263 1230 Deum,
1275 1215 1305 1227 sen

814 1233 879 1251 habere
893 1234 979 1256 gloriam,
995 1240 1040 1257 qnae
1052 1234 1137 1257 promissa
1153 1238 1186 1252 est:
1202 1235 1232 1251 sed
1249 1233 1306 1252 adhuc

815 1262 862 1276 stans
873 1265 925 1282 supra
933 1258 1003 1276 Petram
1009 1272 1014 1280 ,
1027 1259 1044 1276 id
1051 1263 1086 1280 est,
1095 1258 1195 1279 Christum,
1208 1260 1251 1280 fide,
1263 1260 1306 1277 etin

815 1283 848 1301 hoc
857 1284 943 1301 foramine
950 1284 1027 1301 subiecta
1035 1285 1082 1301 cruci
1091 1288 1169 1307 expectat
1177 1284 1262 1307 gloriam,
1275 1285 1306 1302 do-

815 1315 847 1327 nee
855 1310 904 1327 Deus
915 1309 1014 1330 transierit,
1027 1309 1045 1326 id
1053 1313 1087 1329 est,
1100 1313 1154 1327 totam
1161 1308 1257 1327 Ecclesiam
1265 1316 1307 1327 con-

817 1335 936 1352 summaverit.
966 1334 1007 1352 Post
1020 1333 1068 1352 hunc
1083 1335 1176 1352 transitum
1190 1335 1262 1352 restabit
1274 1335 1308 1352 alia

816 1364 885 1377 aeterna
897 1360 962 1382 gloria,
978 1365 1011 1382 qua
1023 1365 1081 1382 coram
1094 1365 1184 1377 cernemus
1196 1359 1263 1381 Deum,
1278 1360 1308 1377 sed

815 1391 863 1402 nunc
878 1388 946 1403 tantum
962 1385 1042 1401 videmus
1058 1385 1170 1408 posterioria,
1189 1383 1223 1402 hoc
1238 1389 1273 1406 est,
1290 1386 1308 1402 in

816 1411 869 1428 verbo
878 1416 917 1428 eum
926 1410 1041 1432 agnoscimus.
