4732 6030
183 158 344 319 ‚m

257 400 350 448 -esse
365 376 428 469 pii,
443 375 472 446 si
489 376 656 447 volumus
668 397 741 442 esse
753 366 960 458 Christiani,
982 372 1087 444 fldem
1104 366 1160 442 his
1177 392 1261 464 pro-

274 480 506 551 missionibus
524 478 674 559 divinis‚
703 489 739 547 et
759 471 829 546 hoc
849 476 1102 546 beneficentiae
1123 497 1263 565 genere,

277 602 516 658 exerceamus,
547 590 583 647 et
607 572 674 645 hac
706 579 812 648 erecti
839 578 925 662 lide,
962 578 1052 647 bene
1080 598 1264 670 precemur

276 698 313 755 et
328 680 480 775 principi
494 692 529 747 et
541 679 727 749 universae
739 678 845 772 Reip.
896 677 993 755 Dixi.

272 872 581 907 W
815 893 1110 905 ,,-,,,-,.,.,,,,-,,,

1094 1063 1142 1104 en.
1159 1010 1264 1105 ⁹153&

1087 1126 1258 1159 Μ

287 1034 354 1105 Νο.
369 1035 430 1104 81.

279 1130 453 1161 Μ

499 1240 577 1325 De
593 1238 747 1326 studio
762 1241 1042 1359 linguarum.

344 1392 426 1487 Apud
442 1414 556 1470 Craton.
576 1414 648 1483 Myt.
667 1431 695 1485 p.
709 1415 758 1468 147
770 1432 845 1486 sqq„
871 1414 899 1468 in
914 1414 1035 1469 Declsm.
1054 1416 1090 1467 Τ.
1105 1412 1125 1467 Ι.
1143 1428 1169 1483 p.
1186 1412 1262 1480 552,

376 1486 407 1539 in
418 1486 541 1541 Servest.
552 1484 585 1543 T.
599 1488 621 1541 l.
642 1504 669 1556 p.
681 1485 744 1539 481.
760 1494 786 1538 et
800 1486 873 1556 apud
886 1482 1016 1539 Richard.
1029 1483 1062 1539 T.
1075 1482 1097 1537 l.
1115 1499 1142 1553 p.
1156 1482 1218 1537 ³06.

243 1588 247 1599 ·
275 1648 404 1719 Oratio
435 1648 536 1719 t'ttt
568 1641 815 1733 Theodori,
854 1640 1183 1738 Noriuberyensis,
1217 1638 1263 1710 de

273 1747 402 1821 studio
430 1749 671 1844 linguarum,
704 1742 899 1818 habitatas
919 1747 1155 1838 promotione
1176 1747 1263 1814 Mo-

424 1855 633 1947 pisaeorum
656 1870 777 1936 anna,
809 1847 1109 1920 niumm

171 2062 175 2071 .
272 1990 463 2090 Principio
479 1999 581 2071 vobis
593 1999 720 2089 gratias
736 2021 812 2087 ago,
832 1994 1037 2068 Doctissimi
1047 1994 1141 2081 Viri,
1163 1996 1260 2089 quod

275 2100 346 2175 huc
364 2118 398 2175 et
418 2096 568 2171 honoris
581 2100 694 2170 nostri
709 2121 831 2179 causa,
853 2111 889 2168 et
906 2112 946 2169 ut
962 2092 1049 2167 haec
1064 2099 1260 2189 primarum

272 2206 405 2279 artium
421 2202 538 2272 studia
551 2202 741 2283 ornaretis,
766 2199 993 2273 convenistis.
1034 2197 1126 2270 Cum
1142 2212 1260 2269 autem

273 2307 469 2380 existimem
491 2304 529 2373 id
551 2317 705 2373 vestrum
726 2301 882 2372 officium
902 2304 947 2371 ad
970 2302 1170 2371 studiorum
1192 2296 1261 2370 ho-

272 2431 398 2480 norem
415 2405 609 2497 pertinere‚
633 2406 737 2495 spero
753 2426 815 2472 vos
831 2404 879 2473 ita
894 2404 1074 2472 induxisse
1089 2402 1259 2487 animum,

271 2507 341 2582 hoc
361 2508 468 2580 etism
486 2506 694 2577 heneficium
716 2505 820 2573 nobis
844 2505 1002 2575 dandum
1017 2528 1119 2589 esse,¹
1131 2517 1173 2574 ut
1193 2528 1259 2573 nos

271 2635 347 2683 non
372 2608 545 2699 gravatim
565 2607 727 2678 audiatis.
777 2604 901 2699 Neque
925 2606 1020 2675 enim
1043 2602 1113 2675 huc
1135 2607 1258 2697 prodi-

271 2736 371 2796 mus,
402 2725 444 2782 ut
472 2710 621 2799 dignum
651 2707 788 2800 aliquid
811 2720 925 2777 vestra
954 2707 1125 2798 sapientia
1153 2722 1259 2801 atque

272 2812 480 2885 anctoritate
494 2810 699 2893 afferamus,
722 2809 819 2902 quod
835 2808 874 2876 in
889 2803 995 2878 huius
1011 2824 1150 2879 nostrae
1163 2821 1259 2878 aeta-

271 2918 316 2988 tis
329 2912 572 2985 imbecillitate
584 2936 631 2982 ne
643 2911 788 3005 quidem
802 2910 1055 3001 requirendum
1069 2925 1132 2982 est.
1165 2909 1259 2981 Tota

271 3014 358 3088 haec
378 3015 500 3085 fabula
516 3014 632 3104 agitur
650 3012 926 3093 adolescentium
943 3036 1067 3097 causa,
1091 3014 1134 3082 ad
1151 3037 1258 3104 quam

807 194 981 273 DECL..
1013 197 1090 272 DE
1123 193 1345 275 sruuto
1377 193 1755 275 LINGUARUM.

2225 218 2304 297 282

1312 370 1508 461 elinguem,
1532 372 1596 440 sed
1610 370 1835 466 eloquentem
1855 390 2065 467 patronum,
2091 383 2154 474 qui
2175 407 2305 461 ornare

1311 473 1632 563 casprodignitate,
1648 488 1681 543 et
1695 476 1976 567 magnitudinem
1991 482 2199 573 utilitatum,
2217 513 2306 583 quas

1297 568 1405 667 'parit
1419 598 1541 645 earum
1561 576 1735 666 cognitio,
1760 578 1939 651 illustrare
1962 596 2090 674 posset.
2142 586 2253 679 Quod
2270 606 2306 667 et

1310 677 1342 746 si
1358 676 1596 770 intelligebam
1614 702 1634 749 a
1649 703 1706 748 me
1729 705 1805 750 non
1823 706 1924 772 posse
1945 684 2042 771 beri,
2066 699 2186 761 umen
2205 695 2305 765 arbi-

1311 780 1433 848 trabar
1464 802 1520 849 me
1550 804 1627 850 non
1658 782 1787 851 debere
1819 786 1984 874 publicas
2015 811 2139 861 cauma
2169 795 2304 884 deesse,

1311 880 1516 972 praesertim
1532 881 1572 949 in
1590 878 1657 951 hoc
1674 882 1770 968 loco,
1796 909 1950 976 quocum
1972 884 2063 959 mihi
2076 893 2220 967 dicendi
2235 924 2306 969 ne·

1312 982 1507 1051 cessitatem
1546 977 1775 1055 scholasticus
1813 985 2043 1079 Magistratus
2083 994 2306 1088 imponeret,

1311 1083 1494 1173 sperabam
1511 1096 1648 1161 tantum
1665 1087 1862 1159 autoritatis
1878 1091 1919 1159 in
1937 1086 2004 1163 hac
2020 1096 2183 1169 oratione
2203 1101 2305 1173 lutu-

1311 1207 1391 1253 rum
1409 1207 1502 1267 esse,
1527 1199 1698 1278 quantum
1713 1189 1870 1259 tribuitis
1885 1194 2053 1267 universo
2073 1200 2224 1291 collegio
2237 1205 2305 1275 do-

1312 1285 1546 1363 ctissimorum
1577 1282 1783 1371 hominum,
1822 1292 1884 1385 qui
1914 1309 1949 1365 et
1978 1292 2043 1367 has
2067 1295 2161 1371 mihi
2187 1317 2302 1395 partes

1313 1389 1545 1471 mandarunt,
1571 1402 1606 1459 et
1619 1411 1720 1460 suam
1741 1395 1952 1464 sententiam
1966 1422 2044 1469 mea
2063 1402 2302 1500 qualicunque

1310 1487 1470 1560 oratione
1483 1488 1584 1559 vobis
1598 1492 1727 1582 exponi
1741 1494 1943 1567 voluerunt.
1985 1496 2060 1589 Qui
2074 1527 2155 1574 cum
2169 1506 2302 1578 doctri·

1312 1614 1377 1670 na,
1412 1590 1566 1674 iudicio,
1592 1616 1711 1662 rerum
1733 1617 1801 1666 usu
1827 1599 2015 1686 excellant,
2046 1605 2201 1698 denique
2220 1632 2303 1680 cum

1310 1692 1380 1759 lide
1402 1714 1538 1762 summa
1560 1706 1594 1764 et
1607 1695 1735 1765 vestris
1754 1698 1883 1767 studiis
1898 1714 1934 1771 et
1948 1692 2133 1775 universae
2145 1704 2302 1798 Reipub-

1310 1794 1511 1863 consultum
1537 1794 1668 1881 velint,
1692 1792 1981 1872 honestissimum
2002 1807 2103 1876 vobis
2123 1820 2193 1893 est,
2218 1834 2301 1881 mo-

1310 1894 1395 1964 nitis
1408 1918 1530 1965 eorum
1544 1894 1699 1969 libenter
1714 1913 1750 1971 et
1762 1902 1920 1973 studiose
1934 1927 2067 1997 parere.

1403 2028 1475 2103 Sed
1489 2028 1595 2101 venio
1611 2032 1657 2102 ad
1671 2056 1826 2125 causam,
1851 2039 1897 2108 de
1912 2064 1980 2133 qua
1996 2042 2079 2135 quia
2095 2044 2200 2116 etiam
2215 2070 2301 2138 pro-

1310 2142 1387 2222 pter
1402 2130 1571 2222 temporis
1585 2135 1785 2223 angustiam
1797 2142 1968 2211 nonsatis
1984 2143 2055 2213 dici
2070 2159 2195 2238 potest,
2216 2148 2300 2219 bre·

1309 2234 1401 2305 viter
1434 2233 1606 2303 utilitates
1643 2237 1848 2331 praecipuas
1882 2241 2065 2333 colligam,
2111 2274 2201 2342 quae
2233 2274 2300 2322 nos

1310 2358 1433 2405 omnes
1453 2336 1497 2404 ad
1521 2334 1726 2425 linguarum
1746 2341 1903 2411 studium
1927 2338 2136 2419 hortantur:
2170 2352 2301 2444 loquor

1310 2449 1426 2508 autem
1443 2438 1489 2508 de
1503 2434 1652 2525 Latina,
1676 2436 1813 2511 Graeca
1828 2456 1863 2514 et
1877 2442 2062 2517 Hebraico.

1408 2566 1501 2642 Cum
1522 2584 1640 2642 autern
1662 2572 1759 2647 aliud
1782 2576 1843 2645 alii
1866 2580 2086 2673 propositum
2110 2582 2148 2653 in
2170 2584 2300 2656 studiis

1308 2666 1481 2758 habeant,
1521 2696 1587 2742 nec
1618 2672 1712 2743 idem
1744 2676 1928 2750 doctrinae
1960 2704 2071 2772 genus
2104 2700 2299 2778 sequantur

1309 2797 1451 2858 omnes,
1476 2774 1520 2843 de
1534 2774 1700 2865 singulis,
1718 2791 1759 2848 ut
1775 2795 1916 2867 vocant,
1942 2784 2221 2875 professionibus
2235 2813 2299 2859 or-

1310 2876 1393 2945 dine
1410 2876 1600 2945 dicendum
1616 2889 1678 2947 est.
1714 2871 1767 2947 Ac
1781 2879 1937 2971 primum
1955 2908 2027 2955 non
2044 2886 2174 2980 opinor
2187 2890 2299 2981 ¹longa

1307 2974 1398 3048 mibi
1414 2978 1652 3070 disputatione
1665 3002 1754 3070 opus
1768 3003 1840 3049 esse
1855 2985 1900 3051 dc
1915 2982 2132 3079 Theologia3
2161 3005 2299 3064 constat

1308 3081 1402 3152 enim
1425 3080 1542 3149 loutes
1560 3074 1779 3170 Theologiae
1804 3084 1954 3156 ebraicis
1976 3102 2010 3160 et
2030 3091 2161 3180 graecis
2184 3092 2298 3165 literis

270 3211 600 3306 vobbhaecprima
616 3218 731 3286 ,mdia
753 3217 906 3307 probari.
957 3214 1171 3309 Quanquam
1190 3216 1257 3305 igi,
1309 3182 1493 3300 contineri.
1532 3176 1618 3300 'Nec
1633 3183 1843 3303 possuntita
1860 3190 2064 3305 transfundi
2078 3191 2232 3285 linguae,
2256 3210 2298 3268 ut

271 3334 332 3391 tur
343 3318 383 3387 in
398 3316 498 3386 omni
512 3338 637 3405 genere
652 3312 855 3386 humanitas
872 3329 983 3386 vestra
999 3319 1103 3388 nobis
1118 3318 1257 3406 cognita
1308 3279 1401 3353 nrhrl
1415 3297 1558 3374 opussst
1572 3283 1743 3369 lontibus,
1768 3309 1798 3353 ει
1813 3288 1963 3361 velimus
1979 3292 2139 3365 iudicare
2153 3298 2197 3367 de
2209 3298 2296 3370 locis

271 3437 307 3493 et
319 3430 498 3512 perspecta
516 3429 578 3501 est,
603 3431 720 3487 tamen
735 3417 772 3486 id
790 3440 930 3509 quoque
946 3419 1059 3487 nostri
1075 3430 1125 3487 est
1140 3419 1257 3503 oflicii,
1308 3385 1487 3471 ⁰h⁵⁶¹¹fi⁸s
1514 3385 1609 3477 ΨΜ
1625 3384 1665 3452 ῙΠ
1681 3387 1802 3455 ¹¹¹¹¹ffi⁸
1817 3392 2032 3477 Βΐᾶνῖδδῐωῐδ
2045 3398 2296 3471 controversiis

270 3522 470 3593 verecunde
490 3533 626 3610 petere,
657 3532 698 3590 u,
724 3542 789 3588 „03
814 3541 927 3611 „quo
951 3518 1071 3589 ,nimo
1093 3519 1256 3593 audiatis·
1307 3486 1384 3555 lieri
1410 3508 1548 3555 necesse
1566 3498 1641 3556 est.
1695 3483 1818 3557 Toties
1846 3496 2068 3566 commendat
2092 3498 2197 3568 nobis
2218 3500 2296 3592 ipsa

271 3623 390 3713 Quare
405 3644 504 3711 rogo,
519 3635 554 3690 et
570 3634 609 3690 ut
619 3615 833 3690 hanameam
850 3620 1042 3689 iuvenilem
1057 3621 1254 3691 orationem
1308 3600 1479 3678 ”upum
1506 3587 1743 3657 ministerium
1770 3591 1889 3677 verbi,
1922 3595 2087 3669 ³dffl0¹¹⁰¹
2117 3623 2295 3693 ¹¹⁰⁵ll¹¹³¹¹¹

268 3725 356 3797 boni
372 3723 574 3803 consulatis,
591 3734 625 3792 et
637 3735 678 3792 ut
691 3736 807 3792 vestra
823 3716 914 3791 mihi
928 3723 1098 3792 autoritas
1113 3724 1203 3795 adsit
1216 3723 1255 3792 in
1307 3690 1525 3807 Y⁰l¹¹¹¹tf¹¹e¹¹¹
1543 3685 1609 3757 Dei
1632 3690 1752 3775 ‘⁰¹⁰3’
1784 3693 1854 3760 ”5⁸5
1871 3693 1909 3763 3¹¹
1930 3690 1986 3765 ¹¹5⁸
1999 3698 2155 3791 ‘ffil'issi
2186 3702 2295 3773 facile

267 3824 334 3898 hac
348 3848 451 3898 causa
466 3848 572 3919 quam
589 3825 760 3914 agendam
774 3823 931 3915 suscepi,
956 3848 1062 3916 quam
1077 3847 1179 3916 spero
1192 3850 1255 3895 vo·
1306 3791 1415 3907 'gibus
1428 3790 1578 3879 imeffigi
1593 3802 1718 3879 ΜΨ
1742 3807 1914 3910 (ἶῦἧῃωῐῃ
1932 3799 2057 3909 “sirii
2071 3802 2222 3891 Ρθῑῗθΐῑθ
2237 3802 2299 3874 in-

266 3929 322 4000 Μ,
338 3952 410 4000 „30
427 3927 726 4019 progaggmam,
1305 3892 1461 3982 tellrgere
1482 3904 1645 3960 naturam
1660 3914 1850 3979 sermonis,
1875 3900 1970 3989 quod
1993 3900 2070 3969 sine
2089 3902 2296 3993 linguarum

370 4029 512 4100 {nstitui
537 4029 633 4097 enim
658 4030 702 4098 de
726 4028 843 4098 studio
873 4026 1093 4118 linguarum,
1125 4041 1167 4100 ut
1190 4054 1255 4098 vo-
1306 3992 1507 4084 ⁶⁰3¹¹ffi⁰¹¹⁰
1539 4004 1574 4062 ‘t
1608 3992 1684 4062 ⁸3⁰⁶
1723 3994 1945 4089 e¹⁰q¹¹²¹niae
1982 4004 2296 4109 0¹⁰¹ssfl³li⁰¹tibus

267 4148 366 4213 eant,
390 4134 518 4200 dicere.
570 4125 649 4198 Etsi
669 4129 765 4196 enim
784 4129 982 4221 plerunque
1001 4126 1060 4199 hic
1076 4127 1254 4202 dePbilo-
1305 4120 1410 4166 ΜΟ
1427 4093 1596 4189 ⁰⁰⁰⁵⁰q¹¹i
1614 4108 1742 4186 Ρθῑθὸῑ·

254 4228 394 4324 ,sophia
409 4231 479 4300 dici
495 4230 595 4311 solet,
609 4242 728 4299 tamen
742 4252 857 4319 neque
872 4222 931 4298 hic
946 4231 1043 4298 locus
1052 4233 1096 4301 de
1111 4233 1267 4321 linguis„
1407 4227 1531 4323 ltaque
1551 4252 1633 4299 cum
1653 4252 1734 4297 suae
1756 4231 1906 4327 quisque
1927 4236 2051 4311 salutis
2068 4264 2194 4328 causa,
2218 4257 2293 4317 tum

267 4336 296 4404 si
313 4333 393 4427 quis
410 4344 502 4401 recte
518 4330 693 4415 aestimet,
713 4354 732 4398 a
749 4324 979 4418 Philosophia
998 4332 1101 4401 valde
1117 4333 1253 4402 alienus
1304 4332 1412 4401 etiam
1445 4344 1590 4422 propter
1622 4329 1801 4419 publicam
1831 4332 2011 4409 Ecclesiae
2049 4346 2293 4418 „mmmm

267 4448 330 4508 est.
381 4428 475 4503 Mihi
494 4431 638 4524 quidem
653 4454 691 4500 ea
704 4424 957 4519 Philosophiae
974 4454 1073 4519 pars,
1098 4457 1188 4525 quae
1202 4446 1254 4503 est
1302 4435 1490 4524 perlectam
1523 4430 1613 4500 sacri
1650 4433 1824 4501 sermonis
1855 4441 2094 4527 cognitionem
2130 4456 2293 4538 expetere

266 4535 494 4619 suavissima,
533 4532 722 4625 praecipue
749 4555 789 4602 er
819 4530 1021 4620 cognitione
1049 4533 1251 4623 linguarum
1302 4535 1421 4606 debet.
1467 4531 1628 4602 Primum
1659 4532 1753 4599 enirn
1785 4536 1951 4624 privatim
1983 4567 2126 4637 quoque
2154 4550 2293 4640 uperi.

266 4641 422 4731 pendere
445 4637 594 4706 videtur.
652 4632 776 4729 Neque
798 4656 882 4701 vero
909 4628 978 4705 boc
1006 4648 1251 4725 argumentum
1301 4658 1384 4705 mur
1401 4634 1550 4704 mirifice
1561 4633 1768 4703 conlirmare
1783 4639 1939 4725 animos,
1964 4667 2044 4713 cum
2060 4647 2099 4715 in
2116 4661 2215 4721 tanta
2229 4675 2293 4723 va·-

266 4741 383 4810 studio
399 4738 566 4809 novitatis
581 4737 713 4826 delegi;
745 4760 860 4829 neque
882 4736 977 4804 enim
993 4737 1100 4809 statui
1114 4760 1171 4805 mc
1186 4760 1254 4805 no-
1300 4735 1425 4807 rietate
1439 4734 1651 4827 opinionum
1678 4738 1778 4828 quasi
1793 4739 1832 4808 in
1847 4764 1922 4809 rem
1937 4761 2157 4832 praesentem
2174 4752 2294 4824 dedu.

267 4866 313 4911 vo
335 4853 542 4931 argumento
566 4840 605 4908 in
639 4835 705 4908 hac
736 4838 886 4906 infantia
913 4838 1111 4909 satisfacere
1142 4860 1252 4929 posse.
1299 4838 1431 4922 cimur,
1463 4834 1692 4925 inspicientes
1716 4841 1911 4928 genuinum
1935 4846 2130 4938 scripturae
2152 4875 2296 4927 sermo-

267 4940 336 5013 sea
361 4944 500 5035 publica
522 4941 710 5012 necessitas
732 4936 912 5028 hortatur,
946 4963 1020 5009 non
1044 4942 1161 5010 solum
1182 4963 1252 5024 me,
1297 4962 1391 5012 nem.
1442 4937 1581 5009 Deinde
1596 4939 1639 5007 de
1654 4940 1790 5029 magnis
1803 4963 1843 5008 ac
1857 4942 2065 5021 difficilibus
2080 4966 2294 5029 controver.

266 5068 390 5115 verum
406 5067 528 5113 omnes
543 5044 657 5113 bonos
674 5043 770 5112 viros
785 5054 957 5135 quamam
971 5064 1036 5132 pro
1051 5066 1089 5111 se
1102 5040 1252 5135 quisque
1295 5042 1358 5109 siis
1371 5042 1512 5133 publice
1527 5039 1565 5108 in
1573 5035 1728 5111 Ecclesia
1746 5044 1982 5131 pronunciare
1994 5052 2088 5123 bona
2102 5058 2293 5131 conscien-

265 5159 391 5238 potest‚
417 5144 689 5215 adolescentiam
705 5147 749 5214 ad
764 5142 881 5215 studia
894 5141 1097 5231 linguamm
1115 5142 1251 5214 exusci·
1294 5141 1344 5212 tia
1369 5144 1428 5214 vix
1448 5157 1597 5234 possunt
1623 5140 1813 5229 Doctores,
1853 5145 1882 5213 si
1909 5170 2020 5236 genus
2045 5160 2222 5230 sermoni.
2248 5161 2294 5231 in

265 5262 340 5320 tare
359 5260 464 5339 atque
484 5246 683 5317 accendere.
733 5244 890 5317 Maxime
911 5269 996 5315 vero
1020 5244 1252 5315 conveniebat
1289 5243 1519 5329 testimoniis,
1560 5269 1602 5315 ex
1633 5244 1764 5337 quibus
1798 5258 1870 5317 tota
1904 5272 1959 5319 res
1993 5253 2186 5330 iudicanda
2214 5274 2295 5345 est,

264 5352 309 5421 ad
341 5351 543 5441 linguarum
582 5370 722 5418 causam
761 5348 933 5438 agendam
968 5342 1134 5419 adbiberi
1175 5370 1249 5415 non
1290 5368 1365 5417 non
1386 5347 1598 5438 intelligant.
1651 5344 1785 5417 Multas
1809 5341 1969 5422 haereses
1984 5359 2123 5447 peperit
2144 5362 2293 5437 inscitia

259 3142 335 3187 ·vos
365 3116 529 3186 acceditis
551 3128 780 3207 spectatores,
811 3128 851 3185 ut
878 3114 1052 3203 intelligat
1078 3115 1257 3199 iuventus,
