4732 6030
97 310 173 391 ³57

111 486 183 558 No.
199 485 260 556 49.

109 581 279 612 w

318 683 395 768 De
425 684 661 792 dignitate
690 684 861 790 legum.

169 861 249 946 Apud
271 862 345 917 Crat.
365 857 397 911 M
419 858 436 910 l.
459 874 487 927 p.
502 856 554 977 {gg
572 874 649 925 sqq..
672 855 876 978 (ilnssliehclepnq,
893 856 929 975 ll·
942 851 966 908 l.
982 850 1096 974 qbgdi,

203 929 364 1054 ¹Snecsriiiiirlii
382 926 884 1064 3131111333ὲέ1ἰἶῗῐριοιιειιιίιΐῑῦτειῖ
898 940 1095 1047 3311588.οῶ

203 1068 312 1141 scripta.
348 1065 438 1141 elliam
454 1064 541 1118 eiusd.
556 1061 711 1134 argumenti
727 1062 781 1117 vid.
793 1061 866 1116 inira
879 1065 911 1116 ad
924 1081 967 1116 an.
983 1058 1060 1114 1548.

916 507 961 544 an.
986 481 1081 546 1538.

914 571 1086 600 w

310 1230 368 1298 De
395 1224 583 1324 dignitate
609 1225 732 1321 legum
754 1229 886 1341 oratio.

100 1379 215 1463 Nihil
232 1393 270 1462 in
285 1393 358 1462 vita
379 1391 502 1461 utilius
518 1402 588 1471 est,
615 1411 722 1481 quam
738 1387 892 1455 inserere
913 1397 1018 1477 atque
1035 1382 1094 1449 in-

103 1496 243 1564 stallare
268 1494 395 1565 animis
420 1495 550 1562 bonam
575 1505 610 1561 et
632 1485 864 1559 honorificam
887 1486 1093 1578 opinionem

102 1599 147 1666 de
170 1596 334 1688 Legibus.
384 1594 458 1665 Nec
479 1595 555 1663 ulla
586 1593 700 1662 maior
728 1605 781 1661 est
805 1590 898 1660 vitae
924 1613 964 1658 ac
985 1586 1093 1656 morti

100 1701 292 1790 pernicies,
316 1723 424 1794 quam
447 1698 661 1766 assuefacere
679 1694 817 1762 animos
834 1694 878 1762 ad
899 1693 992 1777 leges
1008 1713 1094 1759 con-

10 1844 17 1873 ·
100 1804 308 1872 temnendos
322 1816 381 1872 ant
399 1800 625 1869 cauillandos.
677 1794 774 1865 Haec
798 1818 900 1884 saepe
923 1790 1095 1860 inculcari

100 1904 359 1974 adolescentiae
381 1925 461 1972 cum
478 1902 525 1968 sit
546 1899 796 1975 utilissimum,
823 1908 916 1962 recte
938 1893 1014 1960 beri
1037 1892 1095 1960 iu-

100 2006 201 2086 dico,
229 2008 325 2099 qood
348 2005 387 2071 in
413 1997 474 2070 his·
491 2000 755 2091 promotionum
772 1994 978 2088 spectaculis
993 2016 1094 2083 saepe

98 2107 197 2174 idem
228 2117 476 2197 argumentum
505 2104 550 2171 de
574 2102 745 2189 dignitate
767 2099 886 2186 legum
911 2096 1093 2186 repetitur.

100 2206 200 2295 Quid
218 2223 251 2278 et
273 2203 457 2277 honestius
472 2217 541 2287 est,
569 2227 675 2295 quam
695 2201 896 2292 praedicare
913 2211 949 2268 et
965 2221 1094 2266 ornare

99 2312 197 2378 dona
212 2307 297 2395 Dei,
323 2310 415 2379 etad
432 2330 552 2375 earum
574 2329 692 2373 rerum
711 2302 927 2372 intellectum
945 2313 980 2370 et
993 2322 1095 2368 reve-

98 2411 251 2480 rentiam
266 2411 458 2482 exuscitare
474 2407 671 2498 imperitam
690 2403 979 2486 adolescentiam,
1005 2424 1094 2495 quac

101 2516 239 2584 suntin
254 2515 326 2586 vita
343 2509 575 2584 utilissimae?
600 2506 675 2578 Aut
691 2530 842 2601 quarum
860 2528 978 2575 rerum
996 2527 1094 2573 com-

100 2619 355 2687 memoratione
390 2614 507 2707 potius
539 2634 729 2705 personare
755 2611 941 2679 doctorum
975 2619 1095 2676 coetus

79 2732 82 2738 '
100 2718 250 2805 debent,
275 2743 382 2814 quam
396 2713 453 2787 his
469 2715 711 2797 sermonibus,
736 2711 800 2805 qui
814 2722 962 2802 prosunt
976 2711 1020 2782 ad
1033 2731 1093 2778 or·

99 2823 255 2890 nandam
272 2822 421 2912 gloriam
435 2818 522 2898 Dei,
540 2816 632 2885 etad
648 2812 871 2902 disciplinam
889 2809 1095 2893 iuventutis,

99 2926 306 3014 praesertim
332 2945 412 2991 cum
433 2921 660 2986 indoctorum
683 2925 717 2980 et
731 2912 906 2979 malorum
930 2934 1094 2999 congres-

100 3048 159 3093 sus
176 3028 361 3096 abundent
378 3015 543 3088 convitiis
563 3013 705 3102 legum?
741 3008 794 3079 Ac
814 3006 902 3078 mibi
930 3034 1031 3102 saepe
1054 3009 1093 3078 in

99 3141 256 3196 mentem
272 3121 388 3199 venit,
414 3116 501 3189 haec
520 3115 675 3184 convitia
691 3136 764 3182 non
788 3125 926 3183 tantum
948 3137 989 3181 ex
1005 3135 1091 3205 qua·

99 3229 184 3295 dam
199 3223 386 3296 hominum
405 3219 544 3290 iusticia
565 3230 625 3287 aut
650 3215 890 3307 imprudentia
907 3214 1006 3300 oriri,
1032 3216 1092 3283 sed

99 3328 218 3418 spargi
240 3351 260 3396 a
284 3323 437 3396 Diabulo
460 3333 629 3412 tauquam
652 3316 786 3409 spicula
813 3318 858 3385 ad
887 3317 1094 3386 sauciandos

95 3432 207 3500 rudes
222 3441 375 3509 mentes,
394 3438 437 3494 ut
450 3423 567 3510 legum
585 3419 780 3489 reverentia
796 3418 1031 3508 extinguatur,
1058 3430 1093 3488 et

99 3547 269 3625 sequatur
291 3526 474 3619 dissipatio
498 3522 725 3611 disciplinae,
757 3544 847 3613 quae
873 3535 905 3590 et
926 3518 1093 3609 religioni

99 3650 133 3706 et
150 3630 401 3725 tranquillitati
418 3625 598 3698 communi
613 3635 750 3697 noceat.
802 3618 868 3726 Est
889 3634 1008 3691 autem
1024 3645 1093 3689 no·

100 3738 166 3811 stri
188 3736 258 3807 loci
281 3749 385 3826 atque
407 3728 536 3811 officii,
567 3725 738 3795 revellere
761 3723 822 3792 illa
845 3722 1000 3814 spicula,
1024 3715 1092 3791 hoc

100 3854 169 3925 est,
199 3837 305 3907 131333
328 3830 571 3926 persuasiones
597 3851 638 3896 ex
664 3826 793 3895 animis
815 3822 1025 3910 hominum,
1058 3837 1093 3894 et

100 3966 181 4014 curn
202 3940 381 4019 oratione,
415 3948 491 4013 tum
513 3928 681 4020 exemplis
703 3928 880 3997 illustrare
903 3940 1008 4020 atque
1031 3947 1092 3994 or-

99 4067 186 4114 nare
200 4043 317 4131 legum
340 4063 378 4107 ac
400 4035 488 4106 iuris
503 4032 730 4122 dignitatem,
755 4052 794 4098 ac
816 4029 968 4097 retinere
985 4025 1092 4096 disci·

100 4147 235 4240 plinam
260 4155 432 4237 quantum
455 4157 653 4229 possumus.
711 4129 802 4218 Cum
833 4130 942 4218 igitur
962 4129 1001 4197 in
1023 4122 1092 4197 hoc

98 4251 179 4320 loco
202 4246 293 4315 alius
311 4245 367 4311 vir
392 4239 606 4309 clarissimus
628 4232 672 4304 D.
689 4232 822 4304 Ductor
837 4228 1091 4325 Hieronymus,

98 4374 205 4447 quem
220 4371 294 4416 non
308 4345 423 4414 solum
442 4353 586 4434 propter
600 4336 768 4408 beneficia
785 4335 929 4427 quaein
943 4356 1000 4402 me
1017 4331 1092 4423 pri-

92 4453 208 4522 uatim
230 4447 383 4520 contulit
404 4443 576 4536 plurima,
600 4443 659 4509 sed
685 4439 789 4509 etiam
813 4449 957 4528 propter
978 4433 1092 4505 excel-

96 4556 230 4624 lentem
247 4553 414 4621 virtutem
430 4559 466 4615 et
478 4544 675 4613 doctrinam
691 4562 854 4623 veneror,
872 4554 906 4610 ct
921 4551 1091 4630 tanquam

99 4670 235 4751 patrem
253 4655 350 4736 colo,
377 4646 582 4741 gravissime
600 4667 665 4713 nos
679 4636 889 4712 adhortatus
905 4640 951 4709 sit
969 4661 1094 4713 omnes,

52 4742 60 4755 ⁶
97 4762 143 4830 ad
158 4756 391 4829 reverentiam
408 4754 538 4839 legum,
563 4746 691 4815 deinde
710 4745 815 4813 etiam
831 4743 1010 4813 auditores
1024 4764 1092 4809 no-

97 4875 192 4933 stros
206 4862 250 4930 ad
262 4855 482 4945 diligentiam
499 4849 537 4918 in
548 4847 729 4930 discendo,
755 4842 831 4934 Ego
847 4841 917 4915 hoc
934 4857 1091 4933 tempore

97 4965 199 5035 aliud
222 4971 488 5050 argumentum,
513 4952 579 5022 etsi
595 4948 773 5029 vicinum,
799 4971 946 5016 sumam.
998 4942 1091 5014 Tra-

98 5067 202 5138 ctabo
219 5063 315 5132 enim
329 5054 570 5128 scholasticam
586 5049 859 5142 disputationem
875 5049 1000 5119 utilem
1017 5061 1092 5117 stu·

98 5166 232 5249 diesis,
265 5163 361 5257 quod
383 5153 596 5229 Christianis
618 5177 691 5223 non
715 5152 760 5221 sit
782 5151 1016 5225 necessarium
1037 5148 1092 5219 uti

93 5271 237 5360 legibus
253 5262 433 5340 Mosaicis,
456 5259 515 5327 sed
531 5259 626 5350 quod
643 5256 748 5325 liceat
761 5253 814 5323 uti
828 5253 975 5343 legibus,
995 5275 1091 5344 quae

99 5373 172 5443 iuri
188 5385 336 5442 naturae
351 5376 605 5436 consentaneae
621 5371 722 5442 sunt,
745 5355 884 5427 etiamsi
898 5354 943 5423 ab
959 5348 1090 5423 Ethni-

100 5477 152 5547 cis
171 5469 439 5564 Magistratibus
467 5462 631 5535 conditae
653 5473 749 5532 sunt.
809 5456 949 5529 Deinde
971 5468 1091 5526 osten·
1113 5514 1118 5527 .

656 310 818 385 DECL.
869 308 943 383 DE
976 302 1316 381 DIGNITATE
1350 301 1567 378 LEGUM.

2060 282 2134 387 sas

1144 472 1248 553 dam,
1282 468 1490 539 Romanum
1513 469 1569 539 ius
1591 471 1798 543 antecellere
1822 472 1958 564 legibus
1984 476 2134 547 aliarum

1144 572 1319 662 gentium,
1362 585 1395 641 et
1426 595 1508 641 vere
1541 574 1719 664 quandam
1748 570 2018 667 Philosophiam
2050 603 2134 655 esse.

1144 673 1226 745 Scio
1253 673 1348 743 enim
1373 687 1456 743 ante
1472 674 1608 767 aliquot
1626 697 1755 759 annos,
1790 681 1966 770 quendam
1991 678 2135 751 ludaico

1144 774 1287 864 ingenio
1304 776 1517 866 praeditum,
1542 777 1763 847 contendisse
1784 772 1843 848 hic
1861 781 1967 850 etiam
1983 783 2136 872 publice,

1143 901 1217 946 non
1235 876 1340 946 licere
1352 872 1567 947 Christianis
1578 874 1734 949 Ethnico
1748 880 1826 950 iure
1841 882 1904 967 uti,
1932 884 2014 975 quia
2029 880 2135 953 Chri·
2153 938 2156 943 »

1143 980 1277 1050 stianos
1298 993 1459 1072 oporteat
1479 981 1589 1051 verbo
1606 981 1677 1051 Dei
1695 982 1897 1071 gubernari.
1948 983 2073 1054 Postea
2096 987 2135 1055 in

1144 1081 1295 1172 publicis
1328 1080 1559 1152 concionibus
1595 1084 1811 1155 damnabant
1838 1088 1914 1157 eius
1948 1100 2135 1157 sectatores

1143 1207 1295 1276 poenam
1316 1183 1482 1254 usitatam
1504 1184 1611 1269 furti,
1636 1198 1671 1254 et
1692 1186 1859 1281 pleraque
1882 1190 1950 1258 alia
1974 1190 2135 1260 instituta

1143 1286 1261 1356 civilia
1279 1285 1420 1375 imperii
1438 1280 1568 1354 horum
1585 1297 1797 1377 temporum.
1848 1288 1962 1361 Porro
1979 1287 2046 1361 hae
2068 1292 2136 1363 tri-

1143 1387 1303 1458 bunitiae
1326 1386 1444 1476 legum
1467 1388 1714 1487 abrogationes
1735 1402 1770 1458 et
1792 1391 1945 1462 iniustae
1968 1408 2070 1480 sunt,
2101 1409 2136 1466 et

1143 1489 1352 1561 concutiunt
1376 1487 1535 1579 Respub.
1567 1503 1609 1560 ut
1642 1504 1788 1561 eventus
1814 1493 1853 1561 in
1883 1494 1946 1565 illo
1981 1496 2134 1566 terribili

1145 1605 1243 1663 motu
1265 1591 1364 1681 vulgi
1387 1605 1469 1661 ante
1488 1614 1601 1663 annos
1625 1593 1793 1663 tredecim
1817 1597 1984 1666 ostendit.
2042 1597 2136 1671 Sunt

1143 1707 1177 1763 et
1200 1689 1307 1763 hodie
1332 1694 1372 1761 in
1394 1693 1703 1765 administratione
1721 1696 1903 1766 civitatum
1925 1722 2000 1767 non
2018 1701 2134 1792 pauci,

1142 1817 1296 1886 quorum
1335 1793 1570 1863 conscientiae
1611 1798 1866 1888 superstitiosis
1904 1801 2136 1891 opinionibus

1143 1895 1365 1979 cruciantur,
1397 1895 1573 1988 quianon
1600 1909 1692 1967 recte
1715 1897 1896 1970 institutae
1919 1917 2002 1972 sont
2020 1906 2064 1972 dc
2079 1927 2137 1974 re·

1143 2020 1223 2067 rum
1242 1996 1471 2087 politicarum
1493 2019 1571 2068 usu.
1621 1997 1694 2068 Nec
1716 1995 1755 2068 hi
1777 2024 1913 2073 errores
1940 2029 2037 2074 nunc
2062 2005 2138 2096 pri·

1143 2122 1241 2168 mum
1257 2112 1462 2184 nascuntur,
1487 2112 1604 2170 vetera
1622 2098 1885 2174 Monachorum
1903 2106 2135 2178 deliramenta

1142 2213 1245 2286 suut,
1278 2225 1367 2292 quae
1390 2198 1563 2272 Diabolus
1586 2226 1683 2272 nunc
1705 2206 1802 2274 velut
1835 2207 1990 2297 sopitum
2014 2210 2136 2298 'ignem

1142 2324 1266 2372 rursus
1285 2304 1464 2389 exuscitat,
1489 2318 1529 2374 ut
1548 2305 1636 2374 solet
1652 2309 1789 2376 easdem
1808 2303 1969 2379 haereses
1983 2312 2136 2381 subinde

1146 2429 1328 2474 renovare.
1382 2403 1503 2493 Quare
1531 2409 1675 2496 prodest
1697 2407 1844 2479 iuvenes
1866 2413 2077 2496 admonere,
2102 2427 2137 2482 et

1144 2520 1184 2576 ut
1210 2509 1254 2575 de
1281 2501 1346 2576 hac
1373 2507 1578 2601 quaestione
1604 2508 1734 2577 rectius
1760 2509 1936 2592 iudicent,
1971 2527 2006 2582 et
2030 2527 2070 2582 ut
2096 2515 2135 2581 io

1144 2609 1369 2697 dogmatibus
1390 2609 1589 2679 iudicandis
1613 2634 1716 2679 verae
1736 2607 1915 2681 Ecclesiae
1944 2613 2136 2685 sententias

1144 2710 1342 2780 consulant.
1383 2706 1437 2779 Ac
1452 2712 1609 2803 primum
1625 2712 1760 2782 diluam
1776 2727 2021 2804 argumentum
2038 2718 2138 2809 quod

1143 2811 1356 2905 opponitur,
1391 2808 1615 2884 Christianos
1646 2817 1838 2906 gubernari
1867 2818 1996 2887 debere
2027 2820 2136 2888 verbo

1144 2912 1229 2999 Dei;
1253 2937 1361 3007 quare
1377 2916 1611 2998 contendunt,
1636 2940 1725 3008 opus
1743 2941 1816 2986 esse
1831 2920 2005 3010 scriptura
2023 2921 2062 2988 in
2079 2921 2137 2991 iu-

1144 3015 1245 3085 diciis
1269 3015 1445 3084 civilibus.
1495 3013 1671 3108 Expedita
1696 3032 1731 3089 et
1755 3019 1862 3110 plana
1886 3023 2068 3113 responsio
2085 3035 2137 3093 est

1144 3119 1188 3186 de
1212 3117 1389 3207 corporali
1410 3116 1501 3198 vita,
1524 3130 1565 3188 ut
1588 3120 1633 3187 de
1655 3121 1760 3203 cibis,
1794 3122 1991 3210 medicina,
2019 3119 2137 3194 archi-

1143 3218 1326 3292 tectonica.
1369 3213 1591 3289 Christianos
1603 3221 1708 3290 etiam
1724 3221 1915 3308 gubernari
1930 3227 2039 3297 verbo
2054 3227 2137 3312 Dei,

1142 3321 1203 3390 sed
1219 3320 1395 3409 generali,
1420 3346 1491 3413 qno
1506 3321 1592 3391 sinit
1607 3346 1710 3392 usum
1727 3318 1854 3393 harum
1872 3351 1992 3396 rerum
2006 3353 2136 3420 appro-

1143 3423 1264 3492 batum
1278 3443 1352 3492 esse
1366 3444 1386 3491 a
1402 3419 1492 3508 Deo,
1512 3420 1584 3517 imq
1600 3418 1665 3494 has
1681 3426 1775 3517 ipsas
1787 3451 1844 3497 res
1858 3425 1927 3497 Dei
1943 3431 2036 3499 dona
2051 3454 2136 3515 esse,

1142 3523 1285 3593 condita
1301 3524 1347 3593 ad
1361 3547 1464 3594 usum
1481 3538 1656 3598 nostrum.
1710 3524 1897 3600 Caeterum
1916 3543 1956 3602 ut
1977 3533 2135 3603 medicus
2190 3550 2195 3559 ·

1143 3648 1205 3695 seu
1226 3620 1438 3697 architectus
1457 3649 1533 3695 non
1555 3642 1702 3698 sumunt
1717 3645 1901 3722 praecepta
1918 3655 2062 3703 snemm
2077 3659 2135 3703 ar-

1141 3726 1232 3795 tium
1256 3749 1298 3795 ex
1320 3726 1524 3817 scripturis,
1549 3729 1599 3798 ita
1627 3754 1693 3800 nec
1714 3727 1948 3820 legislatorem
1966 3737 2009 3801 de
2029 3736 2134 3803 rebus

1141 3826 1297 3919 politicis
1311 3851 1401 3918 opus
1415 3839 1484 3912 est,
1509 3842 1650 3918 praeter
1665 3834 1863 3919 generalem
1880 3832 2048 3920 regulam,
2074 3858 2135 3905 su·

1141 3952 1237 3997 mere
1252 3927 1365 4019 ipsam
1381 3940 1493 3997 artem
1506 3949 1547 3996 ex
1561 3928 1748 4020 scriptura.
1789 3930 1879 4001 Nam
1896 3930 2132 4024 Evangelium

1141 4053 1222 4099 cum
1246 4028 1391 4119 proprie
1417 4027 1648 4099 concionetur
1668 4032 1713 4101 de
1735 4044 1876 4103 aeterna
1901 4050 1935 4106 ct
1955 4037 2133 4128 spirituali

1142 4132 1232 4214 vita,
1257 4152 1333 4199 non
1348 4140 1481 4215 motat,
1507 4153 1581 4199 oon
1604 4131 1766 4205 labefacit
1789 4139 2049 4224 oeconomiam,
2072 4155 2134 4212 aut

1142 4231 1322 4326 politicam
1338 4231 1464 4315 vitam,
1491 4257 1582 4326 quae
1600 4235 1728 4306 collata
1751 4238 1796 4308 ad
1814 4239 2001 4310 interiores
2015 4244 2133 4314 cordis
2178 4240 2181 4245 ’

1141 4348 1280 4419 motus,
1304 4333 1495 4426 persimilis
1517 4349 1568 4405 est
1589 4337 1724 4411 domui.
1760 4336 1808 4410 Ut
1824 4341 1919 4410 enim
1935 4345 2063 4413 domus
2081 4359 2132 4417 est

1141 4436 1313 4527 singulari
1334 4448 1409 4506 arte
1432 4449 1605 4522 extructa,
1627 4452 1707 4530 apte
1729 4442 1942 4532 contignatis
1964 4447 2132 4518 omnibus

1140 4539 1320 4632 partibus,
1345 4531 1493 4628 ac'tegit
1513 4533 1686 4633 hospitem
1700 4543 1867 4613 adversus
1886 4560 2131 4639 tempestatum

1141 4641 1309 4724 iniurias,
1334 4638 1468 4708 interea
1483 4652 1602 4709 tamen
1621 4637 1771 4734 hospitis
1791 4647 1931 4716 animus
1946 4673 2021 4719 non
2036 4652 2131 4721 intra

1141 4738 1207 4812 hos
1228 4741 1378 4833 parietes
1393 4735 1617 4828 cohercetur,
1639 4747 1698 4812 sed
1721 4746 1847 4818 tacitns
1863 4749 1908 4818 dc
1919 4749 1987 4821 Dei
2002 4753 2131 4823 volun-

1141 4859 1211 4916 tate
1228 4856 1264 4914 et
1279 4844 1323 4911 de
1337 4842 1543 4913 aeternitate
1562 4845 1735 4934 cogitans,
1758 4851 1884 4939 procul
1902 4852 2071 4948 tanquam
2089 4855 2131 4927 in

1141 4944 1279 5016 coelum
1301 4944 1478 5030 sublevat3
1511 4947 1709 5019 considerat
1731 4951 1827 5019 enim
1850 4954 2012 5025 omnium
2035 4970 2130 5029 aeta·

1141 5063 1217 5119 tum
1237 5047 1467 5130 mutationes,
1494 5048 1709 5137 religionum
1731 5066 1830 5123 ortus
1848 5078 1888 5126 ac
1912 5057 2128 5142 discrimina,

1140 5149 1373 5241 imperiorum
1396 5148 1507 5234 vices,
1534 5149 1650 5221 tristes
1674 5177 1783 5240 casus,
1811 5157 1941 5250 quibus
1956 5156 2041 5232 haec
2059 5156 2128 5231 hu-

1140 5275 1244 5321 mana
1271 5264 1398 5322 natura
1420 5251 1573 5323 obnoxia
1599 5267 1667 5340 est,
1706 5269 1740 5328 et
1758 5282 1777 5326 e
1792 5261 1935 5349 regione
1956 5262 2127 5334 beneficia

1141 5349 1292 5438 christu
1333 5352 1488 5446 denique
1512 5369 1547 5428 et
1573 5352 1705 5429 dehac
1728 5360 1931 5452 ipsadomo
1957 5365 2127 5454 cogitans,

1140 5455 1291 5529 miratur
1322 5454 1519 5633 opifieziprp,
1554 5470 1588 5530 et
1621 5462 1779 5552 agnoscit
1811 5463 1917 5534 etiam
1937 5464 2125 5559 ‘corporali

2169 4828 2189 4859 (Ο
