4732 6030
266 226 341 299 528

270 424 312 471 ac
332 378 476 470 Eoemis
501 397 750 468 concederetur
775 394 828 463 uti
860 393 998 484 integro
1019 392 1258 469 Sacramenta.

271 501 369 573 Idem
396 503 509 570 visum
536 513 586 567 est
608 496 729 565 multis
745 497 858 565 doctis
874 496 961 566 viris
984 498 1020 565 in
1039 522 1079 566 ea
1097 497 1257 592 Synodo.

271 603 342 676 Sed
360 602 517 673 lulianus
524 597 725 669 Cardinalis
740 594 900 669 hortator
914 613 999 683 erat,
1016 614 1055 670 ut
1070 603 1153 671 totis
1163 599 1257 670 Ger-

271 705 411 776 maniae
432 702 566 772 viribus
587 697 739 770 Boemos
763 701 963 785 invaderet,
990 725 1029 770 ac
1053 719 1255 785 cessantem,

270 830 372 896 saepe
389 805 610 893 obiurgabat.
664 802 826 872 Tandem
843 803 888 872 ita
908 804 1081 894 perpellit.
1130 803 1254 875 Exorti

270 920 370 979 erant
383 907 421 974 in
437 904 583 975 Boemia
600 905 773 974 tumultus
790 904 917 973 scelere
934 905 1115 974 cuiusdam
1134 904 1255 976 Abba-

268 1012 327 1093 tis,
352 1010 413 1101 qui
432 1008 584 1098 puellam
598 1008 754 1076 nobilem
770 1020 952 1098 rapuerat;
980 1003 1071 1077 hanc
1085 1034 1163 1076 cum
1182 1011 1254 1077 fra-

269 1125 378 1182 teret
400 1109 537 1198 cognati
559 1109 809 1178 tumultuosius
836 1125 1077 1199 reposcerent,
1111 1124 1254 1202 questus

269 1227 321 1284 est
338 1210 495 1282 lulianus
513 1210 701 1280 seditiones
719 1232 791 1278 esse
806 1224 929 1284 motas.
980 1208 1036 1280 Ad
1054 1207 1115 1280 has
1132 1213 1254 1303 oppri-

269 1316 414 1385 mendas
437 1309 599 1383 hortatur
617 1309 887 1403 Imperatorem,
918 1336 1005 1405 quas
1028 1315 1171 1406 quidem
1193 1314 1254 1384 ille

267 1415 510 1487 moderatione
536 1415 649 1484 multo
676 1413 831 1495 facilius,
862 1438 969 1507 quam
1000 1417 1107 1485 armis
1132 1418 1254 1486 sedare

266 1530 423 1613 poterat,
455 1541 537 1586 vere
564 1518 658 1585 enim
681 1515 797 1609 inquit
820 1510 1006 1586 Menelaus
1028 1519 1119 1608 apud
1144 1514 1253 1587 Euri-

265 1623 401 1712 pidem:

369 1741 405 1805 Si
420 1748 485 1803 velo
502 1744 603 1804 tendas
618 1745 763 1819 nimium,
789 1747 873 1803 navis
889 1748 1042 1824 mergitur,

368 1843 429 1907 Sed
444 1851 468 1905 si
483 1851 597 1906 relaxes
612 1867 729 1920 rursus,
759 1845 878 1905 vehitur
892 1851 997 1912 tutius.

368 1945 446 2010 Odit
461 1944 545 2009 Deus
559 1952 647 2008 nimis
662 1947 850 2007 vehementes
867 1952 1007 2029 impetus,

366 2048 468 2113 Odere
486 2054 582 2127 cives,
609 2054 721 2131 gratior
741 2062 783 2109 est
799 2049 975 2111 moderatio.

265 2160 336 2233 Se'd
360 2161 446 2230 vicit
471 2157 599 2230 luliani
624 2159 794 2230 sententia
818 2183 879 2229 seu
900 2161 990 2240 lato,
1016 2183 1076 2230 seu
1095 2159 1177 2254 quia
1195 2182 1250 2228 se·

265 2261 564 2353 nemerincipem
582 2260 830 2354 superstitione
847 2264 1010 2335 terrebat.
1045 2259 1169 2331 Movet
1185 2263 1251 2351 igi-

265 2379 324 2436 tur
345 2364 523 2434 funestum
558 2365 708 2445 bellurn,
748 2363 786 2430 iu
819 2389 890 2457 quo
921 2365 1070 2435 victores
1098 2358 1251 2432 Bohemi

262 2479 383 2558 postea
400 2480 596 2556 eruperunt
619 2466 656 2533 in
672 2461 921 2550 Germaniam,
947 2478 981 2534 et
1002 2466 1069 2535 late
1085 2466 1251 2535 viciniam

261 2566 420 2658 populati
434 2581 526 2637 suut.
578 2565 734 2635 Accessit
750 2566 795 2634 ad
812 2581 946 2636 caetera
962 2567 1053 2636 mala
1076 2563 1143 2636 hoc
1160 2593 1250 2661 quo-

262 2693 343 2763 que,
363 2669 459 2761 quod
478 2666 673 2760 lmperator
689 2691 811 2738 rursus
824 2670 869 2737 de
886 2693 968 2760 pace
981 2693 1098 2761 agens,
1123 2669 1160 2737 in
1180 2669 1250 2738 illis

261 2771 348 2864 ipsis
370 2771 702 2854 deliberationibus,
727 2769 843 2859 gravis
864 2771 986 2856 annis,
1017 2785 1052 2842 et
1069 2772 1249 2842 conlectus

260 2871 464 2960 laboribus,
491 2873 649 2942 moritur.

298 3036 299 3039 ¹
361 3008 445 3078 Fuit
459 3008 619 3077 loelicior
632 3009 670 3076 in
689 3022 766 3100 toga
784 3035 889 3103 quam
906 3009 1081 3092 inarmis,
1102 3009 1164 3076 etsi
1182 3010 1249 3078 ali-

261 3111 398 3202 quoties
420 3109 589 3178 Turcicas
613 3111 731 3201 copias
752 3114 844 3182 ludit
861 3137 900 3182 ac
916 3112 1125 3202 profligavit.
1177 3110 1246 3181 Sed

260 3210 443 3298 ingenium
459 3211 527 3277 fuit
547 3212 660 3298 aptius
682 3213 846 3283 civilibus
865 3214 1036 3304 negociis,
1064 3214 1248 3305 inquibus

260 3311 448 3400 singularis
466 3311 541 3378 eius
557 3312 745 3379 dexteritas
758 3316 843 3398 fuit,
869 3338 907 3384 ac
923 3310 1013 3382 mihi
1030 3318 1247 3405 comparanti

260 3438 341 3485 eum
360 3437 440 3482 curn
458 3412 636 3481 veteribus
653 3409 895 3504 Principibus,
920 3417 1063 3484 videtur
1084 3439 1159 3485 non
1184 3418 1248 3484 ad-

259 3517 404 3586 modum
418 3514 600 3583 dissimilis
616 3514 721 3584 luisse
739 3514 923 3585 Antonino
938 3514 1014 3599 Pio,
1034 3529 1096 3585 aut
1113 3515 1246 3586 Marco.

260 3616 396 3706 Legum
425 3631 460 3686 et
490 3613 582 3685 luris
614 3617 915 3707 disputationibus
942 3618 1182 3707 argutioribus
1209 3620 1246 3686 in

257 3720 382 3810 primis
397 3719 654 3801 delectabatur,
680 3721 790 3790 multa
808 3721 845 3789 iu
862 3721 1065 3791 civitatibus
1081 3723 1245 3789 emenda-

257 3823 321 3905 vit,
346 3822 433 3890 duas
447 3820 598 3889 familias
612 3816 816 3892 Electorum
837 3822 1063 3913 amplificavit
1076 3822 1249 3911 dignitate.

258 3937 292 3992 et
311 3924 486 4013 potentia,
519 3919 635 3992 Duces
657 3923 847 4010 Saxoniae,
881 3920 1179 4010 etMarchioues,
1211 3942 1245 3994 et

256 4025 344 4096 utile
353 4022 509 4116 Reipub.
526 4025 706 4109 iudicavit,
729 4026 934 4117 Principum
945 4023 1148 4098 Electoruru
1160 4052 1246 4118 opes

257 4127 393 4214 augeri,
421 4149 510 4218 quos
522 4125 663 4216 qrridem
680 4140 720 4196 ut
736 4128 860 4196 fratres
880 4131 1011 4197 amavit
1034 4145 1069 4199 et
1087 4132 1245 4199 consiliis

258 4228 424 4295 omnibus
438 4222 619 4306 adhibuit,
644 4249 718 4294 non
733 4228 880 4296 exclusit
895 4254 913 4294 a
929 4230 1245 4301 deliberationibus

259 4328 349 4412 suis,
382 4351 479 4394 more
504 4327 700 4418 tyrannico.
758 4327 958 4416 Religionis
986 4355 1068 4398 cura
1099 4357 1243 4420 magno-

258 4453 341 4519 pere
358 4427 593 4496 adficiebatur.
630 4425 671 4497 ln
682 4426 826 4497 Boemia
842 4428 987 4516 direptis
1003 4432 1107 4499 bonis
1121 4430 1245 4501 Eccle-

259 4532 409 4612 siarum,
442 4551 564 4598 rursus
584 4530 629 4598 de
653 4554 717 4599 suo
739 4530 899 4601 attribuit
914 4527 1091 4622 parochiis
1106 4557 1244 4604 annuos

258 4634 403 4703 reditus.

356 4765 451 4835 Haec
475 4767 519 4834 de
535 4766 605 4836 vita
627 4778 661 4834 et
684 4764 789 4831 rebus
805 4764 908 4852 gestis
924 4763 1144 4852 sigismundi
1169 4766 1243 4836 col-

707 218 865 296 DECL.
896 217 972 293 DE
1003 219 1339 294 DlGNlTATE
1369 220 1574 297 STUDll
1609 206 1819 297 THEOL.

2227 230 2304 307 324

1308 397 1400 486 cipes
1417 410 1451 466 et
1465 395 1621 486 privatos
1637 390 1801 463 homines
1819 409 1980 485 possunt.
2032 396 2302 475 Prodest‘enim

1308 499 1474 567 omnibus
1498 511 1617 566 tenere
1639 520 1760 565 causas
1784 509 1818 566 et
1843 497 2034 568 certamina
2058 498 2302 596 Synotlorurn,

1308 613 1342 669 et
1356 599 1581 690 Principibus
1603 601 1746 690 prodest
1768 621 1907 684 cavere,
1932 618 1979 668 ne
1999 603 2157 672 artificiis
2178 620 2301 701 tyran-

1307 701 1467 771 nicorum
1486 700 1695 770 Pontificum
1711 700 1854 771 incendi
1868 723 1905 768 se
1921 703 1966 770 ad
1986 703 2095 797 impia
2112 709 2205 778 bella
2221 735 2302 781 mo-

1308 806 1420 872 venda
1444 803 1642 894 patiantur,
1684 807 1743 870 sed
1768 816 1808 870 ut
1826 797 2004 872 Ecclesiae
2028 829 2147 878 musas
2170 813 2301 883 ordine

1307 919 1535 994 cognoscant,
1578 920 1616 973 ut
1644 905 1736 993 leges
1757 903 2010 976 ecclesiasticae
2038 909 2077 977 in
2103 906 2300 1004 Evangelio

1307 1008 1454 1076 traditae
1475 1007 1666 1098 postulant.
1719 1004 1814 1075 Dixi.

1321 1220 1407 1229 ---

2133 1398 2182 1447 tn.
2200 1378 2294 1448 15³7.

2115 1467 2287 1496 Μ

1312 1362 1483 1487 Q

1448 1562 1524 1646 De
1558 1562 1793 1673 dignitate
1824 1565 1972 1650 studii
2006 1566 2142 1652 theol.

1373 1735 1404 1788 ln
1418 1732 1571 1789 Declamst.
1584 1734 1617 1788 Τ.
1630 1737 1651 1790 l.
1667 1755 1694 1806 p.
1708 1737 1742 1789 59
1754 1755 1830 1809 sqq.,
1847 1737 1874 1792 in
1889 1737 2010 1794 Servent.
2024 1738 2057 1795 Τ.
2072 1739 2094 1792 Ι.
2107 1758 2132 1811 p.
2142 1740 2185 1796 st.
2201 1750 2228 1795 et
2244 1760 2290 1814 ap.

1405 1803 1534 1858 Richard.
1548 1804 1581 1857 Τ.
1593 1806 1637 1860 ΙΙΙ.
1659 1825 1685 1876 p.
1699 1808 1738 1861 12.

1303 1967 1433 2036 Oratio
1441 1967 1548 2035 Dect.
1563 1967 1602 2036 0.
1620 1967 1867 2060 concepere·
1881 1965 1928 2037 dc
1943 1962 1984 2037 di
2034 1970 2129 2039 itote
2141 1939 2291 2043 nudio-

1302 2089 1389 2139 rum
1401 2065 1705 2163 theologicorum,
1723 2064 1854 2139 babitu
1867 2084 1966 2139 anno
2029 2071 2078 2141 .l)
2092 2073 2242 2144 XXXV
2239 2080 2290 2147 11.

1402 2172 1444 2275 in
1463 2175 1697 2261 promotione
1719 2174 1773 2242 M.
1801 2175 1930 2242 Petri
1954 2170 2188 2273 Palladit.

1300 2309 1554 2413 Imposuerunt
1572 2316 1657 2390 mihi
1675 2317 1739 2393 has
1755 2338 1870 2417 partes
1882 2314 1954 2395 hoc
1970 2322 2050 2421 loco
2069 2323 2211 2437 dicepdi
2230 2349 2289 2397 su-

1303 2423 1458 2514 periores
1483 2425 1615 2506 nostri,
1652 2448 1843 2517 quoscum
1866 2449 2002 2497 summa
2024 2427 2151 2519 pietate
2175 2441 2209 2498 et
2231 2453 2289 2500 re-

1303 2526 1458 2595 verentia
1475 2526 1589 2595 colere
1604 2527 1810 2612 debeamus,
1834 2551 1909 2597 non
1924 2529 1991 2599 lu't
2006 2523 2094 2598 mihi
2111 2528 2286 2620 integrum

1302 2652 1423 2696 eorum
1446 2629 1671 2721 autoritatem
1698 2631 1902 2727 detrectare.
1955 2555 2040 2703 Peto
2063 2631 2204 2720 igitura
2221 2656 2287 2701 vo-

1301 2729 1356 2799 bis
1370 2731 1557 2816 omnibus,
1582 2743 1620 2798 ut
1638 2754 1693 2799 me
1711 2754 1786 2800 non
1799 2730 1931 2821 ingenii
1955 2731 2101 2817 fiducia,
2126 2744 2186 2801 aut
2204 2756 2285 2802 meo

1301 2832 1470 2917 consilio,
1494 2833 1681 2925 sumpsisse
1707 2832 1798 2901 mihi
1820 2827 1887 2905 hoc
1908 2832 2110 2929 negocium,
2135 2836 2195 2902 sed
2222 2837 2287 2902 ad·

1301 2935 1445 3004 ductum
1463 2934 1591 3019 officio,
1617 2936 1654 3003 iu
1670 2932 1767 3005 hunc
1783 2935 1899 3005 locum
1915 2934 2057 3027 prodire
2069 2935 2286 3007 existimetis.

1301 3032 1419 3123 Quare
1443 3061 1594 3129 aequum
1623 3051 1691 3122 est,
1726 3062 1788 3107 vos
1812 3037 1916 3107 etiam
1948 3037 2140 3107 orationem
2170 3061 2285 3106 meam

1301 3137 1385 3205 boni
1402 3141 1601 3217 consulere,
1628 3164 1732 3233 quam
1751 3138 1890 3209 institui
1907 3141 1951 3207 ad
1969 3139 2286 3233 commonefacien-

1299 3242 1363 3307 dos
1381 3239 1570 3330 'imperitos
1593 3242 1849 3324 adolescentes,
1873 3254 1913 3308 ut
1929 3240 2065 3311 discant
2087 3256 2286 3312 reverenter

1298 3341 1429 3409 sentire
1450 3343 1493 3409 de
1516 3342 1642 3411 studiis
1664 3365 1841 3413 sacrarum
1863 3341 2068 3428 literarum,
2094 3357 2128 3414 et
2151 3345 2287 3435 profes-

1298 3443 1397 3509 sione
1415 3437 1620 3532 theologica.
1670 3443 1768 3515 llaec
1785 3444 1918 3528 oratio,
1940 3440 2009 3513 hoc
2025 3445 2169 3536 quidem
2195 3459 2286 3514 tem-

1298 3567 1401 3635 pore,
1434 3544 1472 3611 in
1497 3558 1593 3615 tauta
1616 3522 1829 3615 iudiciorum
1851 3545 2095 3637 perversitate,
2127 3547 2284 3616 intanta

1300 3646 1517 3717 immanitate
1544 3648 1616 3717 odii
1643 3651 1810 3717 adversus
1833 3645 2040 3718 Doctrinam
2060 3642 2285 3716 Ecclesiasti-

1298 3770 1392 3831 cam,
1422 3749 1605 3839 inprimis
1630 3752 1822 3819 necessaria
1848 3763 1909 3822 est.
1967 3746 2042 3818 Etsi
2067 3762 2183 3817 autem
2208 3771 2284 3817 non

1297 3849 1380 3917 satis
1403 3852 1599 3920 autoritatis
1624 3856 1668 3920 ad
1691 3866 1823 3922 tantam
1845 3875 1982 3920 causam
1997 3851 2100 3920 affert
2111 3873 2185 3919 mea
2200 3874 2284 3940 per-

1297 3974 1402 4031 sona,
1441 3965 1655 4023 tamencum
1676 3956 1817 4045 publico
1841 3953 1986 4023 nornine
2010 3946 2178 4021 habeatur
2197 3974 2282 4019 ora·
2314 3961 2320 3970 '

1298 4054 1365 4133 tio,
1387 4067 1420 4125 et
1435 4069 1571 4127 tautum
1591 4058 1798 4127 sententiam
1821 4056 2028 4126 recitaturus
2044 4076 2120 4123 sum
2136 4052 2282 4123 divinae

1297 4156 1505 4246 scripturae,
1538 4173 1571 4229 et
1593 4184 1694 4228 causa
1723 4172 1793 4227 tota
1819 4159 1862 4227 ad
1878 4155 2053 4227 Ecclesiae
2074 4155 2282 4244 dignitatern

1297 4271 1400 4349 atque
1415 4261 1603 4329 utilitatem
1630 4261 1819 4351 pertineat,
1845 4259 2042 4328 admonitio
2065 4270 2185 4333 nostra
2207 4280 2281 4326 non

1296 4361 1364 4429 erit
1386 4365 1615 4450 aspernanda.
1678 4361 1724 4434 Ut
1756 4362 1864 4451 igitur
1889 4362 2028 4429 veniam
2053 4361 2096 4429 ad
2129 4383 2280 4429 causam.

1296 4459 1395 4531 Sicut
1430 4462 1558 4534 Paulus
1594 4464 1726 4557 inquit:
1761 4462 1841 4532 Nou
1877 4465 1985 4554 pudet
2010 4486 2067 4530 me
2095 4458 2281 4550 Evangelii

1295 4558 1448 4649 Christi,
1479 4567 1526 4635 ita
1549 4568 1646 4635 decet
1669 4565 1810 4636 affectos
1832 4589 1904 4634 esse
1926 4589 2049 4633 omnes
2069 4565 2165 4654 pios,
2191 4575 2281 4659 utet

1295 4665 1442 4733 verbum
1458 4663 1523 4733 Dei
1542 4680 1616 4735 toto
1632 4682 1771 4758 pectore
1786 4682 1923 4751 ament,
1949 4680 1983 4736 et
1998 4679 2190 4755 agnoscant
2206 4660 2281 4735 esse

1294 4790 1469 4837 summum
1491 4769 1650 4837 omnium
1672 4772 1922 4841 beneficiorum
1944 4766 2030 4852 Dei,
2062 4782 2096 4839 et
2119 4767 2284 4838 ministe-

257 4870 344 4958 legi,
378 4893 466 4961 quae
489 4869 571 4937 satis
597 4867 773 4950 indicant,
808 4890 888 4935 eum
912 4867 1018 4934 fuisse
1041 4866 1240 4960 Principem
1295 4869 1385 4937 rium
1412 4869 1546 4959 ipsum,
1571 4866 1638 4940 hoc
1663 4889 1730 4958 est,
1759 4872 1938 4964 publicum
1961 4894 2092 4941 munus
2114 4870 2285 4953 docendi,

257 4971 439 5041 excellenti
471 4971 634 5059 ingenio,
670 4970 820 5051 virtute,
861 4968 1017 5052 iusticia,
1056 4971 1239 5040 clementia
1292 4994 1417 5059 magna
1442 4971 1567 5061 pietate
1591 4990 1836 5058 revereantur,
1863 4969 1999 5043 honore
2020 4971 2192 5055 alliciant,
2223 4971 2284 5040 iu·

254 5072 473 5166 praeditum,
501 5095 540 5141 ac
556 5086 722 5142 conatum
745 5094 817 5139 esse
833 5072 877 5139 de
892 5068 1033 5161 Repub.
1053 5073 1142 5142 bene
1167 5098 1240 5142 me·
1292 5087 1374 5142 vent
1413 5073 1509 5142 iuxta
1547 5078 1790 5158 vocationem,
1833 5077 2025 5144 defendant
2063 5088 2097 5142 et
2138 5087 2283 5148 ornent.

255 5176 337 5248 reri.
394 5171 545 5263 Propter
575 5168 639 5240 has
662 5175 808 5243 virtutes
831 5174 947 5257 decet,
977 5173 1080 5242 nobis
1103 5189 1237 5264 gratam
1289 5172 1386 5244 Haec
1407 5176 1511 5246 debet
1533 5179 1783 5247 essoomuium
1807 5177 1946 5268 piorum
1965 5176 2151 5268 praecipua
2177 5199 2281 5257 cura3

253 5301 327 5347 esse
339 5275 449 5366 ipsius
465 5271 682 5343 memoriam.
741 5272 880 5344 Deinde
893 5276 1036 5365 negocia
1054 5275 1238 5370 inquibus
1289 5278 1349 5346 scd
1361 5279 1405 5346 ad
1427 5273 1518 5349 hanc
1536 5278 1640 5351 Pauli
1656 5304 1776 5350 vocem
1800 5283 2020 5352 conferamus
2038 5278 2164 5347 mundi
2183 5278 2283 5347 iudi-

253 5392 410 5450 versatus
433 5388 501 5460 est,
527 5377 571 5447 de
594 5375 716 5445 multis
740 5376 846 5448 rebus
862 5380 1053 5450 admonere
1076 5392 1109 5449 et
1130 5377 1237 5450 Prin·
1288 5379 1352 5452 cia.
1405 5378 1560 5452 Maxima
1577 5405 1656 5474 pars
1673 5376 1858 5454 homiuum
1878 5382 1995 5474 palam
2021 5381 2217 5451 contemnit
2245 5394 2281 5450 et
