4732 6030
215 280 289 354 sss
472 344 480 357 ,
696 269 854 346 nncn.
886 265 961 343 on
996 226 1236 346 srnnus
1272 266 1764 346 noonnscnnrnu.
2184 272 2258 349 sss

216 449 360 523 monuit
375 446 510 519 Fabius
524 446 651 535 scripta
666 441 860 513 evolvenda
874 465 948 513 esse
963 468 1043 516 cum
1059 445 1122 518 tali
1137 445 1209 515 sol·
1261 443 1389 535 ceptis,
1414 441 1634 534 concipimus
1652 464 1691 512 ac
1713 441 1910 533 gignimus,
1931 454 2094 513 mortuae
2116 456 2202 516 sunt
2223 459 2258 518 et

215 552 420 635 licitudine,
446 549 545 642 quasi
566 568 632 614 nos
655 545 723 636 ipsi
746 546 796 615 ita
818 547 984 638 scripturi
1003 548 1059 615 vel
1077 548 1209 618 dicturi
1262 546 1451 625 informes,
1477 569 1567 638 quae
1587 545 1720 615 deinde·
1740 547 1826 616 dum
1847 546 1973 615 crebro
1993 545 2039 614 de
2062 545 2149 636 ipsis
2173 572 2255 617 cum

217 659 346 735 simus,
387 652 482 743 quod
516 648 564 716 ita
595 647 673 733 frat,
710 660 750 718 ut
782 647 1070 738 vigilantioribus
1096 651 1209 720 oculis
1261 648 1340 717 aliis
1361 647 1600 740 colloquimur
1619 669 1661 718 ac
1679 660 1979 733 commentamur,
2012 649 2058 716 ab
2079 648 2154 738 ipsa
2175 651 2257 719 viva

218 758 338 830 omnia
352 756 551 831 lustremus,
571 744 664 819 nihil
679 749 785 818 nobis
800 750 893 820 elabi
907 751 1095 842 patiamur,
1112 754 1208 845 quod
1262 773 1347 818 voce
1362 762 1396 819 et
1418 751 1625 820 tractatione
1643 774 1706 819 ceu
1723 751 1832 818 vitam
1848 763 1882 820 et
1896 751 2086 840 perfectam
2102 752 2254 820 formam

218 863 408 931 observatu
423 853 573 942 dignum
597 852 660 933 sit,
687 863 721 920 et
745 852 787 920 ad
814 876 937 922 omnes
952 854 1101 924 virtutes
1122 854 1210 923 scri·
1262 851 1451 943 recipiunt.
1502 848 1551 921 Et
1572 875 1654 920 vere
1677 852 1813 921 dictum
1838 864 1889 922 est
1914 852 1959 920 ab
1981 848 2190 936 Aristotele,
2216 855 2255 922 id

218 966 360 1054 ptorsim
376 957 624 1046 expendendas
640 955 845 1024 attentiores
860 956 1062 1025 reddamur.
1110 954 1209 1025 Idem
1263 953 1419 1044 primurn
1439 966 1573 1022 certum
1598 954 1738 1043 signum
1759 977 1853 1039 esse,
1878 956 1975 1047 quod
1999 954 2129 1047 aliquis
2146 955 2256 1047 quid·-
2335 949 2340 956 ’

219 1063 259 1131 in
292 1059 443 1130 consilio
472 1056 541 1126 fnit
573 1052 645 1140 his,
686 1056 748 1150 qui
775 1056 935 1125 examina
968 1057 1211 1143 instituerunt,
1264 1054 1357 1148 piam
1380 1068 1472 1124 recte
1496 1055 1600 1140 sciat,
1625 1055 1657 1123 si
1673 1057 1774 1125 deco
1796 1055 1873 1147 ipso
1890 1055 1991 1149 loqui
2008 1068 2048 1125 et
2063 1055 2173 1125 alium
2190 1057 2258 1125 do-

219 1186 369 1252 nempe,
395 1172 435 1229 ut
448 1159 707 1228 circumdarent
722 1180 842 1227 curam
858 1159 1074 1231 discentibus
1090 1160 1210 1228 omnia
1264 1180 1341 1227 cere
1361 1156 1482 1247 possit.
1541 1152 1632 1227 Eam
1656 1159 1805 1248 gratiam
1827 1158 1996 1227 debemus
2023 1157 2258 1244 examinibus,

220 1264 360 1360 plenius
376 1275 411 1333 et
425 1261 580 1330 exactius
594 1260 848 1351 cognoscendi,
873 1273 916 1332 ut
931 1261 1067 1354 aliquid
1083 1261 1212 1350 integri
1263 1282 1355 1353 quae
1371 1260 1469 1329 velut
1485 1259 1555 1329 vita
1572 1272 1655 1330 sunt
1675 1261 1893 1346 studiorum,
1915 1259 1994 1329 sine
2006 1260 2138 1352 quibus
2150 1261 2257 1331 lectio

220 1391 261 1438 ac
287 1365 394 1435 solidi
421 1364 658 1454 perciperent,
701 1385 766 1430 nec
791 1363 994 1453 vagabundi
1021 1365 1060 1431 in
1085 1364 1213 1434 studiis
1264 1361 1381 1431 omnis
1399 1375 1433 1432 et
1448 1361 1632 1433 meditatio
1644 1376 1786 1433 mortua
1802 1375 1864 1432 est.
1915 1359 2144 1433 Hucaccedit
2159 1367 2256 1455 quod

222 1471 445 1551 oberrantes,
472 1465 635 1535 extremis
653 1477 793 1535 tantum
811 1465 919 1533 labris
937 1465 1033 1535 varia
1051 1467 1213 1557 degusta·
1265 1462 1308 1532 iis
1329 1464 1435 1534 multi
1457 1487 1594 1533 errores
1617 1477 1750 1535 temere
1774 1464 1935 1555 concepti
1961 1477 1996 1534 et
2015 1458 2200 1534 haerentes
2217 1465 2259 1534 in

221 1584 320 1656 rent,
353 1564 438 1638 hinc
460 1568 545 1637 inde
566 1567 722 1636 concisas
742 1568 968 1637 sententiolas
994 1581 1028 1638 et
1050 1568 1213 1638 mutilata
1265 1564 1395 1634 animis
1416 1567 1661 1656 corriguntur,
1695 1566 1901 1635 eximuntur
1928 1565 2115 1659 opiniones
2140 1568 2258 1653 falsae,

221 1672 381 1743 membra
397 1683 581 1753 venantes,
607 1672 704 1762 quod
725 1693 823 1738 nunc
845 1669 1004 1740 amultis
1018 1669 1093 1740 lieri
1113 1670 1214 1738 vide·
1266 1689 1356 1760 quae
1369 1669 1428 1736 vel
1450 1692 1514 1760 per
1536 1682 1702 1753 aetatem,
1726 1668 1783 1737 vel
1805 1693 1847 1737 ex
1863 1669 1981 1762 aliqua
1997 1669 2115 1737 fallaci
2130 1670 2258 1760 specie,

222 1797 312 1859 mus,
328 1775 391 1867 qui
407 1797 486 1842 cum
502 1771 740 1855 excutiuntur,
757 1771 806 1840 ita
821 1772 954 1860 stupidi
969 1784 1074 1865 atque
1087 1771 1213 1861 ignari,
1266 1769 1322 1837 vel
1349 1769 1573 1842 institutione
1602 1783 1785 1862 corrupta,
1820 1771 1876 1839 vel
1903 1771 2033 1840 artium
2063 1770 2259 1863 praeceptis

122 1964 126 1969 ,
222 1892 262 1949 ut
280 1889 384 1969 turpe
398 1875 462 1959 sit,
489 1869 815 1964 deprehenduntur.
870 1873 967 1942 Dum
982 1873 1076 1941 enim
1093 1873 1131 1940 in
1146 1868 1214 1941 hoc
1266 1871 1358 1939 male
1382 1872 1570 1942 intellectis
1590 1874 1909 1943 accommodatisve
1926 1872 1964 1940 in
1987 1873 2116 1943 animis
2133 1868 2257 1942 haese-

222 2003 296 2053 uno
309 1977 467 2048 studium
480 1999 586 2045 ornne
599 1998 700 2044 sunm
718 1989 944 2054 consumunt,
960 1987 1001 2043 nt
1015 1975 1213 2064 fragmenta
1266 1985 1362 2046 runt.
1395 1969 1444 2046 Et
1459 1976 1506 2042 ob
1521 1967 1614 2043 hanc
1630 1977 1816 2067 praecipue
1830 1997 1970 2045 causam
1989 1998 2028 2044 ea
2044 2000 2064 2046 a
2079 1975 2259 2046 veteribus

224 2082 396 2175 quaedam
414 2102 455 2146 ex
473 2076 704 2166 scriptoribus
720 2077 906 2165 colligant,
931 2075 989 2161 lit,
1011 2089 1053 2146 ut
1077 2076 1213 2146 nullius
1266 2074 1430 2145 instituta
1445 2077 1629 2163 videntur3
1655 2077 1842 2147 nonenim
1861 2078 2124 2148 adolescentum
2141 2077 2258 2147 studia

223 2183 277 2252 rei
292 2181 465 2270 integram
480 2201 520 2247 ac
534 2180 722 2268 perfectam
743 2177 1214 2272 cognitionemconsequan-
1267 2189 1399 2246 temere
1420 2200 1461 2247 ac
1488 2179 1565 2247 sine
1598 2179 1673 2268 lege
1701 2180 1830 2264 fluere,
1860 2181 1922 2248 sed
1946 2179 2029 2250 huic
2054 2181 2259 2249 examinum

223 2298 298 2356 tur:
319 2306 425 2375 aquo
443 2303 530 2369 vago
546 2292 577 2349 et
593 2279 712 2349 inutili
728 2279 849 2349 labore
864 2279 1025 2349 examina
1041 2281 1215 2350 discentes
1267 2302 1432 2349 censurae
1446 2282 1601 2351 subiecta
1617 2305 1691 2351 esse
1704 2281 1906 2351 voluerunt.
1946 2279 2071 2374 Neque
2083 2282 2180 2349 enim
2199 2304 2260 2352 eos

224 2384 380 2454 velutin
406 2395 535 2452 certam
557 2380 651 2450 viam
675 2392 852 2454 revocant.
901 2380 975 2451 Nec
995 2384 1040 2451 ad
1059 2405 1133 2451 non
1151 2404 1215 2451 ne·
1265 2381 1423 2470 fugiebat
1439 2406 1564 2453 omnes
1579 2398 1669 2454 artes
1684 2385 1863 2475 peccando
1878 2383 1984 2466 disci,
2009 2395 2045 2453 et
2061 2396 2103 2451 ut
2123 2384 2260 2454 fertiles

224 2486 372 2558 cessaria
395 2497 428 2553 et
454 2484 596 2553 inutilia
618 2495 815 2575 respectare
843 2484 988 2573 sinunt,
1014 2486 1074 2553 sed
1097 2485 1137 2553 in
1160 2484 1215 2568 iis,
1267 2484 1342 2574 agri
1364 2485 1518 2553 multum
1544 2487 1694 2576 gignunt
1724 2486 1908 2576 spinarum
1936 2498 2041 2576 atque
2072 2482 2259 2555 inutilium

224 2611 313 2683 quac
347 2585 542 2655 necessaria
567 2599 668 2670 sunt,
700 2586 828 2655 ordine
854 2588 1009 2678 quodam
1036 2585 1215 2655 discendis
1268 2580 1470 2670 herbarum,
1493 2589 1622 2679 quibus
1636 2588 1788 2657 subinde
1805 2600 1887 2658 sunt
1902 2586 2115 2678 repurgandi
2130 2611 2170 2655 ac
2182 2610 2261 2655 sar-

223 2690 419 2761 continent.
473 2685 571 2756 Parit
592 2710 676 2755 vero
699 2687 802 2758 istam
819 2687 860 2755 in
877 2688 1046 2757 discendo
1063 2688 1215 2777 diligen·
1268 2687 1404 2773 riendi,
1433 2689 1527 2757 idem
1554 2690 1659 2761 etiam
1684 2690 1835 2779 ingeniis
1855 2703 1888 2758 et
1909 2688 2052 2780 quidem
2073 2687 2259 2758 foecundis

223 2793 310 2863 tiam
327 2789 511 2881 praecipue
525 2788 612 2858 haec
626 2787 849 2870 sollicitudo,
875 2814 954 2858 cum
967 2789 1097 2860 scimus
1111 2791 1215 2860 nobis
1267 2790 1358 2859 solet
1373 2791 1541 2874 accidere,
1563 2815 1666 2882 saepe
1683 2793 1778 2860 euim
1792 2791 1840 2874 lit,
1859 2805 1898 2860 ut
1910 2790 2015 2858 falsas
2031 2813 2149 2860 rerum
2167 2790 2257 2858 ima-

223 2895 264 2963 in
278 2893 439 2961 examine
454 2891 553 2960 velut
569 2890 742 2960 rationem
760 2892 978 2960 reddendam
1000 2915 1073 2962 esse
1091 2917 1213 2962 eorum
1268 2891 1367 2985 gines
1380 2916 1445 2984 pro
1462 2893 1547 2983 ipsis
1562 2894 1667 2962 rebus
1684 2888 1964 2986 adprehendant.
2023 2888 2071 2962 Et
2086 2895 2257 2984 quemad·

224 3017 315 3090 quae
331 2993 460 3064 tradita
477 3006 579 3079 sunt,
606 3007 641 3063 et
656 2992 767 3084 magis
779 3017 819 3081 se=
833 2994 1026 3065 intendunt
1045 2995 1157 3064 animi
1175 2994 1214 3062 in
1268 2995 1414 3063 modum
1436 2992 1536 3063 lxion
1557 3019 1638 3065 cum
1656 2998 1751 3065 nube
1771 2995 2026 3078 concumbens,
2050 3015 2130 3061 cum
2153 3006 2257 3083 puta·

226 3121 283 3181 ca,
308 3118 397 3188 quae
414 3095 481 3187 ipsi
496 3108 664 3188 tanquam
687 3108 806 3166 nostra
826 3095 905 3165 aliis
921 3120 1096 3189 exponere
1110 3111 1216 3189 atque
1267 3108 1322 3165 ret
1337 3117 1373 3164 se
1391 3093 1565 3166 lunonem
1581 3098 1762 3186 amplecti,
1786 3095 1986 3166 Centauros
1999 3094 2128 3185 gignit,
2152 3095 2202 3163 sic
2215 3120 2257 3164 ex

225 3197 399 3290 explicare
426 3197 602 3283 cogimur,
633 3210 666 3265 et
685 3199 767 3266 illae
789 3199 885 3288 ipsae
910 3199 1081 3288 imagines
1104 3199 1216 3288 magis
1266 3198 1364 3271 falsis
1385 3199 1540 3281 umbris,
1564 3221 1652 3290 quas
1673 3222 1738 3288 pro
1761 3198 1836 3287 ipsa
1857 3199 2003 3267 veritate
2016 3208 2260 3267 consectamur

224 3299 407 3370 evidenter
427 3297 465 3365 in
482 3297 610 3365 animis
626 3298 760 3381 lucent,
787 3322 827 3368 ac
847 3299 983 3369 firmius
1003 3301 1215 3390 defiguntur,
1268 3313 1302 3370 et
1334 3299 1543 3388 arripimus,
1576 3298 1798 3388 prodigiosae
1831 3297 2260 3387 opiniones··uascuntur‚

224 3426 311 3496 quas
329 3400 397 3490 ipsi
413 3400 457 3467 de
474 3399 579 3467 rebus
595 3399 756 3468 doctrina
771 3402 943 3489 perceptis
957 3403 1164 3473 tractatione
1182 3414 1215 3471 et
1267 3425 1357 3496 quae
1375 3401 1444 3469 nisi
1468 3412 1605 3469 uratnre
1631 3415 1665 3472 et
1692 3413 1881 3493 antequam
1898 3399 2005 3470 altius
2026 3400 2166 3469 radices
2180 3423 2261 3490 ege-

224 3503 386 3575 oratione
405 3501 603 3590 effingimus
618 3514 724 3594 atque
737 3501 977 3592 exprimimus.
1016 3502 1215 3597 Numquae
1269 3505 1358 3588 rint,
1383 3502 1512 3571 animis
1526 3502 1666 3572 evulsae
1680 3503 1766 3589 sint,
1789 3503 1827 3571 in
1847 3500 2062 3593 perniciosos
2080 3497 2261 3572 Ecclesiae

224 3606 370 3676 auribus
390 3615 528 3673 tantum
552 3598 751 3685 hausimus,
778 3616 840 3674 ant
857 3628 898 3673 ex
922 3604 1074 3675 lectione
1095 3629 1216 3696 perce·
1267 3630 1307 3675 ac
1324 3603 1427 3694 Reip.
1446 3627 1583 3675 errores
1598 3606 1727 3675 deinde
1741 3617 1963 3695 errumpunt.
1998 3602 2088 3672 Nam
2104 3615 2142 3673 ut
2159 3604 2259 3689 lolio,

223 3709 358 3801 pimus,
384 3729 423 3774 ea
447 3718 616 3798 tanquam
635 3705 782 3776 umbrae
801 3730 864 3796 per
886 3707 1065 3777 somnium
1091 3710 1214 3777 obser-
1267 3707 1410 3779 tribulis
1436 3707 1622 3801 lappisque
1660 3722 1694 3777 et
1722 3708 1801 3777 aliis
1832 3708 1870 3776 id
1898 3728 2008 3797 genus
2034 3704 2260 3777 infoelicibus

221 3822 343 3881 ventes
363 3809 498 3878 incerta
522 3803 668 3877 haerent
693 3822 728 3879 et
748 3808 849 3877 facile
867 3808 950 3878 inde
973 3810 1093 3901 fugere
1110 3825 1216 3904 atque
1267 3804 1387 3878 herbis
1428 3810 1728 3879 succrescentibus
1769 3823 1898 3898 segetes
1928 3808 2181 3899 opprimuntur
2208 3830 2263 3879 ae

145 3904 157 3925 '
222 3914 381 3983 excidere
394 3911 520 3980 solent.
572 3908 736 3999 Quorum
751 3934 835 3980 vero
851 3935 916 3982 ceu
932 3912 1030 3982 vivas
1045 3913 1214 4004 imagines
1267 3911 1534 4004 praefocantur,
1560 3923 1595 3980 et
1610 3913 1832 3981 sterilescunt
1850 3911 1942 4001 agri,
1968 3910 2016 3979 ita
2035 3909 2165 3978 afalsis
2180 3910 2263 4002 opi-

222 4014 494 4085 commentando
510 4025 613 4105 atque
632 4013 798 4102 agitando
815 4014 1073 4106 impressimus,
1098 4040 1138 4085 ea
1154 4041 1214 4085 ve·
1266 4013 1456 4097 nionibus,
1482 4013 1511 4081 si
1524 4013 1790 4100 confirmentur,
1815 4037 1880 4083 nec
1895 4025 2033 4082 mature
2046 4010 2261 4100 eximantur,

221 4118 277 4186 lut
293 4116 398 4186 altius
418 4114 505 4184 actis
520 4113 699 4183 radicibus
721 4110 868 4184 haerent
884 4117 1121 4198 tenacissime,
1148 4144 1213 4189 nec
1267 4130 1372 4210 atque
1387 4116 1431 4185 iis
1446 4117 1543 4188 velut
1558 4132 1794 4209 repurgentur
1808 4131 1962 4198 mentes,
1988 4113 2118 4183 veritas
2136 4114 2261 4206 oppri-

223 4217 327 4285 evelli
354 4239 390 4283 se
417 4227 478 4282 aut
503 4213 618 4283 excuti
641 4214 743 4283 facile
770 4217 964 4305 patiuntur.
1026 4215 1092 4289 Est
1117 4221 1213 4288 enim
1265 4219 1379 4288 mitur
1398 4232 1431 4289 et
1453 4233 1683 4309 expugnatur.
1735 4214 1793 4286 Ad
1817 4219 1851 4287 id
1875 4241 1958 4287 vero
1991 4239 2064 4284 non
2087 4228 2139 4285 cst
2160 4217 2259 4288 aliud

222 4315 531 4388 commentationis
554 4328 660 4407 atque
688 4315 888 4404 agitationis
916 4319 969 4386 vis
999 4320 1148 4389 maxima
1174 4322 1213 4389 in
1266 4320 1381 4412 aptius
1403 4321 1619 4404 remedium,
1644 4344 1751 4412 quaro
1769 4321 1941 4392 examina.
1993 4316 2061 4387 His
2081 4319 2177 4386 enim
2198 4343 2260 4389 ex-

222 4419 320 4491 omni
336 4442 392 4504 re,
424 4417 529 4508 plene
542 4417 762 4510 perfecteque
777 4417 1001 4507 percipienda
1017 4443 1056 4488 ac
1074 4421 1214 4491 discen·
1266 4423 1452 4513 plorantur
1469 4422 1629 4513 ingenia,
1655 4422 1787 4516 siquid
1804 4417 1921 4492 adhuc
1937 4423 2051 4506 deest,
2077 4421 2121 4488 iis
2137 4434 2260 4492 osten-

221 4523 284 4607 da,
311 4522 387 4590 sine
401 4543 468 4612 qua
485 4519 679 4588 auditionis
695 4533 728 4588 et
749 4519 910 4589 lectionis
924 4521 1060 4593 fructus
1083 4524 1214 4593 sterilis
1266 4526 1383 4610 ditur,
1415 4525 1553 4618 siquid
1578 4523 1657 4592 vitii
1679 4539 1741 4595 aut
1763 4548 1926 4595 errorum
1950 4520 2077 4607 haesit,
2103 4523 2260 4614 ,corrigi-

222 4648 262 4694 ac
287 4647 396 4715 prope
424 4622 544 4691 nullus
570 4634 639 4706 est;
675 4615 870 4717 συζήτησις
895 4638 1033 4711 autem,
1066 4639 1106 4698 ut
1131 4651 1212 4696 vere
1265 4640 1324 4696 tur
1350 4641 1455 4719 atque
1482 4626 1659 4699 evellitur.
1718 4623 1852 4722 Estque
1878 4621 1965 4694 haec
1990 4625 2088 4695 velut
2114 4626 2259 4698 sarritio

220 4727 353 4796 dictum
376 4738 444 4809 est,
471 4723 592 4794 omnia
614 4738 746 4815 potest,
780 4739 815 4796 et
837 4726 1002 4817 agitando
1027 4742 1132 4822 atque
1154 4728 1213 4797 in-
1265 4729 1486 4812 studiorum,
1522 4729 1569 4799 ita
1594 4731 1804 4813 necessaria,
1838 4743 1877 4799 ut
1895 4728 1923 4797 si
1945 4727 2147 4812 omittatur,
2183 4751 2260 4798 non

220 4829 395 4923 quirendo
417 4850 540 4896 omnes
567 4840 657 4899 artes
686 4827 851 4897 inventae
873 4853 913 4899 ac
941 4830 1097 4901 excultae
1118 4847 1212 4917 sunt,
1266 4833 1374 4900 modo
1402 4854 1483 4898 vera
1512 4855 1551 4900 ac
1579 4832 1693 4902 solida
1717 4833 1880 4902 doctrina
1907 4830 2007 4898 nulla
2038 4830 2147 4920 possit
2171 4854 2261 4901 con-

219 4943 341 5023 estque
380 4954 419 4999 ea
458 4930 516 4997 vel
555 4931 629 5000 sola
671 4931 787 5000 omnis
820 4932 1012 5001 doctrinae·
1042 4933 1210 5004 effectrix.
1264 4946 1375 5016 stare,
1400 4934 1460 5001 sed
1481 4933 1592 5023 ipsius
1614 4934 1692 5005 loco
1715 4934 1846 5003 infiniti
1870 4955 2007 5002 errores
2026 4948 2263 5010 succrescant.

218 5030 529 5121 Quemadmodum
552 5031 649 5100 enim
673 5034 820 5105 leonum
841 5033 955 5104 foetus
978 5034 1149 5104 informes
1171 5061 1211 5105 ac
1264 5033 1313 5105 Ut
1340 5046 1472 5103 taceam
1496 5038 1593 5128 quod
1621 5037 1704 5106 illae
1727 5035 2066 5106 communicationes
2089 5036 2263 5109 etcollo-

217 5149 378 5205 mortuos
398 5133 477 5202 aedi
499 5148 715 5219 memorant,
740 5150 774 5208 et
797 5135 927 5205 deiude
943 5136 1059 5227 longis
1081 5161 1211 5231 paren·
1263 5135 1346 5230 quia
1363 5137 1468 5206 etiam
1491 5138 1695 5211 facundiam
1716 5139 1817 5209 alunt
1844 5150 1880 5209 et
1907 5139 2061 5209 afferunt
2079 5140 2262 5229 quandam

217 5249 293 5307 tum
316 5235 629 5306 vociferationibus
653 5237 843 5323 vivificari,
869 5263 909 5309 ac
931 5240 1095 5330 spiritum
1120 5240 1211 5308 reci·
1262 5238 1391 5309 animis
1413 5243 1667 5322 constantiam,
1699 5254 1795 5312 utet
1819 5241 1976 5332 accipere
1997 5264 2036 5309 ac
2060 5240 2262 5332 intelligere

125 5380 130 5389 -
216 5362 317 5429 pere,
343 5340 390 5408 ita
403 5338 510 5428 primi
524 5339 639 5408 foetus
653 5337 897 5428 ingeniorum,
924 5336 991 5410 hoc
1005 5353 1057 5411 est
1075 5342 1209 5431 primae
1262 5365 1303 5412 ea
1324 5365 1415 5433 quae
1436 5356 1687 5436 proponuntur
1709 5343 1846 5436 possint
1873 5358 1908 5414 ct
1929 5358 2009 5434 apte
2036 5345 2081 5412 ad
2100 5344 2260 5437 quaesita

215 5440 385 5530 imagines
399 5463 488 5534 quas
503 5441 547 5510 de
562 5439 668 5510 rebus
677 5440 733 5509 vel
748 5442 880 5514 auditis
889 5444 943 5513 vel
958 5442 1111 5515 lectione
1126 5466 1209 5536 per·
1231 5480 1237 5527 t
1260 5446 1486 5537 respondere.
1538 5442 1712 5516 Videmus
1742 5446 1840 5517 enim
1869 5444 2067 5516 nonnullos
2096 5446 2187 5519 serio
2212 5449 2260 5519 de
