4732 6030
157 198 242 320 ‹mt'
434 313 443 332 ,
636 232 797 320 nucu
833 240 911 316 oo
940 237 1261 318 ru1ou1s1co
1293 237 1448 316 nucu
1478 238 1599 324 sax.
1630 234 1718 324 un·
2109 246 2192 323 soe

171 418 382 501 tenderunt,
406 409 624 486 neLuthero
641 412 794 485 docendi
810 412 927 484 locum
942 414 1158 491 concederet.
1207 413 1412 505 angelorum
1435 426 1498 486 aut
1518 411 1706 487 hominum
1726 417 1898 509 sapientia
1916 418 2001 490 satis
2016 421 2201 512 perspicit,

172 516 220 591 Et
243 530 344 590 erant
365 517 427 586 alii
449 515 574 601 multi,
607 515 669 609 qui
692 516 814 585 eadem
829 515 1036 587 suadebant.
1086 513 1159 587 Nec
1209 531 1328 587 tamen
1349 539 1423 585 non
1445 516 1512 585 leri
1534 514 1697 588 homines
1712 532 1905 608 agnoscunt
1919 516 1986 590 has
2004 522 2117 590 resin
2134 518 2202 594 bo-

174 620 260 713 ipsi,
284 640 363 688 cum
376 630 412 688 et
427 616 597 707 sapientia
614 616 815 702 excelleret,
839 629 874 687 et
887 617 957 685 iam
971 640 1076 686 senex
1090 641 1159 688 usu
1208 617 1348 687 minum
1362 616 1434 687 vita
1448 640 1521 687 esse
1534 641 1698 691 summas.
1739 614 1872 712 itaquo
1887 622 2038 714 quisque
2053 637 2201 695 estcor-

174 718 393 810 cognovisset
407 718 527 788 omnia
540 717 839 807 gubernationum
860 717 1033 809 pericula,
1058 742 1160 810 prae-
1209 717 1343 801 datior,
1369 740 1410 786 eo
1426 719 1538 807 magis
1551 721 1658 790 sentit
1671 719 1962 790 deliberationem
1977 725 2022 791 de
2038 725 2090 794 eis
2106 726 2202 796 dilli-

172 833 270 914 cepta
283 820 329 889 de
342 819 498 890 vitandis
511 819 769 890 mutationibus
784 818 903 908 ignota
918 832 1030 892 erant.
1209 818 1312 889 cilem
1336 841 1420 888 esse.
1477 817 1575 891 Haec
1594 834 1690 891 tanta
1712 821 1824 891 moles
1845 825 1968 892 eodem
1986 835 2147 918 tempore
2162 829 2203 899 in

273 918 344 992 Sed
365 921 422 991 vir
443 920 582 1012 sapiens
603 933 641 992 et
654 942 736 991 vera
757 919 886 1010 pietate
899 917 1016 991 Deum
1031 920 1161 1009 colens,
1208 912 1306 989 hunc
1327 941 1440 989 unum
1463 921 1579 991 virum
1594 922 1766 993 incubuit.
1820 921 1889 993 Hic
1909 919 2003 994 nihil
2019 950 2202 1018 exaggera),

160 1022 303 1094 sciebat
320 1022 488 1093 omnibus
504 1021 656 1114 publicis
673 1035 706 1092 et
720 1021 867 1113 privatis
880 1022 1046 1113 periculis
1061 1036 1161 1092 ante·
1210 1043 1289 1090 cum
1318 1021 1462 1113 quidem
1488 1034 1564 1093 toto
1595 1046 1740 1114 corpore
1768 1019 2032 1108 cohorrescam‚
2071 1034 2200 1124 procul

171 1125 354 1193 serendam
377 1145 451 1193 esse
472 1123 622 1213 gloriam
641 1123 726 1194 Dei.
783 1121 924 1193 Sciebat
945 1119 1160 1192 horrendam
1209 1121 1382 1212 aspiciens
1398 1145 1478 1192 eum
1498 1135 1596 1193 tanta
1611 1147 1718 1194 onera
1733 1125 1978 1200 sustinentem.
2029 1129 2100 1202 Sed
2116 1155 2197 1202 cnm

173 1239 209 1295 et
222 1220 457 1296 insanabilerh
470 1220 725 1316 blasphemiam
747 1246 838 1309 esse,
863 1223 1002 1313 agnitae
1018 1224 1160 1295 veritati
1208 1218 1406 1308 Ecclesiae,
1431 1235 1506 1292 tum
1521 1223 1663 1316 imperii
1677 1224 1886 1314 gubernatio
1900 1229 2025 1302 divina
2038 1246 2103 1306 est.
2151 1229 2200 1305 Et

175 1325 363 1397 adversari.
1208 1322 1318 1394 flectit
1349 1322 1446 1394 Deus
1476 1338 1611 1394 mentes
1642 1327 1919 1414 gubernatorum
1952 1333 1998 1399 ad
2031 1335 2200 1407 salutaria

271 1423 321 1497 Et
335 1426 607 1496 confirmabatur
622 1425 812 1511 divinitus,
838 1447 948 1520 quare
967 1425 1077 1496 nullis
1090 1425 1161 1494 mi·
1209 1423 1377 1504 consilia,
1410 1437 1445 1495 et
1473 1448 1533 1494 eos
1561 1426 1724 1511 adiuvat,
1755 1451 1837 1496 cum
1861 1430 1938 1503 vult
1964 1426 2149 1507 Ecclesiae
2168 1452 2201 1508 et

56 1520 64 1537 ’
173 1529 230 1598 nis
252 1552 292 1597 ac
315 1527 512 1598 terroribus
530 1526 645 1617 frangi
662 1527 796 1618 potuit,
825 1527 1020 1600 utveritati
1035 1530 1161 1598 adver·
1209 1519 1368 1595 humano
1389 1526 1510 1615 generi
1533 1550 1635 1617 opem
1651 1527 1753 1596 ferre.
1805 1526 1860 1599 lta
1874 1543 1908 1601 et
1923 1543 2010 1618 tuoe
2024 1532 2203 1608 Friderici

173 1642 320 1703 saretur.
369 1626 443 1697 Nec
458 1640 575 1697 tamen
597 1627 665 1698 sibi
680 1626 748 1719 ipsi
765 1640 905 1698 tanturn
920 1628 1097 1712 sumebat,
1119 1640 1161 1698 ut
1209 1637 1330 1718 pectus
1345 1625 1384 1693 in
1395 1641 1550 1719 ptraque
1566 1627 1839 1711 deliberatione,
1858 1631 2033 1706 divinitus
2050 1651 2087 1710 et
2100 1663 2204 1732 rege-

173 1731 268 1801 solus
283 1728 457 1799 iudicaret
470 1728 515 1797 de
530 1728 707 1814 doctriua,
736 1728 799 1800 sed
819 1729 1013 1799 multorum
1036 1751 1159 1798 senum
1209 1726 1314 1798 batur
1328 1739 1363 1796 et
1378 1727 1664 1802 confirmabatur.

173 1845 207 1902 et
231 1829 469 1914 eruditorum,
499 1840 534 1898 et
555 1829 697 1922 quidem
721 1828 922 1921 principum
938 1829 1072 1900 iudicia
1092 1829 1161 1899 sci-
1310 1822 1359 1897 Et
1379 1828 1507 1898 scimus
1527 1829 1634 1899 luisse
1655 1827 1802 1901 minime
1816 1850 2055 1928 arrogantem,
2079 1844 2201 1912 maxi.

173 1932 316 2003 scitatus
340 1941 400 2004 est.
460 1927 604 1999 Possem
637 1930 822 2000 nominare
850 1930 1001 2016 multos,
1031 1933 1092 2001 sed
1117 1931 1160 2001 de
1209 1951 1335 2022 meque
1356 1929 1574 1999 diffidentem
1597 1953 1680 2000 suae
1700 1932 1908 2023 sapientiae,
1931 1952 1965 2010 et
1982 1939 2022 2008 in
2036 1937 2095 2012 his
2113 1957 2202 2013 tan-

170 2030 319 2103 Erasmo
335 2031 467 2115 dicam,
491 2026 663 2100 Coloniae
686 2052 767 2101 eum
783 2031 829 2100 ad
849 2052 886 2101 se
900 2032 1101 2117 accersivit,
1126 2044 1162 2102 et
1209 2030 1254 2099 tis
1279 2029 1445 2123 periculis
1465 2030 1612 2101 adsidua
1635 2031 1861 2107 invocatione
1885 2063 1906 2109 a
1931 2041 2005 2112 lleo
2028 2045 2201 2116 auxilium

101 2166 104 2170 ⁸
135 2204 139 2209 ,
172 2145 331 2204 amanter
345 2132 521 2222 praelatus
534 2144 602 2217 est,
626 2125 719 2202 hanc
734 2154 806 2202 esse
819 2155 979 2218 causam,
1006 2156 1160 2216 curcum
1209 2130 1394 2222 petivisse,
1426 2145 1462 2202 et
1480 2153 1701 2202 summorum
1721 2127 1909 2209 hominum
1931 2140 2062 2215 iudicia
2082 2146 2202 2216 scisci·
2224 2194 2235 2213 .

171 2232 403 2305 accersiverit.
459 2229 651 2324 Postquam
671 2233 932 2303 controversiae
947 2246 1063 2304 motae
1080 2234 1162 2319 sint,
1208 2244 1321 2303 tatum
1336 2252 1421 2303 esse.
1453 2228 1531 2303 Etsi
1544 2246 1661 2303 autem
1675 2234 1857 2308 electionis
1872 2235 2022 2315 historia
2033 2270 2200 2336 magnam

170 2357 209 2405 se
229 2334 353 2418 malle,
379 2344 420 2403 ut
443 2331 513 2401 sibi
529 2327 686 2404 dehiscat
706 2346 819 2419 terra,
845 2356 952 2428 quam
966 2335 1065 2404 falsis
1081 2332 1162 2426 opi·
1209 2332 1440 2402 consiliorum
1456 2345 1490 2403 et
1498 2333 1677 2404 actionum
1691 2336 1897 2411 varietatem
1907 2346 2076 2420 continet.
2108 2346 2200 2417 Nam

170 2435 341 2505 nionibus
360 2435 489 2504 favere.
546 2431 618 2504 Sed
639 2432 669 2504 si
690 2429 872 2505 Lutheros
887 2447 981 2506 recte
995 2448 1091 2507 taxat
1103 2458 1161 2504 er·
1210 2445 1246 2503 et
1259 2433 1457 2525 sapientum
1472 2434 1630 2504 diversae
1644 2448 1744 2505 erant
1758 2440 1962 2530 opiniones,
1986 2459 2026 2518 ut
2039 2449 2107 2517 iam
2121 2471 2198 2517 non

170 2560 288 2621 rores,
320 2548 354 2606 et
383 2544 555 2605 monstret
591 2556 694 2604 verae
722 2535 905 2606 doctrinae
931 2538 1066 2618 fontes,
1108 2560 1163 2620 se,
1210 2534 1256 2602 de
1277 2532 1490 2604 factionibus
1513 2548 1548 2608 et
1569 2535 1697 2606 studiis
1715 2538 1852 2628 dicam,
1877 2557 1912 2615 et
1924 2546 2056 2636 integre
2071 2561 2198 2618 notam

170 2636 307 2708 etiamsi
326 2636 464 2720 videat,
495 2646 667 2729 quantum
693 2635 760 2706 sibi
784 2650 819 2708 et
840 2637 913 2707 suis
932 2637 979 2709 sit
998 2636 1162 2732 periculi,
1210 2655 1284 2703 esse
1315 2636 1513 2725 posteritati
1540 2637 1739 2726 prodesset,
1775 2654 1891 2712 tamen
1919 2645 2018 2716 bono
2046 2649 2200 2719 consilio

169 2752 289 2809 tamen
311 2761 386 2806 non
411 2737 679 2807 adversaturum
708 2759 782 2806 esse
809 2737 961 2812 veritati.
1024 2737 1097 2809 Nec
1125 2760 1161 2806 se
1210 2757 1307 2804 nunc
1321 2736 1432 2805 multa
1449 2748 1647 2825 praetereo,
1672 2752 1806 2810 tantum
1821 2735 1890 2814 boc
1913 2747 2012 2832 dico,
2038 2748 2201 2819 Frideri-

170 2839 344 2910 iudicium
358 2838 429 2908 sibi
444 2837 508 2908 uui
523 2859 682 2922 sumere,
704 2839 998 2911 sederuditorum
1013 2852 1048 2909 et
1065 2839 1161 2930 peri-
1210 2858 1290 2905 curn
1312 2847 1480 2928 tauquam
1504 2833 1688 2908 Nestorem
1709 2840 1749 2909 in
1771 2864 1812 2913 eo
1827 2859 1946 2916 senatu
1967 2862 2055 2918 tunc
2078 2851 2200 2937 fuisse,

170 2954 288 3011 torum
302 2938 434 3010 iudicia
457 2952 490 3009 et
507 2938 706 3032 inquirere,
737 2952 773 3009 et
790 2938 944 3010 libenter
958 2952 1161 3011 secuturum
1210 2949 1245 3006 et
1272 2934 1381 3005 abeo
1405 2936 1559 3028 plurima
1590 2939 1769 3029 sapienter
1790 2956 1868 3016 acta
1898 2960 1933 3018 et
1951 2950 2086 3040 provisa
2109 2973 2198 3035 esse,

171 3064 254 3116 esse.
305 3038 470 3131 Rogabat
483 3040 610 3130 igitur,
633 3052 675 3111 ut
682 3035 852 3111 Erasmus
865 3040 1049 3112 liberrime
1059 3062 1160 3111 suam
1208 3036 1284 3108 Deo
1299 3037 1348 3107 ita
1369 3050 1488 3126 pectus
1502 3037 1578 3107 eius
1591 3041 1820 3127 gubernante.
1853 3128 1856 3133 ι

171 3143 381 3213 sententiam
396 3141 441 3210 de
456 3151 530 3211 tota
546 3139 740 3216 rediceret.
1311 3134 1454 3208 Sciebat
1483 3139 1639 3210 diversas
1667 3164 1740 3214 esse
1768 3146 1973 3240 principum
2002 3150 2199 3241 opiniones,

268 3237 460 3324 Erasmus,
492 3253 532 3309 ut
559 3254 633 3311 erat
652 3242 817 3327 festivus,
848 3242 894 3312 ab
917 3240 1034 3315 ironia
1057 3263 1161 3312 exor-
1210 3249 1245 3309 et
1258 3238 1401 3309 videbat
1414 3239 1666 3310 dissensionem
1681 3244 1886 3333 electorum,
1915 3249 1986 3318 nisi
2002 3274 2199 3322 unuscom-

170 3365 244 3414 sus:
277 3339 360 3411 Duo
396 3360 524 3427 magna
561 3361 633 3409 esse
663 3337 812 3409 liutheri
841 3356 1001 3432 peccata,
1034 3344 1163 3434 inquit,
1209 3341 1310 3409 muni
1334 3341 1493 3409 omniurn
1516 3364 1685 3411 consensu
1708 3344 1913 3433 eligeretur,
1947 3353 2062 3420 facem
2085 3353 2198 3421 'maxi-

169 3443 267 3538 quod
281 3454 423 3513 ventres
445 3435 701 3511 monachorum
718 3453 752 3511 et
770 3463 938 3511 coronam
955 3465 1066 3534 papae
1079 3444 1161 3513 atti·
1211 3460 1350 3508 momm
1373 3440 1549 3512 bellorum
1568 3442 1721 3511 futuram
1746 3467 1830 3516 esse.
1890 3447 2048 3524 Videbat
2071 3454 2200 3547 quibus

170 3546 285 3636 gisset.
354 3541 480 3613 Postea
511 3540 687 3633 pertexuit
726 3562 826 3612 suam
857 3545 1087 3628 seutentiam,
1127 3555 1162 3613 et
1209 3540 1371 3632 partibus
1385 3566 1475 3635 quae
1492 3542 1585 3612 vires
1600 3566 1797 3615 accessurae
1814 3564 1941 3621 essent.

170 3646 279 3726 dixit,
307 3638 506 3717 liutherum
528 3642 621 3714 iuste
643 3655 761 3714 taxare
780 3664 934 3729 errores,
971 3658 1160 3716 eteorum
1312 3640 1414 3712 Novo
1426 3643 1533 3733 igitur
1547 3643 1696 3714 consilio
1709 3667 1794 3716 usus
1809 3661 1870 3721 cst.
1920 3650 2007 3725 Fuit
2024 3676 2146 3725 suasor
2159 3669 2202 3726 ut

169 3746 451 3818 emendationem
465 3740 644 3815 Ecclesiae
661 3744 894 3814 necessariam
910 3767 993 3820 esse.
1045 3741 1162 3816 Addi-
1209 3742 1366 3836 primum
1388 3744 1519 3833 singuli
1548 3745 1715 3816 electores
1745 3749 1934 3820 iuramenti
1963 3755 2135 3844 religione
2157 3757 2199 3825 in

171 3849 225 3920 dit
246 3848 350 3919 etiam
370 3868 544 3916 summam
571 3846 754 3917 doctrinae
774 3839 924 3916 Lutheri
943 3869 1062 3919 veram
1077 3868 1162 3932 esse,
1210 3839 1278 3915 hoc
1294 3867 1358 3914 suo
1374 3866 1537 3916 consessu
1553 3846 1817 3936 obligarentur,
1843 3873 1880 3920 se
1898 3853 2031 3923 nnllam
2050 3855 2198 3926 electio-

171 3949 307 4020 etiamsi
328 3947 460 4040 optarit
482 3949 654 4040 quaedam
675 3946 847 4039 disputari
869 3947 988 4021 minus
1002 3941 1160 4020 horride.
1210 3968 1293 4015 nem
1313 3947 1570 4037 adprobaturos
1592 3962 1653 4019 aut
1675 3952 1943 4024 renunciatums
1964 3972 2052 4034 esse,
2079 3955 2201 4027 donec

169 4050 268 4123 Haec
288 4050 357 4121 luit
379 4047 549 4141 colloquii
567 4070 715 4120 summa.
765 4044 945 4120 Viderunt
965 4049 1077 4142 aliqui
1096 4072 1162 4119 no·
1210 4046 1372 4116 omnium
1404 4046 1598 4140 suffragiis,
1631 4071 1725 4120 uuus
1749 4051 1880 4145 aliquis
1901 4053 2083 4123 communi
2112 4081 2200 4127 con·

170 4166 283 4226 strum
307 4165 341 4222 et
361 4151 483 4221 literas
505 4149 673 4240 sapientis
693 4161 726 4218 et
747 4148 833 4217 boni
851 4149 1041 4241 principis,
1066 4149 1163 4220 Lau-
1212 4169 1316 4216 seusu
1333 4147 1462 4218 electus
1477 4163 1584 4235 esset,
1611 4150 1669 4220 cui
1691 4175 1728 4222 se
1741 4176 1866 4224 omnes
1879 4154 1941 4224 oni
1955 4155 2201 4247 adiungerent,

171 4254 279 4325 rentii
296 4251 451 4344 episcopi
461 4249 793 4339 Wirceburgensis,
819 4250 880 4342 qui
896 4253 1017 4320 eadem
1032 4253 1077 4321 ad
1094 4253 1163 4321 du·
1211 4261 1379 4341 tanquam
1407 4248 1565 4338 legitimo
1586 4252 1753 4334 dominu,
1784 4278 1830 4323 ne
1852 4255 2010 4347 ipsorum
2033 4258 2202 4329 dissimili

172 4379 249 4426 cem
273 4350 494 4422 Fridericum
516 4350 675 4441 scripsit,
708 4364 743 4421 et
762 4351 901 4420 addidit
915 4375 952 4421 se
967 4352 1160 4424 multorum
1210 4348 1460 4437 suffragatione
1475 4347 1668 4424 Germania
1687 4349 1953 4432 distraheretur.

173 4456 394 4527 eruditorum
414 4450 546 4522 iudicia
561 4451 771 4542 explorasse.
821 4448 902 4521 Non
922 4452 1031 4542 igitur
1043 4453 1163 4522 existi-
1311 4447 1392 4521 Hoc
1410 4451 1478 4523 fuit
1495 4451 1668 4523 Friderici
1690 4449 1914 4550 πολίτευμα,
1938 4458 1978 4528 iu
1992 4482 2066 4552 qno
2081 4459 2201 4532 lucent

170 4560 343 4629 mandum
359 4567 411 4627 est
427 4574 548 4624 senem
562 4553 682 4624 virum
699 4551 996 4643 sapientissimum
1010 4554 1051 4622 in
1065 4564 1163 4624 tanta
1212 4550 1288 4622 eius
1307 4552 1499 4644 sapientia,
1528 4554 1686 4624 studium
1716 4556 1881 4648 publicae
1902 4559 2133 4646 concordiae,
2167 4575 2201 4632 et

172 4684 275 4732 causa
291 4659 348 4730 vel
362 4678 483 4729 errore
497 4656 553 4726 vel
576 4653 773 4727 temeritate
789 4653 1078 4746 propagationem
1097 4655 1163 4725 do·
1212 4653 1301 4723 aliae
1315 4654 1447 4726 multae
1468 4655 1625 4726 virtutes.
1675 4652 1725 4728 Et
1746 4659 1903 4730 fortassis
1924 4661 2114 4754 posteritas
2134 4657 2202 4734 boc

173 4763 307 4832 ctrinae
322 4758 533 4853 permisisse.
589 4751 639 4828 Et
658 4757 802 4851 quidem
826 4757 964 4846 legebat
983 4757 1057 4849 ipse
1072 4780 1164 4848 quo-
1212 4754 1411 4847 exemplnm
1426 4755 1633 4829 intuebitur.

173 4862 262 4932 tidie
274 4864 402 4954 scripta
425 4877 501 4933 tum
515 4853 683 4943 Lutheri,
710 4872 787 4929 tum
809 4853 947 4928 Erasmi
965 4857 1165 4950 praecipua,
1263 4858 1266 4863 ’
1314 4855 1461 4928 Secutae
1482 4871 1567 4929 sunt
1593 4872 1712 4951 postea
1735 4860 2011 4953 disputationes,
2039 4854 2083 4935 ut
2111 4863 2203 4935 inter

175 4975 210 5034 et
225 4962 338 5031 lontes
353 4986 489 5039 summa
504 4960 627 5031 iudicii
643 4959 814 5051 gravitate
827 4959 1083 5031 considerabat.
1211 4958 1385 5051 sapientes
1399 4968 1434 5027 et
1457 4956 1496 5026 in
1512 4982 1650 5032 summo
1665 4974 1789 5034 senatu
1801 4962 1938 5053 generis
1953 4958 2108 5035 humani
2124 4988 2204 5056 gra-

279 5061 409 5133 Incidit
423 5077 516 5135 aetas
530 5059 704 5132 Friderici
722 5062 763 5130 in
779 5061 930 5131 duarum
946 5081 1164 5132 summarum
1213 5058 1394 5144 vissimae,
1424 5058 1464 5128 in
1493 5061 1625 5155 quibus
1659 5064 1801 5133 taudem
1825 5066 2009 5135 communi
2040 5069 2203 5139 omnium

177 5188 298 5240 rerum
327 5163 638 5254 deliberationem,
671 5164 717 5233 de
737 5158 975 5234 Ecclesiamm
998 5163 1165 5232 emenda·
1213 5182 1384 5232 consensu
1398 5155 1549 5233 Carolus
1567 5163 1779 5250 electus'est‚
1807 5178 1841 5236 et
1855 5179 1954 5237 metu
1970 5161 2203 5241 horribilium

177 5273 295 5356 tione,
326 5279 361 5337 et
388 5265 434 5335 de
456 5263 625 5335 electione
651 5261 885 5356 imperatoris.
943 5260 1023 5336 Etsi
1046 5274 1164 5335 autern
1212 5261 1469 5333 discordiarum
1502 5279 1539 5340 et
1568 5264 1768 5358 ingentium
1804 5267 1982 5341 bellorum
2006 5266 2205 5345 Genuania

177 5369 304 5444 harum
335 5369 491 5441 duarum
517 5386 637 5435 rerum
665 5364 947 5460 magnitudinem
981 5365 1165 5440 nullorum
1211 5363 1359 5438 liberata
1374 5376 1437 5437 est.
