4732 6030
201 287 274 365 351
831 268 993 346 DECL.
1032 263 1109 342 ott
1142 261 1494 341 CONCORDtA
1528 286 1613 344 erc.
2166 270 2242 343 ιιι

205 462 401 538 steritatem
417 455 605 550 pertinent.
655 445 737 517 Non
759 445 980 516 fastidiamus
1002 436 1069 512 hos
1083 441 1200 524 ludos,
1248 443 1453 534 perfectum.
1507 438 1630 535 ltaque
1645 459 1736 530 opus
1751 451 1803 509 est
1816 428 1972 532 primum
1992 440 2032 511 in
2048 439 2193 536 Repuh.
2206 469 2247 518 ea

206 565 377 659 tanquam
404 581 460 628 res
483 555 645 642 indiguas
667 548 791 633 nobis,
824 549 884 618 sed
909 545 1108 636 exemplum
1132 567 1200 611 no-
1249 544 1343 613 inter
1367 544 1459 614 cives
1480 540 1743 627 benevolentia,
1776 554 1911 611 utnon
1927 545 2120 634 gravatim,
2146 549 2245 639 quod

209 684 324 741 strum
338 663 501 754 prodesse
523 653 808 725 adolescentibus
828 652 872 721 ad
896 645 1065 719 honestos
1084 667 1200 714 mores
1250 646 1400 739 quisque
1434 657 1565 736 potest,
1607 643 1653 713 ad
1686 668 1791 713 usum
1818 667 2040 716 communem
2075 652 2248 736 conferat,

211 768 381 842 amandos
416 773 450 830 et
485 756 747 826 conservandos
782 751 1032 822 existimemus.
1103 745 1201 815 Haec
1250 747 1379 816 deinde
1412 748 1585 841 quaedam
1615 760 1656 816 ut
1691 745 1776 815 vitia
1803 745 1842 814 in
1865 745 1944 816 aliis
1971 749 2246 837 dissimulemus,

211 868 387 964 praefatus
407 885 504 942 sum,
543 871 582 927 ιιι
607 855 762 949 imperiti
786 853 984 943 intelligant
1017 874 1083 920 nos
1106 851 1200 918 bono
1253 864 1427 941 postremo
1451 862 1490 918 ut
1514 861 1633 918 nostra
1654 846 1856 936 diligentia,
1887 849 2094 921 dexteritate
2113 869 2149 925 et
2171 856 2246 925 vir-

211 966 359 1045 consilio
383 959 448 1032 hos
472 955 699 1030 scholasticos
720 958 810 1028 ritus
827 978 1042 1025 conservare.
1094 949 1199 1037 Quod
1253 965 1327 1022 tute
1343 973 1523 1033 sanemus,
1550 962 1590 1018 ut
1603 949 1718 1018 sicubi
1734 962 1903 1019 cessatum
1920 965 1971 1022 cst
1986 953 2032 1022 ab
2046 955 2145 1037 aliis,
2171 971 2247 1028 arte

210 1095 289 1145 mm
319 1067 368 1134 ita
393 1067 457 1145 sit,
490 1047 639 1156 aequum
670 1073 739 1144 est,
774 1083 836 1127 vos
860 1048 1056 1127 orationem
1088 1075 1201 1120 meam
1253 1057 1297 1122 ab
1321 1052 1398 1121 aliis
1419 1051 1590 1121 sarciatur
1612 1051 1756 1120 iactura.
1814 1049 1914 1121 Talis
1935 1067 2047 1125 status
2069 1059 2248 1148 optandus

209 1173 385 1269 pappum·
404 1165 546 1249 audire,
572 1188 677 1256 quam
703 1157 770 1229 hoe
789 1162 866 1229 loco
887 1154 1018 1226 habere
1039 1179 1094 1223 me
1111 1152 1203 1241 cogit
1253 1168 1358 1224 estex
1374 1153 1540 1223 animoet
1554 1155 1651 1222 decet
1669 1153 1780 1221 bonos
1794 1177 1936 1234 omnes,
1962 1158 2110 1228 consilia
2125 1160 2244 1230 omnia

211 1271 317 1348 officii
340 1271 445 1338 ratio.
504 1264 583 1336 Etsi
606 1279 721 1333 autem
746 1263 918 1354 quaedam
945 1271 1043 1328 erant
1070 1278 1204 1336 causae,
1253 1280 1314 1326 sua
1332 1269 1366 1324 et
1383 1279 1506 1326 omues
1528 1255 1682 1325 actiones
1698 1256 1741 1323 ad
1758 1250 1854 1324 hune
1874 1270 2002 1327 statum
2020 1260 2243 1331 efficiendum

214 1399 277 1449 cur
294 1375 338 1442 de
355 1372 485 1441 artium
500 1368 625 1437 studiis
643 1378 677 1433 et
695 1364 865 1446 utilitate,
890 1355 957 1430 hoc
974 1375 1131 1450 tempore
1148 1357 1203 1422 di·
1254 1358 1417 1448 dirigere.
1467 1357 1528 1428 Sic
1551 1358 1589 1424 in
1610 1350 1730 1426 schola
1756 1356 1949 1428 liberaliter
1975 1362 2158 1432 conferant
2172 1363 2247 1432 sin-

213 1479 365 1550 cendum
396 1472 601 1553 videbatur,
639 1482 756 1538 tamen
785 1490 864 1534 cum
888 1463 951 1532 alii
980 1484 1081 1552 saepe
1104 1458 1204 1527 vobis
1254 1460 1328 1551 guli
1346 1482 1427 1528 suas
1448 1460 1601 1530 artesad
1621 1482 1844 1528 communem
1865 1484 1980 1532 usum.
2030 1460 2145 1534 Nemo
2159 1465 2248 1535 alte·

212 1584 492 1651 commonstrent
515 1593 639 1652 usiam,
671 1569 707 1636 in
729 1567 851 1635 multis
875 1567 969 1634 vitae
988 1563 1147 1656 partibus
1172 1575 1205 1628 et
1255 1563 1329 1631 rius
1350 1562 1489 1651 generis
1510 1561 1660 1630 artifices
1690 1585 1849 1652 premere
1874 1577 2038 1649 conetur,
2072 1568 2247 1659 quaedam

211 1677 515 1770 vituperatoribus
543 1671 696 1761 graviter
716 1670 972 1758 respondeant,
1005 1665 1204 1755 relinquam
1255 1665 1360 1734 etiam
1379 1664 1602 1732 incommoda
1617 1662 1655 1731 in
1676 1661 1755 1731 aliis
1770 1665 1916 1753 tegenda
1930 1678 2033 1755 sunt,
2062 1680 2096 1734 et
2111 1668 2166 1735 vel
2186 1693 2246 1737 co-

211 1785 321 1853 modo
336 1780 373 1847 id
390 1788 651 1866 argumentum,
675 1784 708 1840 et
724 1767 1120 1852 dicamdeconcordia,
1144 1766 1206 1832 de·
1256 1766 1361 1834 miter
1376 1767 1615 1848 emendanda,
1641 1765 1695 1833 vel
1711 1778 1785 1834 arte
1799 1768 1950 1860 quadam
1963 1767 2156 1840 sarcienda.
2195 1769 2247 1840 At

214 1908 282 1979 que
307 1876 625 1950 communicatione
648 1872 848 1942 studiorum
875 1883 980 1962 atque
1008 1890 1207 1958 operarum,
1259 1892 1321 1936 nos
1337 1868 1480 1960 quidem
1497 1866 1534 1933 in
1550 1861 1682 1936 scholis
1697 1867 1882 1958 praecipue
1898 1892 2053 1939 amemus
2066 1863 2160 1939 huuc
2174 1885 2248 1940 sta-

216 1988 291 2056 sine
306 2006 375 2074 qua
390 1978 533 2050 retineri
549 1989 582 2044 et
604 1975 794 2042 consistere
814 1969 970 2062 Respub.
993 1993 1067 2039 non
1082 1981 1205 2058 potest.
1257 1984 1353 2052 tum,
1380 1969 1463 2060 quia
1479 1966 1704 2053 Aristoteles,
1722 1992 1826 2061 quem
1843 1969 2025 2063 sequimur
2034 1969 2248 2060 Magistrum

211 2082 319 2157 Euat
341 2096 457 2151 „stem
475 2081 569 2168 apud
584 2075 739 2146 Graecos
759 2084 948 2143 venustum
968 2067 1207 2162 Epigramma,
1258 2073 1294 2140 in
1316 2064 1566 2161 Philosophia,
1597 2069 1854 2141 Aristocratian
1874 2071 2025 2141 maxime
2045 2074 2190 2163 probat,
2214 2087 2251 2144 et

213 2189 253 2257 in
280 2208 349 2278 quo
376 2181 536 2274 pingitur
556 2180 710 2268 optimus
733 2174 885 2267 Reipuh.
913 2187 1034 2246 status.
1095 2169 1147 2239 Ac
1166 2194 1206 2239 eo
1256 2169 1347 2242 hanc
1361 2172 1512 2241 antefert
1527 2171 1695 2243 omnibus
1709 2172 1833 2241 formis
1849 2171 2067 2264 politiarum.
2114 2172 2249 2268 Sequa·

215 2288 385 2358 libentius
401 2294 646 2370 argumentum
670 2275 944 2369 Epigrammatis
969 2275 1064 2341 illius
1083 2273 1208 2342 recita·
1257 2299 1337 2343 mur
1363 2273 1471 2363 igitur
1497 2268 1743 2356 Aristotelem,
1768 2286 1802 2343 et
1828 2274 1866 2343 in
1891 2269 2042 2361 scholis,
2076 2289 2250 2370 quantum

214 2388 280 2471 ho,
305 2403 343 2457 ut
357 2384 555 2473 exemplum
570 2381 707 2450 illustre
721 2378 959 2446 adolescentes
975 2375 1208 2464 infigantani-
1258 2376 1334 2444 fieri
1373 2386 1506 2467 potest,
1559 2372 1825 2445 Aristocratiam
1870 2375 2077 2448 efficiamus.
2152 2376 2249 2447 Haec

214 2491 303 2567 mis,
330 2488 426 2582 quod
451 2509 510 2554 eos
539 2496 574 2553 et
596 2483 635 2550 in
659 2475 778 2549 schola
805 2493 840 2547 et
862 2478 1028 2567 deinceps
1056 2476 1206 2545 inomni
1258 2491 1374 2547 autem
1400 2500 1474 2545 non
1496 2489 1581 2546 sunt
1601 2475 1851 2563 Aristocratia,
1884 2480 1947 2548 sed
1973 2478 2100 2571 partim
2122 2477 2249 2549 Timo·

214 2593 287 2661 vita
304 2593 503 2668 admoneat,
524 2607 592 2676 qua
610 2596 685 2652 arte
701 2580 939 2649 retinendasit
955 2580 1094 2670 publica
1111 2593 1208 2647 tran·
1259 2580 1355 2659 nica,
1402 2578 1530 2667 partim
1567 2573 1802 2675 ὀλιγαρχικὰ,
1849 2582 2020 2669 gravatim
2053 2604 2176 2673 operas
2210 2582 2250 2650 in

216 2690 385 2788 quillitas.
443 2683 497 2756 Ea
520 2709 605 2754 vero
629 2705 756 2772 magna
778 2694 830 2751 est
849 2705 924 2767 ars,
955 2705 1016 2750 seu
1037 2681 1208 2770 sapientia
1258 2703 1446 2751 commune
1462 2682 1638 2766 conterre,
1664 2682 1719 2750 vel
1740 2681 1913 2772 impedire
1927 2683 2077 2754 aliorum
2094 2706 2249 2766 cursum,

216 2794 353 2888 potius,
378 2787 565 2884 praecipue
580 2785 791 2880 requirenda
815 2784 852 2851 in
867 2783 928 2864 iis,
955 2781 1017 2876 qui
1036 2782 1105 2849 viri
1122 2782 1207 2851 boni
1260 2781 1319 2876 qui
1354 2795 1401 2861 et,
1421 2781 1488 2873 ipsi
1520 2784 1610 2850 bene
1643 2797 1824 2854 merentur
1857 2785 1902 2854 de
1926 2782 2066 2876 Repub.
2093 2783 2248 2854 aliorum

215 2890 396 2991 perhiberi
414 2890 558 2974 volunt,
584 2911 675 2981 qnae
689 2885 888 2955 cuiusmodi
900 2884 963 2968 sit,
986 2885 1025 2952 in
1040 2879 1105 2952 hac
1121 2885 1208 2952 ima·
1259 2883 1428 2973 aucupari
1446 2898 1577 2963 errata,
1603 2885 1783 2955 autetiam
1800 2884 2009 2976 calumniari
2026 2885 2159 2968 studia,
2183 2909 2248 2955 seu

216 2998 297 3089 gine
313 2992 469 3086 conspici
488 3004 614 3081 potest.
1259 2986 1362 3063 odio,
1395 3008 1456 3054 seu
1478 2985 1692 3071 ambitione,
1723 3011 1784 3056 seu
1809 2986 1928 3081 aliqua
1952 2987 2020 3058 alia
2046 2987 2248 3079 cupiditate.

319 3098 426 3168 Forte
458 3094 497 3161 in
527 3093 583 3162 via
607 3091 825 3161 conveniunt
853 3111 975 3158 caecus
999 3102 1033 3159 et
1053 3086 1209 3166 claudus,
1260 3085 1402 3176 Quanta
1431 3086 1525 3156 inter
1551 3109 1588 3155 se
1617 3088 1790 3158 modestia
1822 3102 2004 3160 certarunt
2037 3103 2167 3182 septem
2194 3088 2250 3156 illi

189 3260 192 3266 ,
216 3200 384 3275 obicum
415 3197 489 3264 sine
521 3195 609 3264 duce
638 3192 803 3282 progredi
827 3213 948 3259 caecus
980 3214 1053 3258 non
1082 3200 1209 3279 posset,
1259 3188 1388 3259 summi
1410 3188 1497 3266 viri,
1531 3189 1594 3281 qui
1619 3189 1802 3281 Sapientes
1826 3192 2077 3275 nominantur,
2104 3191 2168 3284 qui
2192 3215 2253 3260 eo-

218 3303 345 3375 claudo
381 3298 489 3370 etiam
524 3291 702 3364 vehiculo.
725 3315 815 3383 opus
846 3304 952 3374 esset,
991 3292 1210 3361 retinebatur
1261 3292 1340 3360 dem
1369 3305 1526 3378 tempore
1554 3291 1755 3361 floruerunt
1779 3292 1817 3361 in
1846 3292 1996 3361 diversis
2027 3291 2256 3364 civitatibus?

218 3421 367 3496 uterque
392 3423 456 3470 suo
481 3397 588 3466 malo.
647 3393 748 3462 Vidit
773 3407 889 3462 autem
908 3393 1055 3462 claudus
1069 3415 1208 3462 caecum
1259 3391 1440 3461 Namcum
1456 3389 1595 3475 Mileti,
1621 3393 1802 3463 inventam
1814 3417 1954 3465 auream
1967 3390 2256 3485 mensamApol-

219 3506 356 3576 validos
369 3504 537 3582 lacertos,
563 3499 683 3565 firmos
700 3496 821 3585 pedes,
849 3494 1003 3586 denique
1027 3495 1137 3563 robur
1155 3493 1211 3558 in·
1261 3495 1295 3561 lo
1313 3492 1468 3561 iussisset
1482 3493 1740 3584 sapientissimo
1755 3496 1850 3581 dari,
1870 3495 1993 3565 civitas
2001 3489 2146 3566 Thaleti
2161 3480 2252 3565 dan-

219 3623 356 3698 tegrum
381 3601 537 3692 corporis
564 3595 710 3681 habere,
743 3621 807 3665 nec
832 3596 1020 3688 quicquam
1038 3594 1154 3664 morbi
1173 3593 1210 3660 in
1261 3597 1341 3663 dam
1368 3618 1441 3664 esse
1463 3597 1634 3667 decrevit:
1669 3597 1698 3664 is
1714 3598 1996 3686 magnitudinem
2012 3592 2119 3667 huius
2133 3597 2251 3667 laudis

219 3734 260 3780 eo
279 3704 440 3781 haerere,
473 3701 544 3770 nisi
569 3701 665 3793 quod
689 3698 1037 3785 oculiscaptuserat.
1089 3693 1210 3784 Quare
1262 3719 1334 3763 non
1358 3720 1569 3784 agnoscens,
1597 3711 1631 3768 et
1646 3698 1800 3769 libenter
1815 3696 1934 3784 alteri,
1960 3700 2016 3768 vel
2037 3698 2253 3790 impertiens,

218 3811 412 3903 prudenter
429 3803 511 3874 iniit
527 3803 721 3884 rationem,
746 3814 786 3870 ιιι
802 3799 897 3867 ἱιιιιι
919 3820 956 3866 se
972 3797 1212 3868 communica·
1262 3799 1318 3865 vel
1340 3802 1484 3876 cedens,
1515 3799 1612 3870 misit
1634 3799 1779 3885 Saloni,
1810 3799 1923 3873 Solon
1946 3803 2154 3872 adeundem
2172 3826 2253 3870 mo·

125 3941 131 3948 ·
218 3924 297 3983 rent
312 3930 455 4002 operas,
481 3920 515 3977 et
531 3906 619 3974 alter
635 3902 778 3972 sarciret
792 3901 847 3986 id,
875 3901 970 3994 quod
992 3901 1110 3968 deerat
1125 3900 1211 3969 alte·
1263 3896 1488 3970 dumBianti.
1539 3898 1629 3972 Cum
1649 3927 1712 3994 per
1726 3926 1849 3972 omnes
1864 3915 1998 3996 septem
2012 3916 2132 3992 vagata
2148 3925 2250 3971 men·-

217 4015 268 4095 ri,
299 4027 339 4084 ut
359 4033 480 4083 caecus
503 4007 641 4076 tolleret
663 4006 702 4073 ln
722 4000 889 4074 humeros
903 4003 1088 4087 claudum,
1115 4002 1210 4072 elau·
1263 4025 1298 4071 sa
1325 4003 1369 4070 ad
1392 3998 1578 4074 Thaletem
1601 4005 1780 4096 rediisset,
1812 4006 1863 4075 ait
1886 3998 2035 4090 Thales,
2066 4026 2161 4073 nunc
2187 4003 2253 4073 de-

218 4120 285 4187 dus
312 4114 372 4185 isti
402 4121 619 4180 monstrator
651 4105 728 4173 viae
761 4118 860 4174 esset.
928 4100 1085 4195 Exponit
1109 4104 1209 4176 suum
1263 4128 1361 4173 mum
1385 4128 1421 4174 se
1445 4106 1578 4177 oraculi
1601 4109 1809 4179 sententiam
1834 4107 2047 4195 intelligere3
2083 4105 2255 4199 iussitque

185 4300 189 4306 .
218 4217 408 4288 consilium
424 4233 546 4287 caeco,
573 4220 606 4276 et
622 4227 721 4274 suam
737 4227 879 4293 operam
897 4205 1095 4294 pollicetur.
1134 4202 1209 4275 Etsi
1264 4228 1419 4274 mensam
1442 4207 1564 4278 offerri
1589 4207 1772 4300 Apollini,
1805 4206 2256 4302 quodDeussigniheasset

219 4316 356 4388 ,arcina
375 4309 623 4402 imponebatur
643 4328 718 4372 non
742 4304 830 4373 levis
852 4328 971 4387 cacco,
996 4317 1209 4375 tamencum
1264 4301 1332 4376 hoc
1353 4307 1559 4390 involucro,
1592 4311 1771 4381 nemiuem
1796 4311 2019 4394 mortalium,
2054 4311 2114 4380 sed
2138 4309 2256 4381 solum

217 4414 439 4489 humanitate
464 4409 549 4478 socii
581 4418 781 4497 caperetur,
818 4428 892 4473 non
923 4405 1091 4475 detrectat
1121 4402 1212 4474 hanc
1263 4405 1378 4478 Deum
1399 4410 1590 4500 sapientem
1616 4435 1699 4485 esse.
1758 4406 1890 4482 Overo
1909 4406 2178 4482 Aristocratieos
2199 4412 2254 4480 vi·

218 4516 481 4596 conditionem,
511 4534 551 4579 ac
564 4510 701 4580 sublato
720 4507 757 4575 in
778 4501 947 4575 humeros
960 4507 1105 4585 claudo,
1132 4530 1212 4596 per·
1264 4533 1341 4593 ros,
1376 4535 1527 4604 quorum
1560 4536 1664 4582 uerno
1695 4515 1739 4583 de
1760 4515 1905 4584 alterius
1931 4514 2036 4583 laude
2058 4513 2255 4608 quidquam

217 4624 285 4714 gis,
318 4633 352 4688 et
375 4618 550 4705 gubernat
564 4637 643 4683 eum
661 4610 818 4682 claudus.
870 4607 922 4679 lta
944 4623 1104 4679 amanter
1116 4633 1212 4678 com·
1264 4612 1454 4701 decerpsit:
1490 4615 1618 4683 deinde
1640 4614 1701 4707 qui
1726 4614 1898 4701 viderint,
1924 4611 2023 4684 'nihil
2043 4638 2117 4685 esse
2142 4615 2256 4686 lurio-

219 4720 408 4794 municatis
423 4717 540 4812 operis
558 4716 626 4786 iter
647 4723 845 4800 susceptum
862 4711 1063 4783 conficiunt.
1115 4708 1213 4782 Haec
1265 4713 1356 4809 sius,
1382 4710 1487 4806 qrram
1510 4709 1672 4785 homines
1694 4718 1763 4788 sibi
1784 4717 1977 4811 sapientiae
1997 4717 2138 4787 laudem
2155 4740 2258 4787 arro-

219 4840 271 4896 est
288 4826 404 4912 imago
420 4818 546 4912 optimi
562 4831 672 4889 status
691 4814 729 4882 in
746 4810 889 4902 Repub.
934 4811 1094 4883 Primum
1118 4813 1211 4883 enim
1265 4837 1357 4903 gare.
1412 4813 1531 4907 ltaque
1555 4817 1703 4890 comiter
1723 4822 1817 4892 inter
1834 4818 2058 4891 sevixerunt.
2109 4815 2157 4890 Et
2173 4818 2258 4912 qui-

219 4929 258 4998 in
272 4939 370 4997 tanta
386 4923 479 4992 mole
493 4946 532 4990 ac
547 4919 715 4989 varietate
729 4915 975 5006 negociorum,
996 4939 1102 4985 nemo
1118 4941 1213 4987 uuus
1265 4919 1344 4986 dem
1362 4913 1529 4986 Solonem
1544 4920 1736 5012 accipimus
1757 4948 1776 4993 a
1792 4916 1943 4991 Thalete
1961 4921 2125 4991 didicisse
2139 4935 2259 4992 motus

217 5053 283 5121 par
317 5049 390 5094 esse
424 5022 590 5094 omnibus
625 5021 732 5089 rebus
763 5017 1053 5088 administrandis
1089 5031 1213 5108 potest.
1265 5031 1452 5088 astrorum.
1511 5018 1614 5093 Nunc
1638 5047 1720 5093 vero
1742 5023 1880 5119 quoties
1897 5021 1987 5095 illud
2003 5024 2061 5106 fit,
2088 5025 2185 5117 quod
2207 5023 2260 5093 ait

218 5129 358 5203 Deinde
377 5137 471 5196 tanta
495 5136 546 5191 est
570 5121 757 5191 infirmitas
778 5118 1024 5208 ingeniorum,
1049 5134 1088 5190 ut
1106 5121 1211 5190 etiam
1264 5117 1459 5189 Martialis:

219 5233 282 5327 qni
297 5253 412 5300 unum
434 5224 578 5317 aliquod
595 5244 726 5291 munus
740 5222 935 5305 sustinent,
968 5235 1084 5291 tamen
1104 5223 1213 5291 inter·
1417 5225 1483 5308 Qui
1499 5226 1573 5292 rellt
1587 5235 1709 5313 ingenio
1723 5232 1844 5312 cedere,
1866 5257 1949 5298 rarus
1963 5240 2028 5297 erit.

219 5336 305 5403 dum
327 5354 400 5401 no„
429 5327 513 5397 satis
541 5325 613 5393 sint
645 5322 792 5404 intenti,
827 5323 1005 5392 interdum
1034 5324 1214 5397 fallantur.
1264 5320 1312 5393 Et
1334 5322 1489 5395 vidimus
1510 5326 1697 5419 aliquoties
1720 5321 1789 5398 hoc
1811 5330 1988 5415 accidere,
2018 5328 2259 5402 utortaedis-

217 5431 382 5528 Denique
397 5425 491 5501 nihil
508 5440 559 5500 est
574 5426 613 5495 in
629 5423 736 5493 rebus
748 5417 915 5496 humanis
937 5425 983 5497 ab
999 5426 1098 5496 omni
1119 5440 1216 5519 parte
1264 5418 1513 5499 sentiunculae'
1526 5451 1566 5500 ex
1586 5428 1773 5499 levissimis
1794 5430 1908 5503 initiis
1921 5432 2108 5505 excitarint
2130 5431 2262 5521 ingen·
