1481 1679
177 147 213 167 821

178 190 254 213 cepturi·
262 193 335 207 mortem
344 189 406 210 deflet,
418 192 435 206 et
443 188 481 206 eius
490 188 581 211 ingenium
591 188 616 205 ita
624 194 675 211 prae-

178 216 235 236 dicat.
248 219 268 233 ut
275 214 358 233 omnibus
365 214 427 232 aetatis
436 219 479 232 snae
487 213 618 232 Mathematici»
626 217 675 231 ante-

179 242 230 259 ferat.

229 266 325 284 incesserat
336 269 394 283 autem
403 265 475 288 utrique
485 265 572 288 cupidita»
583 265 675 283 adeundae

179 292 250 313 ltaliae,
262 290 373 309 Purbacchio
380 294 398 308 et
405 290 555 313 Regiomontano‚
569 294 606 308 tum
615 294 635 308 ut
642 291 675 307 do-

177 321 215 336 ctos
226 318 274 335 viros
286 317 305 334 in
317 316 368 335 ltalia
383 316 466 334 audirent
480 315 614 340 (celebrabatur
626 316 675 333 euim

178 342 274 361 Blanehini
282 341 339 366 fama)
345 355 350 363 ‚
360 345 398 360 tum
406 345 426 359 nt
435 341 514 359 Graecae
523 341 594 364 linguae
603 347 675 364 operam

178 369 246 389 darent,
257 368 276 385 in
284 374 319 391 qua
327 368 385 385 fontes
392 366 455 385 harum
463 367 528 385 artium
536 367 623 385 contineri
632 367 675 384 scie-

177 395 230 415 bant,
243 397 260 412 et
268 393 388 411 Ptolemaeum
396 399 427 410 ma
436 393 497 415 lingua
509 393 609 416 loquentem
618 393 675 415 legere

177 420 267 437 volebant.
294 418 372 442 Eratque
384 417 465 436 hortator
471 417 574 440 Bessarion,
587 422 608 436 ut
615 424 674 435 secum

177 445 336 469 proficiscerentur.
352 443 417 461 Narrat
426 443 479 461 etiam
486 443 645 467 Regiomontanus,
657 449 675 460 se

177 471 315 491 adolescentem,
333 475 373 487 turn
387 469 455 487 videret
467 469 512 487 duos
524 469 675 492 ingeniosissimos

177 496 235 516 viros,
253 494 381 513 Pul-bacchium
396 498 413 512 et
427 494 541 513 Franciscum
555 494 674 512 Mantuanum

178 522 197 539 in
213 521 325 539 versionibus
345 519 467 543 geographicis
484 520 581 538 Ptolemaei
597 519 675 540 haerere,

177 551 250 570 propter
258 546 346 564 inscitiam
356 545 434 563 Graecae
442 545 519 568 linguae,
532 546 583 563 valde
591 546 675 566 doluisse,

177 573 225 597 quod
239 573 297 590 fontes
311 571 397 594 inspicere
414 577 450 589 non
468 575 536 594 posset,
551 577 584 588 net
596 570 675 589 Graecae

177 598 248 620 linguae
257 600 379 621 praeceptores
389 595 472 617 haberet,
486 602 559 620 eamque
571 597 595 614 ob
604 602 674 614 causam

177 629 196 641 se
202 623 299 641 decrevisse
306 622 402 645 aliquando
411 621 480 639 ltaliam
488 622 542 639 adire.
561 622 637 640 Moleste
646 625 675 639 tu-

177 649 222 666 lerat
230 649 336 669 adolescens,
350 648 369 665 in
376 648 458 665 versione
465 647 588 670 descriptionis
595 646 675 665 Danubii

177 674 229 693 toties
237 678 314 692 erratum
323 679 367 691 esse.
392 673 437 690 Nam
446 679 486 690 cum
494 673 513 690 in
521 676 570 691 textu
577 673 600 691 sit
611 673 675 697 ἐκτρο-

177 699 213 723 πὴ,
226 706 271 723 quae
282 702 307 717 est
316 702 393 720 meatus,
406 698 438 716 ubi
451 698 512 716 influit
523 699 568 716 alius
575 698 642 718 amnis.
655 701 675 716 ut

178 726 199 743 ad
209 725 300 743 Patavium
309 723 371 742 Ocnus
379 724 440 741 influit
448 724 467 741 in
475 723 587 742 Danubium:
599 727 675 742 verterat

177 751 264 774 interpres
273 750 334 768 multis
342 750 386 767 locis
394 749 492 770 scissiones,
506 750 557 773 quasi
564 753 631 767 caetera
640 749 674 766 fln-

177 776 226 794 mina
233 776 269 794 sint
277 775 355 794 Danubii
364 774 442 793 brachia.
465 775 526 792 Simili
535 774 674 793 hallucinatione

177 802 273 825 descriptio
286 800 330 819 Padi
347 801 439 818 obscurata
458 804 489 818 est.
515 800 550 818 Sed
568 799 675 818 Purbacchii

177 827 271 846 consilium
283 827 304 844 de
318 825 351 843 bac
363 825 507 848 peregrinatione
518 831 566 843 mors
580 825 674 843 immatura

176 853 279 871 antevertit:
296 857 332 875 quo
345 851 422 868 extincto
434 850 492 868 luctus
502 850 554 868 etiarn
564 850 675 873 Regiomon-

177 882 238 896 tanum
253 877 318 897 movit,
338 879 357 894 ut
371 876 440 893 facilius
454 875 542 893 Viennam
560 877 674 900 relinqueret.

176 903 277 922 Comitatur
289 902 344 924 igitur
356 901 479 919 Besa-arionem
491 902 593 921 redeuntem
606 902 625 919 in
640 902 672 919 lta-

176 929 229 950 liam,
240 934 280 945 cum
290 928 325 945 iam
333 933 370 944 non
381 927 443 950 procul
452 933 461 944 a
470 927 558 945 tricesimo
567 933 615 945 anno
623 928 673 945 abes-

176 958 208 973 net,
234 953 302 972 Romae
317 959 358 970 cum
372 952 492 975 Trapezontio
506 958 558 976 saepe
571 958 674 976 congressus

176 984 208 998 est-
234 979 325 997 Lustravit
336 981 352 996 et
360 976 485 998 bibliothecas,
497 984 542 1001 quae
554 979 610 1000 magis
621 978 673 996 etiam

176 1005 295 1023 accenderunt
304 1010 353 1025 eum,
366 1007 387 1021 ut
394 1002 473 1021 Graecae
484 1003 555 1025 linguae
563 1009 634 1026 operam
642 1003 674 1020 da-

177 1034 209 1049 ret.
223 1030 294 1048 Ardens
302 1030 356 1052 igitur
364 1027 397 1046 hac
405 1029 507 1051 eupiditate,
517 1029 572 1046 multa
581 1034 611 1046 sua
619 1034 672 1046 manu

177 1056 277 1079 descripsit,
290 1059 307 1073 et
314 1054 410 1073 Ptolemaei
418 1054 474 1072 libros
482 1054 516 1071 sibi
524 1054 619 1072 familiares
625 1054 674 1072 fecit.

176 1082 229 1100 Tunc
241 1085 258 1100 et
265 1081 360 1103 Dialogum
371 1083 432 1097 eontra
440 1079 565 1097 Cremonensis
576 1079 674 1097 Tbeorieas

176 1107 252 1130 scripsit.
277 1106 375 1130 Aliquanto
392 1108 432 1129 post
445 1105 544 1123 Ferrariam
560 1111 578 1122 se
593 1105 675 1126 contulit,

176 1133 208 1151 ubi
217 1136 259 1150 tunc
269 1136 319 1149 erant
326 1130 437 1149 Blancbinus
447 1134 464 1148 et
472 1129 579 1148 Theodorus
586 1130 633 1148 Gaza
639 1144 644 1152 ,
656 1133 674 1148 et

177 1157 270 1176 Guarinus
281 1157 306 1175 ibi
315 1156 382 1174 Graece
390 1157 470 1174 docebat.
496 1155 530 1173 Hic
543 1156 615 1177 navayit
624 1162 674 1179 egre-

177 1183 224 1206 giam
238 1189 310 1206 operam
326 1182 345 1199 in
359 1182 427 1200 Graeca
441 1179 511 1205 lingua,
528 1182 604 1205 amplius
617 1187 674 1199 anno:

178 1212 284 1232 tantumque
293 1207 365 1229 didicit,
381 1212 401 1225 ut
412 1211 429 1225 et
440 1213 501 1225 versus
513 1213 573 1229 graece
585 1207 675 1228 scriberet,

177 1234 210 1258 qui
219 1232 277 1251 adhuc
286 1236 354 1254 extant,
370 1236 386 1251 et
398 1233 477 1255 expedite
488 1233 555 1250 versari
564 1232 583 1250 in
591 1231 673 1250 Philoso-

177 1259 218 1283 phis
224 1259 298 1277 Graecis
304 1262 368 1282 posset.
382 1258 418 1276 Hie
424 1258 460 1275 iam
464 1258 584 1276 Ptolemaeum
592 1262 609 1276 et
613 1257 674 1276 Theo-

177 1286 206 1303 nis
215 1284 351 1303 commentarios
359 1284 440 1301 conferre
448 1284 510 1306 eoepit.
530 1283 628 1308 Aliquanto
636 1287 675 1306 post

177 1311 270 1329 discedens
281 1310 372 1330 Ferraria,
387 1309 436 1327 venit
447 1309 466 1326 in
478 1308 591 1326 Academiam
604 1308 675 1327 Patavi-

177 1343 225 1357 nam,
238 1336 270 1354 ubi
278 1342 287 1353 n
296 1333 423 1358 Philosophiae
430 1334 514 1352 studiosis
522 1338 603 1357 rogatus,
615 1334 676 1352 Alsra-

177 1367 244 1385 ganum
251 1361 322 1385 publice
329 1360 425 1379 enarravit.
452 1359 505 1377 Extat
517 1360 601 1382 praefatio
614 1360 640 1378 ibi
648 1366 676 1378 te-

178 1388 236 1408 citata,
247 1387 266 1405 in
274 1393 308 1411 qna
316 1393 353 1404 non
362 1386 419 1404 solum
428 1385 531 1408 disciplinae
538 1385 634 1408 praedicat,
645 1386 675 1404 sed

178 1413 231 1431 etiam
243 1418 307 1435 magno
317 1412 394 1430 candore
401 1411 478 1429 celebrat
487 1409 632 1431 Mathematicus,
645 1411 676 1435 qui

177 1443 221 1457 tunc
234 1439 253 1456 in
262 1438 313 1456 ltalia
321 1438 364 1456 clari
375 1438 458 1457 fuerunt,
471 1440 488 1455 et
497 1442 542 1463 qpos
548 1436 583 1454 sibi
592 1436 677 1455 devinxe-

402 145 483 165 DECL.
506 144 543 164 DE
560 134 695 164 IOHANNE
711 144 968 164 nEffloMONTANO.

1160 147 1197 166 822

700 191 727 205 rat
738 187 816 205 amicitia
829 191 901 210 propter
911 188 1013 206 societatem
1023 188 1123 207 studiorum
1133 192 1150 207 et
1160 189 1197 207 vir-

700 217 762 232 tutem.
788 213 875 231 Absoluta
883 213 995 231 enarratione
1002 213 1101 237 All'ragani,
1114 221 1154 232 curn
1161 215 1196 232 iam

699 238 794 256 Bessan-ion
803 245 823 256 ex
832 238 907 256 Graecia
915 239 1006 261 rediisset,
1019 240 1095 257 contulit
1104 246 1122 257 se
1129 239 1196 263 Regio-

700 268 794 282 montanus
803 264 896 285 venetias,
909 270 958 282 anno
970 265 1064 283 millesimo
1076 265 1197 289 quadringen-

699 290 774 311 tesimo,
786 293 850 314 quarto
862 293 879 307 et
886 290 999 313 sexagesimo.
1024 290 1059 308 Hie
1070 295 1088 309 et.
1099 291 1165 308 librum
1174 292 1197 309 de

700 315 793 338 triangulis
802 321 864 338 magna
873 316 965 338 diligentia
973 316 1087 339 conscripsit,
1101 320 1118 334 et
1129 317 1196 335 refuta-

700 341 757 359 tiones
764 341 882 365 quadraturae
890 341 960 362 circuli,
973 347 1016 365 quas
1023 341 1108 360 Nicolaus
1115 341 1197 360 Cusanus

699 367 828 384 demonstrasse
843 367 948 389 putabatur:
969 366 1046 385 Romam
1062 371 1122 390 postea
1138 368 1197 390 rediit,

699 392 731 410 ubi
739 392 795 410 libros
800 391 877 410 Graecos
885 396 903 410 et
910 392 983 410 Latinos
991 393 1055 415 partim
1063 399 1094 411 cua
1102 399 1158 412 manu
1165 394 1197 412 de-

699 418 780 441 scripsit,
791 417 859 441 (pinxit
870 418 918 435 enim
931 418 1022 436 literarum
1034 418 1099 441 figuras
1110 422 1127 437 et
1140 425 1197 437 venu-

699 446 743 461 state
758 447 775 461 et
787 443 871 461 facilitate
882 442 963 467 magna‚)
971 444 1035 466 partim
1048 450 1111 467 magna
1122 445 1196 468 pecunia

699 469 776 487 describi
783 468 857 487 curavit.
882 468 917 486 Hic
925 472 942 487 et
950 469 1047 487 certamina
1055 469 1071 487 ei
1079 476 1118 488 cum
1128 470 1196 494 Trape-

699 495 759 512 zuntio
776 494 861 512 acerrima
876 494 958 515 suerunt,
977 494 1028 512 cuius
1043 493 1197 518 hallucinationes,

699 526 739 538 eum
748 519 840 538 Theonein
850 518 1013 542 reprehendissent,
1024 520 1099 543 ingenue
1108 521 1197 540 refutavit.

700 545 793 568 Peragrata
802 545 863 566 ltalia,
876 545 929 563 rediit
937 545 1034 567 Viennam,
1047 546 1079 563 ubi
1091 547 1123 564 etsi
1134 547 1197 564 docere

699 574 791 594 coeperat,
808 574 867 588 tamen
874 574 956 588 evocatus
967 577 977 588 a
985 570 1034 593 Rege
1043 570 1130 593 Matthia,
1147 576 1164 590 et
1174 573 1197 590 ab

699 595 788 619 Episcopo
800 596 928 618 strigoniensi,
945 596 1014 619 magnis
1025 597 1048 614 ab
1058 600 1134 621 utroque
1146 604 1196 621 prae-

700 622 740 639 miis
752 622 828 639 donatus
839 625 868 639 est.
894 621 933 640 Rex
946 622 998 639 etiam
1014 622 1118 645 pensionem
1134 624 1149 641 ei
1164 630 1197 641 an-

699 653 754 665 nuam
766 647 854 668 decrevit,
867 653 931 665 aureos
941 647 1053 670 Hungaricos
1062 648 1106 666 200.
1133 648 1167 667 Hic
1180 653 1197 667 et

699 673 736 695 regi
747 676 764 691 et
776 672 866 696 Episcopo
876 673 993 691 instrumenta
1004 673 1096 691 maritavit
1106 675 1128 692 ad
1136 675 1197 692 obser-

700 699 767 716 vandos
776 702 839 716 motus.
858 697 903 715 Nam
911 697 995 721 Episcopi
1003 705 1066 721 magna
1075 703 1111 717 erat
1119 700 1196 718 eruditio

699 724 718 741 in
729 723 758 741 his
765 724 870 746 disciplinis.
896 723 920 741 Et
931 723 980 744 Rex,
993 724 1074 747 quamvis
1082 731 1135 743 nemo
1144 725 1197 743 Prin—

699 750 758 773 cipum
766 749 804 767 eius
811 749 873 767 aetatis
881 749 983 767 bellicosior
990 753 1032 771 erat,
1045 753 1104 768 tamen
1113 757 1150 768 non
1159 755 1197 769 erat

699 775 750 793 rudis
761 775 851 793 doctrinae
860 775 882 792 de
894 775 971 793 motibus
982 775 1093 793 coelestibus.
1119 776 1197 794 Narrant

699 805 716 819 et
727 801 831 823 gravissimo
842 801 906 818 morbo
922 803 1010 818 servatum
1025 806 1062 818 esse
1074 800 1197 820 Mathematici

700 826 781 844 consilio.
806 826 851 844 Nam
859 832 899 844 cum
909 825 976 844 Medici
984 826 1052 844 nullam
1061 827 1079 844 in
1091 826 1197 846 humoribus

699 858 770 869 causam
783 852 840 869 morbi
853 850 1017 875 deprehenderent,
1028 858 1048 870 ac
1060 853 1197 871 animadvertis-

699 881 738 895 sent
746 880 815 895 tantum
822 877 916 894 mirificum
923 883 960 895 esse
967 878 1069 900 languorem
1077 879 1145 899 cordis,
1156 878 1197 896 Ma-

699 902 804 921 thematicus
811 903 887 924 monuit,
900 906 972 926 propter
979 902 1066 926 Eclipain,
1077 910 1123 927 qnae
1131 904 1196 922 minata

699 929 757 946 fuerat
768 928 823 950 Regis
833 928 888 949 vitae,
901 926 947 945 hanc
958 928 1098 947 imbecillitatem
1110 930 1196 947 virtutum
1222 947 1229 950 ,

699 954 781 971 vitalium
790 954 874 972 extitisse:
885 960 918 971 nee
927 959 996 971 causam
1006 954 1025 971 in
1035 952 1134 972 honoribus
1143 961 1196 978 quae-

699 980 773 997 rendam
780 985 827 1000 esse,
839 979 869 996 sed
879 982 946 996 tantum
955 979 1013 996 cordis
1022 979 1067 997 vires
1075 980 1128 997 rebus
1136 981 1196 998 suavi*

700 1005 732 1022 hm
739 1005 830 1022 fovendas.
857 1003 882 1022 lta
891 1003 930 1022 Rex
937 1004 1033 1022 convaluit.

749 1040 776 1058 Eo
788 1044 867 1063 tempore
877 1040 1029 1063 Regiomontsnus
1042 1045 1059 1059 et
1071 1041 1160 1065 Episcopo
1169 1042 1195 1060 illi

699 1066 768 1084 tabulas
784 1066 902 1083 directionum
921 1066 1034 1088 conscripsit,
1051 1073 1127 1090 quarum
1144 1068 1195 1085 initia

699 1091 768 1110 etiamsi
776 1091 799 1108 ab
808 1091 848 1108 aliis
856 1091 940 1114 sumpsit,
953 1094 1013 1109 tamen
1021 1098 1084 1115 magna
1093 1099 1134 1116 pars
1145 1093 1196 1111 lucu-

699 1116 786 1135 brationis
796 1115 850 1134 huius
860 1120 886 1134 est
898 1116 952 1140 ipsius
962 1117 1039 1140 propria.
1065 1117 1088 1136 Et
1095 1117 1138 1136 haec
1146 1119 1196 1137 labo-

699 1149 739 1161 rum
747 1142 885 1160 communicatio
898 1142 943 1160 insta
957 1146 974 1161 et
989 1143 1041 1161 laude
1050 1144 1153 1166 dignissima
1164 1148 1196 1165 est,

699 1168 767 1192 priores
778 1168 843 1186 artium
855 1168 921 1185 semina
933 1169 1002 1186 tradere
1014 1169 1097 1192 posteris,
1111 1173 1128 1187 et
1138 1174 1196 1193 poste-

699 1199 728 1212 ros
735 1200 755 1211 ea
767 1194 843 1211 fideliter
852 1199 956 1211 conservare
969 1197 986 1212 et
998 1194 1094 1214 illustrare.

750 1231 777 1250 Eu
792 1231 831 1254 ipso
846 1234 925 1254 tempore
937 1231 976 1249 Rex
990 1231 1094 1250 Pannoniae
1111 1232 1197 1252 Matthias

699 1258 767 1275 bellum
776 1257 832 1274 movit
838 1257 923 1274 adversus
930 1255 1030 1278 Bohemos,
1043 1264 1089 1281 quae
1096 1264 1123 1276 res
1132 1259 1197 1277 multa-

700 1289 740 1301 rum
748 1283 848 1300 vicinarum
856 1282 949 1304 regionum
957 1283 1104 1306 tranquillitatem
1113 1285 1198 1303 turbavit.

700 1307 776 1326 Bohemi
785 1307 849 1331 partim
856 1306 963 1325 Casimirum
971 1307 1056 1326 Poloniae
1064 1308 1131 1332 Regem
1139 1316 1198 1328 sceer-

701 1335 773 1354 nebant,
794 1332 858 1356 partim
874 1339 948 1356 regnum
961 1332 1007 1351 Duci
1022 1334 1109 1352 Saxoniae
1123 1334 1198 1354 Alberto

701 1360 770 1378 tradere
779 1359 898 1380 conabantur,
912 1359 975 1381 partim
986 1359 1087 1378 invitabant
1097 1361 1199 1383 Matthiam,

701 1385 739 1409 qui,
752 1388 772 1402 ut
780 1388 817 1402 erat
825 1384 929 1405 acerrimus,
942 1385 1036 1403 antevertit
1045 1390 1126 1404 caeteros.
1152 1387 1198 1404 Cum

702 1411 757 1434 igitur
770 1409 874 1430 Pannonia,
891 1408 962 1427 Austria
980 1413 998 1428 et
1009 1414 1045 1429 tota
1058 1412 1123 1429 vicinia
1137 1412 1199 1435 plenae

702 1440 760 1455 cenent
776 1435 895 1479 tnmultugizmg
914 1435 1068 1458 Regiomontanns
1084 1437 1199 1461 tranquillam
