4732 6030
94 233 142 307 ts
613 222 772 303 DECL.
805 222 878 299 DE
907 222 1166 300 ARTIBUS
1199 218 1616 300 LIBERALIBUS.
2086 221 2135 295 14
2231 276 2234 283 .

92 401 278 494 spirantes.
321 397 376 468 De
388 398 525 468 artibus
539 394 720 484 hactenus,
741 421 831 492 quae
846 421 978 488 organa
992 411 1086 483 sunt,
1139 398 1232 469 estis.
1283 392 1475 485 Eleganter
1497 398 1664 468 admonet
1685 396 1825 486 dialogo
1845 395 2042 476 Lucianus,
2069 396 2133 491 qui

94 517 129 573 et
147 503 246 596 quasi
264 502 437 595 quaedam
455 501 639 591 praeludia
656 523 804 591 magnae
818 501 915 571 illius
930 499 1009 570 Diis
1025 524 1085 591 ge·
1136 500 1265 569 fluctus
1290 498 1344 566 illi
1367 494 1598 567 abhorrentes
1622 522 1642 565 a
1664 500 1795 569 virtute
1821 498 2024 591 Musisque:
2051 522 2133 567 eum

94 605 187 674 uitae
210 604 419 695 sapientiae,
445 603 577 695 quibus
596 603 788 673 instructae
811 617 947 673 mentes
969 598 1087 671 homi·
1137 591 1585 696 quandoCasperCurrer,
1609 600 1786 669 bonorum
1801 602 2000 672 studiorum
2010 623 2134 670 aman-

92 731 191 790 num,
217 702 285 776 Dei
302 728 435 774 numen
451 705 1085 798 coelisdemissumexciperequeant.
1138 704 1294 772 tissimus
1323 703 1480 787 iuvenis,
1515 701 1684 772 Latinum
1706 703 1807 785 fecit,
1840 698 1936 772 haud
1961 701 2133 791 gravatim

90 806 164 877 Nec
187 806 240 876 fas
262 821 348 897 puto
373 809 417 874 de
438 807 499 875 illa
522 808 625 896 plura
649 808 902 890 commentari,
936 808 1086 899 quisque
1137 805 1298 878 releram.
1360 804 1519 874 lucunda
1548 819 1599 874 est
1618 803 1750 873 labula.
1811 805 1871 874 Sic
1891 804 1987 872 enim
2012 802 2133 872 Venus

90 933 208 979 secum
240 910 356 980 honus
379 909 435 977 vir
456 909 558 977 anxie
582 909 728 997 cogitet,
761 934 850 1003 quae
874 909 929 976 illi
952 903 1086 1006 yvqot'q
1138 919 1262 976 natum
1289 908 1492 999 compellat:
1526 904 1624 995 Quid
1647 931 1668 975 o
1693 903 1834 999 Cupido
1861 921 2015 975 caeteros
2040 902 2134 974 Deos

92 1002 317 1103 odtdpnoto,
344 1025 385 1082 ut
407 1006 647 1081 Callimachus
669 1011 734 1079 ait:
763 1009 841 1102 lpsa
864 1026 915 1080 est
937 1010 1085 1103 quaein
1138 1009 1307 1097 subegisti
1330 1033 1471 1093 omnes,
1499 1007 1640 1092 lovem,
1662 1007 1887 1099 Neptunum,
1914 1001 2132 1097 Apollinem,

92 1113 212 1183 medio
240 1115 372 1183 artium
399 1108 508 1181 choro
534 1112 732 1182 communis
756 1112 923 1182 omnibus
946 1113 1087 1197 desidit,
1138 1109 1334 1196 lunonem,
1358 1123 1578 1202 matremque
1602 1110 1714 1200 ipsam
1733 1135 1807 1194 me,
1831 1109 1903 1179 sola
1922 1133 2005 1177 vero
2022 1111 2134 1178 absti-

92 1215 255 1285 omnium
271 1239 390 1284 rerum
404 1226 496 1283 certa
510 1214 669 1287 scientia.
712 1210 1087 1306 SicApollinempru-
1138 1236 1200 1281 nes
1222 1210 1386 1292 Pallade,
1418 1237 1457 1281 ac
1487 1214 1673 1280 adversum
1695 1211 1796 1281 istam
1821 1212 1914 1280 nulli
1937 1212 2133 1281 facularum

92 1317 181 1385 dens
201 1316 394 1408 antiquitas
410 1316 449 1383 in
464 1315 593 1384 mediis
608 1314 724 1387 Musis
742 1317 858 1408 pinxit
872 1316 1088 1386 universita-
1111 1338 1115 1402 ι
1138 1317 1255 1404 ignes,
1285 1339 1394 1384 vacua
1424 1314 1503 1383 telis
1530 1308 1713 1405 pharetra,
1748 1327 1786 1382 tu
1810 1314 1964 1406 denique
1987 1311 2134 1381 inermis

93 1431 163 1488 tem
195 1441 336 1487 ornnem
364 1413 499 1488 cithara
531 1431 805 1510 temperantem,
838 1433 876 1489 ut
905 1432 957 1490 est
992 1421 1087 1509 apud
1111 1407 1115 1482 t
1137 1442 1221 1486 arcu
1244 1417 1395 1510 pilisque
1411 1416 1531 1485 cares?
1579 1406 1674 1510 Cup.
1699 1413 1913 1484 Pertimesco
1930 1414 2041 1504 ipsam
2058 1438 2133 1482 ma-

93 1514 300 1610 Orpheum:
1063 1529 1065 1532 ’
1137 1532 1209 1604 ter,
1236 1515 1415 1588 horrenda
1439 1534 1490 1589 est
1512 1517 1626 1601 enim,
1652 1541 1692 1585 ac
1707 1529 1808 1586 torva
1826 1529 1986 1608 aspectu,
2009 1517 2133 1584 admo-

174 1609 280 1680 πάντα
303 1618 398 1682 πόλον
420 1621 540 1704 κιθαρῇ
562 1615 759 1705 πολυκρέκτῳ
825 1613 978 1704 Ἁρμόζει.
1138 1624 1295 1714 dumque
1320 1620 1446 1693 virilis.
1500 1618 1622 1712 ltaque
1643 1620 1782 1712 quoties
1798 1619 1937 1688 intento
1955 1641 2031 1686 eam
2049 1640 2134 1687 arcu

90 1719 214 1814 Capita
239 1725 390 1804 artium,
417 1748 621 1817 nomenque
643 1729 709 1817 τῆς
731 1719 884 1820 σοφίας,
910 1740 951 1795 ut
974 1723 1087 1806 licuit,
1137 1723 1323 1815 iaculoque
1347 1736 1450 1814 peto,
1477 1745 1644 1791 concussa
1660 1745 1715 1788 me
1731 1721 1827 1811 galea
1846 1720 1994 1805 excutit,
2020 1732 2135 1787 exter-

90 1825 299 1897 brevissime
314 1827 431 1916 attigi,
459 1851 534 1895 non
550 1827 588 1894 in
608 1822 674 1895 hoc
689 1841 867 1909 versatus,
894 1841 933 1895 ut
949 1825 1087 1911 magni·
1111 1798 1115 1862 ⁴
1137 1837 1210 1906 ret,
1235 1826 1436 1914 caduntque
1459 1824 1623 1893 manibus
1640 1825 1810 1894 continuo
1826 1823 1982 1910 sagittae.
2039 1816 2082 1890 V
2077 1842 2132 1889 en.

89 1927 153 1995 lice
176 1927 369 2004 laudarem.
420 1923 569 2017 Egregie
592 1928 725 1996 nobilis
745 1928 860 2018 pictor
877 1919 1087 1994 Timanthes
1138 1920 1196 1993 Αιι
1227 1947 1301 1993 ιιοιι
1334 1938 1407 1993 erat
1437 1920 1503 1992 hac
1527 1923 1626 1994 Mars
1656 1925 1943 1994 formidabilior?
1977 1936 2012 1993 et
2036 1919 2133 1992 hunc

88 2024 281 2121 Cyclopem
311 2028 350 2095 in
383 2028 522 2107 tabula,
556 2029 608 2096 uti
630 2028 768 2111 ferunt,
800 2027 980 2096 brevicula
1003 2028 1087 2094 dor·
1138 2040 1255 2094 tamen
1288 2027 1394 2095 armis
1426 2027 1614 2116 spoliatum
1645 2028 1862 2118 expugnasti.
1929 2013 2022 2118 Cup.
2056 2022 2132 2094 {mo

89 2131 260 2197 mientem
277 2128 488 2213 delineavit,
515 2129 591 2198 eius
606 2153 685 2197 cum
703 2141 790 2197 esset
805 2128 1085 2215 magnitudinem
1137 2128 1198 2195 ille
1237 2128 1364 2197 lubens
1397 2153 1454 2196 me
1484 2129 1629 2220 recipit,
1677 2130 1887 2223 invitatque.
1965 2126 2132 2196 Minerva

90 2252 336 2320 expressurus,
363 2230 458 2298 iuxta
483 2228 628 2324 Satyros
651 2224 772 2322 thyrso
794 2230 959 2321 pollicem
982 2254 1086 2298 mon·
1137 2253 1221 2298 vero
1251 2230 1416 2300 obductis
1445 2231 1643 2322 superciliis
1673 2233 1838 2303 observat
1866 2254 2014 2323 semper.
2072 2224 2132 2298 Ad

89 2331 154 2400 stri
177 2331 400 2401 dimetientes
416 2331 511 2400 fecit.
564 2329 756 2419 Quomodo
773 2355 839 2400 nos
855 2333 1013 2419 angustis
1029 2334 1087 2399 in·
1137 2355 1213 2400 eam
1231 2333 1261 2399 si
1278 2333 1422 2425 quando
1440 2333 1605 2401 advolavi
1619 2347 1769 2419 temere,
1791 2333 1928 2403 facibus
1943 2331 2133 2414 advolutis,

89 2432 203 2521 geniis
233 2427 399 2511 homines
428 2433 585 2522 ingentia
611 2433 799 2513 molimur,
834 2429 1085 2526 Philosophiae
1136 2434 1187 2504 ait
1200 2433 1281 2503 ista:
1309 2431 1379 2503 Per
1396 2432 1534 2518 lovem,
1557 2435 1585 2501 si
1602 2460 1658 2504 me
1676 2460 1764 2525 puer
1782 2437 1926 2505 adortus
1943 2435 2071 2509 lucris,
2097 2445 2132 2500 te

88 2535 228 2619 laudes,
262 2558 326 2603 nec
356 2536 430 2603 lere
457 2535 527 2603 nisi
557 2536 769 2606 dormientis
791 2537 983 2626 sapientiae
1006 2559 1086 2605 oras
1135 2535 1385 2620 transfodiam,
1410 2549 1472 2606 aut
1491 2550 1672 2626 arreptum
1693 2538 1781 2625 pede
1804 2537 1845 2605 in
1866 2548 1996 2605 tartara
2016 2534 2131 2603 conii-

90 2636 339 2726 contingimus.
390 2633 568 2728 Equidem
595 2661 674 2706 cum
697 2652 929 2728 temperarem
953 2635 1086 2707 mihia
1136 2638 1238 2719 ciam,
1265 2638 1319 2705 vel
1335 2639 1410 2730 ipsa
1425 2652 1459 2709 te
1474 2638 1651 2708 dilanians
1667 2640 1875 2730 discerpam.
1928 2636 2133 2707 Tumacri-

89 2737 275 2817 laudibus,
307 2760 394 2829 quas
422 2740 528 2808 multi
556 2739 685 2808 multas
705 2740 924 2830 ineptissime
946 2740 1085 2811 effutire
1135 2743 1202 2809 bus
1226 2741 1386 2810 intuetur
1408 2741 1539 2820 oculis,
1563 2757 1597 2812 et
1617 2741 1749 2812 circum
1772 2755 1893 2832 pectus
1917 2753 2026 2828 gestat
2040 2739 2131 2806 ima-

89 2838 215 2924 solent,
237 2835 367 2928 hocegi
379 2854 530 2922 tantum,
551 2854 591 2910 ut
605 2865 710 2930 quam
725 2837 893 2910 honestae
904 2867 958 2911 res
971 2856 1084 2910 essent
1134 2842 1336 2932 giunculam
1368 2846 1549 2934 quandam
1580 2843 1708 2930 viperis
1733 2842 1943 2932 capillorum
1971 2841 2046 2908 vice
2070 2864 2131 2908 co·

89 2955 198 3021 artes,
225 2941 357 3034 quippe
373 2965 512 3018 sacrae,
538 2940 796 3025 intelligeretis.
849 2940 945 3009 Tum
964 2958 1004 3013 ut
1020 2944 1085 3009 ad·
1135 2959 1275 3015 matam.
1322 2940 1426 3012 Hanc
1442 2939 1669 3011 vehementer
1683 2944 1846 3035 equidem
1862 2940 2028 3025 lopmido,
2049 2964 2130 3030 pen

88 3065 272 3111 monerem
293 3042 535 3123 iuventutem,
566 3040 705 3109 easdem
727 3039 851 3110 Musas
873 3066 966 3129 esse,
998 3066 1084 3136 quas
1134 3059 1243 3115 terret
1256 3045 1351 3113 enirn
1366 3067 1440 3127 me,
1466 3043 1634 3136 fugioque
1648 3044 1786 3138 quoties
1803 3045 1979 3135 adspectu.
2033 3037 2078 3116 V
2074 3063 2129 3112 en.

87 3139 198 3214 hodie
220 3152 350 3208 vocant
371 3157 475 3213 artes.
534 3139 652 3211 Proba
674 3141 765 3210 ratio
788 3158 857 3227 est,
891 3156 954 3214 cu'r
974 3146 1083 3214 velim
1134 3141 1184 3215 At
1199 3146 1260 3239 qui
1275 3142 1477 3216 Minervam
1492 3145 1637 3238 quidem
1655 3147 1800 3230 metuis,
1827 3140 2129 3240 atquebuiusge·

86 3244 330 3323 adulescentes
354 3238 420 3310 hoc
443 3266 567 3313 omnes
590 3244 783 3314 rectissime
805 3245 938 3321 norint.
999 3246 1084 3316 Pas-
1135 3260 1270 3317 stamen
1294 3270 1472 3338 gorgona,
1510 3248 1572 3341 qui
1596 3247 1691 3318 lovis
1715 3250 1851 3318 lulmen
1876 3271 1951 3317 non
1975 3270 2126 3337 expave-

86 3347 156 3414 sim
184 3356 348 3435 prostant
369 3342 496 3415 Musae
518 3346 559 3413 in
580 3346 773 3436 poematis,
806 3348 894 3417 vitio
919 3348 1084 3419 indocto·
1133 3351 1234 3419 scas?
1283 3349 1376 3420 Dein
1400 3363 1518 3419 autem
1537 3349 1661 3420 Musae
1686 3375 1749 3420 cur
1772 3349 1882 3420 nullis
1906 3363 2043 3442 queunt
2066 3349 2129 3418 ahs

86 3470 167 3517 rum
191 3446 443 3535 interpretum,
476 3448 635 3541 quirem
658 3449 772 3519 multo
795 3450 940 3539 dignam
963 3452 1081 3521 studio
1133 3466 1166 3522 te
1188 3452 1396 3521 vulneribus
1419 3453 1562 3534 confici,
1588 3467 1740 3545 suntque
1764 3454 1861 3546 quod
1885 3453 2006 3536 aiunt,
2032 3465 2128 3521 extra

87 3548 289 3637 negligunt,
322 3561 356 3618 et
379 3563 554 3640 quantum
579 3549 751 3634 coniicio,
777 3552 942 3623 iuventae
961 3577 1083 3643 operas
1132 3553 1222 3637 tela,
1248 3579 1335 3623 num
1357 3555 1474 3643 galeas
1498 3568 1532 3624 et
1555 3549 1621 3622 hae
1648 3555 1846 3638 incutiunt,
1871 3568 1932 3625 aut
1955 3575 2129 3643 gorgonas

88 3650 171 3720 vani
198 3649 382 3719 distinent.
438 3647 537 3720 Idem
562 3647 760 3722 Mercurius
788 3667 839 3723 est
869 3655 987 3745 pueri,
1020 3654 1082 3748 qui
1131 3655 1332 3728 obiiciunt?
1383 3643 1477 3751 Cup.
1495 3655 1592 3748 lpsas
1608 3680 1671 3747 ego
1687 3680 1851 3725 revereor
1865 3668 1989 3737 mater,
2015 3669 2128 3723 castae

88 3752 227 3820 animus
240 3751 364 3850 nobis,
387 3746 452 3822 καὶ
469 3742 576 3832 οὗτος
593 3748 693 3825 ἐστὶν
709 3748 729 3824 ὃ
746 3757 959 3852 στροφαῖος.
1009 3752 1082 3826 Ea·
1132 3771 1233 3843 sunt,
1260 3772 1294 3829 et
1309 3782 1448 3849 semper
1462 3759 1597 3850 aliquid
1615 3782 1718 3828 curae
1732 3757 1935 3837 molientes,
1956 3754 2127 3822 continuo

88 3855 171 3923 dem
187 3851 325 3932 Musae,
351 3854 480 3923 deinde
496 3868 530 3923 et
544 3857 665 3923 eadem
682 3849 849 3943 chordae,
874 3882 964 3951 quae
979 3872 1082 3944 artes,
1131 3872 1238 3929 cantu
1259 3875 1459 3948 occupatae.
1513 3858 1624 3945 Saepe
1646 3860 1756 3943 igitur
1779 3859 1903 3923 adsum
1920 3855 1992 3924 illis
2009 3856 2128 3924 suavi·

35 3998 38 4006 =
89 3954 200 4024 animi
219 3979 300 4024 cum
315 3950 441 4025 habitu
458 3979 522 4026 suo
538 3959 786 4043 consonantia,
811 3958 925 4052 Lyrae
938 3955 1081 4030 harmo-
1131 3972 1201 4030 tate
1216 3962 1383 4028 carminis
1396 3956 1576 4025 delinitus.
1631 3953 2007 4036 Vemsinitoetillas,
2030 3959 2128 4050 quod

90 4056 160 4130 nia.
209 4054 287 4145 ,lam
309 4058 389 4150 quis
405 4057 625 4142 estevobis,
649 4059 801 4151 quinon
818 4055 946 4128 harum
962 4084 1079 4129 rerum
1130 4060 1352 4128 venerandae
1382 4058 1456 4127 sint
1485 4057 1633 4128 scilicet:
1667 4056 1821 4127 Dianam
1855 4083 1919 4128 cur
1942 4064 2020 4127 n'on
2046 4060 2127 4128 vul-

87 4154 272 4231 honestate
292 4160 474 4251 capiatur?
523 4156 767 4230 Conveniebat
792 4162 939 4230 fortasse
960 4175 1002 4232 ut
1023 4162 1081 4229 in·
1131 4161 1259 4230 neras?
1308 4151 1402 4256 Cup.
1426 4158 1469 4228 ln
1493 4183 1628 4229 summa
1651 4183 1875 4253 nequaquam
1893 4161 2060 4252 possibile
2075 4173 2127 4230 est

88 4254 249 4331 hortarer
272 4284 335 4330 vos
359 4262 404 4331 ad
425 4261 620 4343 virtutem,
638 4263 698 4331 sed
722 4275 836 4331 vestra
858 4264 929 4331 iam
954 4276 1080 4354 sponte
1131 4263 1277 4356 adsequi
1293 4286 1391 4347 eam,
1417 4285 1554 4353 semper
1570 4287 1633 4353 per
1650 4277 1787 4331 montes
1802 4262 2015 4351 lugientem,
2036 4264 2125 4354 quin

87 4377 277 4436 currentes.
336 4363 441 4451 Agite
471 4364 629 4454 exempla
657 4364 757 4434 vobis
779 4387 989 4455 magnorum
1014 4361 1080 4435 ho·
1129 4365 1192 4433 illa
1208 4389 1271 4434 suo
1287 4366 1441 4457 quodam
1457 4365 1582 4453 flagrat
1597 4365 1774 4454 cupidine.
1831 4360 1925 4438 Ven.
1940 4363 2022 4453 Quo
2038 4387 2126 4455 gna·

86 4462 247 4547 minum,
272 4466 334 4558 qui
347 4489 403 4535 me
417 4464 672 4536 circumsidunt
686 4466 818 4558 capite,
843 4466 933 4556 agite
950 4467 1081 4539 intenti
1131 4467 1192 4537 te?
1242 4455 1337 4562 Cup.
1363 4464 1501 4535 Venatu
1526 4467 1671 4558 quidem
1693 4489 1878 4535 cervorum
1895 4491 1935 4535 ac
1950 4463 2125 4537 hinnulo-

87 4587 186 4656 spem
219 4568 350 4655 patriae
377 4569 482 4657 longe
510 4563 807 4657 pulcherrimam,
840 4581 922 4639 ante
946 4571 1079 4656 oculos,
1130 4593 1231 4649 rum,
1257 4592 1346 4662 quos
1359 4569 1553 4638 insectatur
1567 4584 1606 4638 ut
1623 4568 1755 4659 capiat,
1778 4593 1818 4636 ac
1832 4567 1946 4637 iaculo
1961 4568 2061 4657 figat,
2084 4593 2125 4638 ac

87 4667 277 4759 ipsumque
307 4669 416 4738 animi
448 4692 590 4739 sensum
615 4670 755 4761 ponite,
791 4696 864 4764 quo
888 4666 983 4740 nihil
1007 4696 1079 4742 esse
1130 4694 1293 4761 prorsum
1308 4683 1381 4741 tota
1398 4694 1515 4739 rerum
1531 4671 1705 4740 eiusmodi
1720 4670 1838 4739 studio
1855 4682 2008 4754 tenetur,
2032 4682 2125 4739 tam-

85 4770 285 4860 optandum
316 4771 433 4852 vobis,
472 4767 568 4840 nihil
595 4774 904 4858 contendendum,
942 4788 1079 4866 praeter
1129 4774 1195 4843 etsi
1218 4774 1363 4842 fratrem
1390 4773 1466 4840 eius
1492 4771 1607 4842 iaculo
1631 4784 1831 4864 potentem,
1852 4760 1896 4841 ac¹
1915 4773 2053 4842 eminus
2072 4773 2153 4841 te·

85 4867 252 4941 honestas
289 4870 423 4957 literas,
473 4885 611 4964 praeter
645 4875 814 4945 virtutem
852 4877 1078 4965 cognoscatis.
1129 4877 1199 4944 rire
1217 4876 1373 4947 solitum.
1431 4869 1524 4947 Ven.
1546 4873 1627 4946 Scio
1646 4887 1770 4962 gnate,
1796 4896 2048 4964 saepenumero
2065 4897 2124 4944 ar-

84 4970 204 5042 anlis
227 4972 388 5058 deliciis,
406 4975 508 5046 nullo
529 4999 648 5045 errore
670 4971 878 5060 hominum,
904 4978 998 5067 regia
1021 4980 1078 5049 via
1127 5001 1183 5045 ma
1203 4990 1384 5067 expertum
1402 4990 1472 5047 tua.
1524 4974 1621 5046 Haec
1637 4975 1757 5044 fabula
1775 4989 1825 5045 est
1843 4976 2027 5066 profutura
2044 5000 2124 5046 mo-

84 5072 254 5146 excedite:
281 5075 382 5146 nulla
405 5100 467 5145 vos
489 5078 620 5170 cupido
644 5079 775 5148 avellat
797 5079 941 5149 infamis
963 5105 983 5151 a
1003 5082 1077 5150 vir·
1126 5077 1227 5149 ribus
1257 5081 1402 5161 vestris,
1437 5080 1466 5148 si
1495 5082 1717 5171 frequentem
1748 5077 1867 5148 animo
1890 5078 2122 5168 agitaveritis:

84 5188 172 5247 tute.
225 5173 399 5265 Infamem
422 5180 581 5270 adpello,
600 5205 697 5272 ,quae
720 5181 835 5249 aliena
853 5181 1076 5265 sitastudiis
1128 5179 1188 5251 Sic
1203 5182 1298 5251 enim
1315 5197 1350 5254 et
1366 5205 1480 5272 nugae
1497 5183 1586 5250 seria
1604 5183 1744 5252 ducent.
1795 5177 1892 5250 Dixi.

80 5276 277 5369 liletmm,
298 5281 524 5375 atqueabiis,
547 5282 823 5377 quihus-addicti
834 5284 1076 5354 semisomnes
1929 5286 1933 5293 ’
