4732 6030
80 254 157 333 aar
728 246 890 330 naen
927 242 1003 326 nn
1036 246 1460 331 rntnosoaffla
2040 260 2117 339 ars
2158 220 2161 225 ’

78 443 180 507 satas
206 427 375 514 iniurias,
406 437 553 520 propter
577 424 757 519 publicam
778 446 920 517 pacem,
951 435 1073 496 nostra
1121 435 1164 496 ut
1178 422 1306 496 sentiat
1319 419 1496 510 Ecclesia,
1520 437 1660 498 nostrae
1675 450 1817 522 quoque
1831 429 2031 505 dilectionis
2046 438 2114 508 ali-

78 533 330 611 commoditate
363 530 541 620 placemus
566 528 720 599 aliorum
748 527 886 597 animos
907 526 1073 614 offensos,
1122 549 1192 621 qua
1217 525 1344 597 officia.
1401 525 1574 623 Moveant
1590 549 1655 598 nos
1671 551 1746 597 non
1769 543 1904 601 tantum
1921 540 2116 624 praesentis

78 637 191 710 ,mico
204 657 245 704 ac
257 631 396 727 placide
415 631 639 703 conferamus
661 653 742 701 cum
769 628 848 698 aliis
865 629 909 697 de
924 629 1070 719 dogma-
1121 628 1292 720 temporis
1303 625 1477 720 pericula,
1498 630 1557 697 sed
1575 629 1680 699 ctiam
1694 631 1926 721 posteritatis,
1946 638 2003 706 cui
2018 654 2113 713 certe

80 740 178 812 tibus
200 733 383 826 religionis
409 745 444 802 et
469 732 693 823 gravioribus
707 728 976 810 controversiis,
1002 729 1070 822 ipsi
1121 730 1309 823 debemus,
1330 743 1504 823 quanfflffl
1520 753 1582 821 l)er
1596 753 1661 800 ¹¹⁰⁸
1676 744 1810 822 P010⁸ls
1831 734 2113 830 relinquere&-

80 834 174 911 nibil
187 850 319 908 temere
335 833 631 926 pronunciemus,
652 832 777 903 niside
791 831 974 903 communi
988 854 1071 902 sen-
1120 830 1262 902 clesism
1286 844 1406 901 nostra
1431 832 1619 902 concordis
1647 847 1901 908 conservatam.
1966 836 2110 931 Cogite-
2235 902 2240 909 ,

81 938 191 1014 tentia
212 962 294 1010 curn
314 935 534 1007 doctioribus
557 934 747 1026 diligenter
765 933 911 1018 collata,
932 932 963 1029 si
982 932 1069 1026 quid
1120 956 1199 1002 mus
1213 931 1353 1002 nullum
1370 957 1435 1005 nos
1450 929 1593 1004 Christo
1608 934 1741 1025 gratius
1757 934 1934 1022 officium,
1968 941 2109 1016 nullum

78 1042 125 1114 ab
142 1039 221 1110 aliis
244 1037 479 1110 tolerabiliter
503 1036 638 1107 dictum
664 1048 734 1118 est,
769 1058 843 1104 non
867 1033 985 1105 statim
1009 1058 1069 1104 ca·
1119 1030 1196 1103 Deo
1209 1033 1439 1104 sacratiorem
1457 1030 1607 1106 hostiam
1634 1059 1674 1105 ac
1690 1037 1957 1129 acceptatiorem
1972 1042 2107 1115 cultum

78 1140 256 1215 lumniose
278 1139 509 1229 exagitemus,
539 1136 571 1210 si
594 1137 682 1231 quid
703 1138 878 1219 erratum,
913 1135 1069 1206 fraterne
1119 1149 1295 1226 praestare
1311 1156 1424 1225 posse.
1464 1135 1721 1207 Suavissimum
1738 1151 1789 1207 est
1803 1134 1952 1209 Davidis
1965 1166 2107 1217 carmen
2219 1170 2223 1177 ·

76 1243 306 1316 admonendo
334 1239 561 1330 corrigamus.
622 1236 788 1333 Denique
810 1236 1067 1327 coniungamus
1118 1239 1163 1307 de
1192 1236 1381 1309 concordia
1413 1232 1609 1308 Ecclesiae:
1647 1232 1740 1307 Ecce
1765 1263 1871 1331 quam
1904 1242 2039 1314 bonum
2070 1262 2106 1319 et

77 1346 197 1417 studia
213 1355 248 1413 et
263 1364 388 1435 operas
409 1353 570 1433 mutuas,
593 1354 635 1411 ut
649 1352 741 1410 extet
755 1339 848 1410 clare
862 1351 896 1408 et
917 1361 1067 1408 consen·
1118 1361 1224 1430 quam
1247 1339 1443 1409 iucundum
1462 1351 1547 1423 etc,
1571 1338 1611 1409 in
1633 1361 1705 1431 quo
1725 1340 1888 1410 meminit
1904 1341 2105 1420 Sacerdotis

73 1447 171 1519 tiens
185 1443 372 1535 explicatio
386 1443 495 1515 totius
508 1442 708 1527 doctrinae,
735 1441 774 1509 iu
789 1463 860 1536 qua
876 1434 968 1509 nihil
981 1433 1067 1511 hae-
1116 1449 1240 1526 Arou,
1265 1453 1305 1510 ut
1318 1439 1488 1530 significet
1505 1463 1543 1510 se
1566 1441 1611 1511 de
1625 1439 1814 1510 concordia
1829 1443 2031 1515 docentium
2048 1449 2104 1520 lo-

74 1560 152 1620 reat
172 1543 347 1639 perplexi,
379 1539 472 1615 nibil
494 1543 668 1635 ambigui:
702 1543 742 1612 in
757 1564 913 1627 summa,
940 1565 1066 1635 quem-
1117 1542 1196 1635 qui‚
1229 1555 1264 1612 et
1285 1564 1359 1612 esse
1381 1540 1566 1634 proprium
1593 1539 1858 1629 Sacerdotium,
1892 1556 1926 1613 et
1946 1548 2104 1637 gratissi.

76 1649 270 1721 admodum
295 1645 384 1717 alios
405 1646 568 1717 videmus
582 1669 647 1738 pro
663 1645 737 1715 suis
753 1642 1065 1716 commoditatibus
1116 1666 1215 1714 mum
1227 1642 1305 1714 Deo
1320 1642 1473 1727 cultum,
1497 1642 1734 1713 concordibus
1748 1642 1877 1713 animis
1894 1646 2020 1717 docere
2036 1673 2104 1740 pu.

75 1749 262 1822 ambitiose
283 1760 318 1818 st
339 1748 558 1819 contentiose
582 1747 650 1816 niti
670 1771 711 1817 ac
731 1767 909 1838 pugnare,
933 1744 982 1815 ita
999 1766 1065 1813 nos
1115 1767 1195 1815 rum
1229 1745 1377 1815 verbum
1402 1740 1482 1817 Dei.
1546 1739 1660 1814 Addit
1684 1744 1729 1814 de
1760 1743 1918 1815 balsamo
1945 1760 1980 1818 et
2011 1772 2103 1835 rore,

75 1844 396 1949 φιλοτιμουμένοι,
429 1862 471 1921 ut
487 1846 640 1918 Paulino
662 1848 771 1917 verbo
790 1858 892 1928 utar,
916 1856 951 1913 et
964 1844 1065 1938 quasi
1117 1846 1201 1937 quia
1224 1857 1260 1915 ct
1281 1840 1438 1914 Ecclesia
1460 1837 1526 1912 hac
1548 1845 1736 1914 concordia
1751 1845 1898 1916 mirifice
1914 1864 2104 1940 recreatur,

72 1952 236 2024 affectato
272 1951 392 2020 studio
412 1943 481 2018 hoc
507 1970 669 2037 agamus,
708 1961 750 2018 ut
775 1947 820 2015 sit
845 1945 885 2013 in
904 1939 1065 2014 Ecclesia
1116 1944 1214 2016 etin
1237 1944 1442 2016 universum
1464 1943 1529 2014 toti
1552 1945 1644 2016 vitae
1657 1938 1844 2017 hominum
1867 1942 1960 2018 nihil
1974 1973 2015 2021 ea
2030 1955 2104 2023 uti-

73 2066 216 2137 sancta,
237 2062 349 2134 tecta,
373 2049 468 2120 etad
484 2061 642 2141 posteros
661 2046 767 2117 etiam
784 2044 957 2116 durabilis
978 2068 1065 2115 con·
1116 2045 1207 2132 lius,
1240 2041 1334 2115 nibil
1355 2043 1543 2114 salubrius.
1606 2044 1676 2119 Sed
1700 2047 1824 2118 desino
1854 2043 1940 2120 hacc
1962 2050 2114 2143 longius,

70 2154 210 2228 cordia.
260 2147 327 2222 Est
342 2150 438 2220 enim
456 2165 492 2223 et
508 2143 577 2220 hoc
592 2149 686 2219 inter
707 2146 817 2220 mults
830 2141 938 2216 huius
957 2169 1066 2237 geue-
1114 2147 1298 2241 persequi,
1329 2146 1432 2216 vobis
1452 2169 1538 2215 vero
1562 2148 1624 2240 qui
1645 2149 1689 2218 ad
1712 2150 1912 2220 docendum
1930 2158 2124 2227 accessuri·

69 2256 123 2327 ris
152 2251 372 2324 sanctissima
403 2263 588 2344 praecepta
613 2249 718 2321 Pauli
747 2249 794 2319 ad
817 2241 950 2339 Ephcs.
983 2270 1063 2318 cum
1114 2248 1215 2333 estis,
1240 2248 1449 2319 commendo
1471 2261 1507 2319 ct
1522 2248 1639 2343 ipsum
1663 2250 1918 2337 ministerium,
1943 2255 2041 2324 utin
2059 2281 2101 2330 eo

71 2355 174 2430 omni
214 2349 433 2438 humilitate,
481 2350 616 2445 inquit,
658 2373 739 2423 cum
774 2349 1065 2434 mansuetudine,
1114 2373 1250 2420 summa
1276 2349 1447 2439 religione
1476 2351 1683 2434 versemini,
1714 2364 1748 2421 et
1776 2354 1820 2421 ad
1842 2352 1932 2423 illud
1947 2355 2102 2430 afferatis

72 2481 155 2531 carm
168 2454 337 2548 patientia
355 2454 501 2525 tolerate
514 2453 667 2523 invicem
691 2451 729 2521 iu
751 2444 940 2536 charitate,
964 2450 1064 2522 solli·
1114 2453 1322 2522 acerrimum
1347 2449 1556 2520 concordiae
1579 2451 1748 2520 studium.
1806 2447 1962 2523 Oremus
1984 2471 2101 2528 autem

72 2559 136 2631 citi
170 2579 309 2626 servare
339 2555 511 2625 unitatem
544 2554 690 2645 spiritus
723 2552 762 2621 in
788 2552 933 2623 vinculo
956 2552 1062 2643 pacis.
1114 2549 1248 2636 Deum,
1282 2565 1322 2622 ut
1344 2551 1449 2621 nobis
1467 2552 1601 2619 donum
1621 2548 1826 2640 Evangelii,
1859 2577 1929 2646 quo
1958 2556 2099 2628 nullum

71 2657 253 2735 Unitatem
275 2657 420 2748 spiritus
447 2656 639 2749 praecipit,
670 2649 739 2725 hoc
765 2668 817 2727 est
833 2676 951 2724 veram
976 2678 1063 2723 con·
1114 2655 1153 2722 iu
1186 2654 1289 2724 terris
1314 2652 1429 2722 maius
1454 2647 1643 2738 habemus,
1680 2677 1745 2746 pro
1771 2676 1834 2725 sua
1860 2653 2101 2730 misericordis

73 2761 272 2839 sensionem
287 2759 486 2844 doctrinae,
509 2771 544 2828 et
559 2781 637 2827 eam
654 2755 772 2850 inquit
787 2754 962 2828 contineri
977 2778 1063 2847 psce
1113 2769 1307 2826 conservet.
1355 2750 1453 2824 Diri.

73 2876 109 2934 ct
127 2861 334 2946 concordia,
370 2873 539 2951 unquam
567 2855 725 2928 vinculo.
786 2853 926 2925 Deinde
955 2850 1063 2926 huius

72 2962 263 3034 sollicitum
277 2959 435 3031 studium
449 2954 620 3048 requirit,
642 2966 679 3024 ct
691 2953 863 3042 significat
878 2976 952 3022 non
962 2977 1063 3045 posse
1115 2989 2098 3015 mmmmm...-

71 3062 275 3135 conservari
290 3056 470 3129 Ecclesiae
496 3053 742 3139 concordiam,
774 3053 844 3122 nisi
862 3053 982 3126 adsint
996 3048 1064 3124 hae

67 3165 241 3245 virtutes,
266 3154 466 3243 humilitas,
489 3156 742 3236 mansuetudo,
764 3155 953 3247 patientia,
981 3155 1064 3251 qui·
1115 3151 1184 3230 No.
1203 3153 1266 3224 88.
1910 3179 1961 3228 sn.
1982 3160 2076 3231 1536,

64 3266 142 3338 bus
169 3264 261 3331 inter
291 3280 358 3328 nos
385 3270 510 3328 mutuo
542 3255 744 3328 toleremus.
803 3252 967 3329 Christus
988 3256 1064 3350 ipse
1117 3246 1257 3277 Μ
1588 3333 1597 3353 .
1764 3333 1773 3354 ι
1884 3247 2098 3294 Μ

63 3368 144 3437 iam
171 3363 385 3432 discessurus
406 3381 426 3428 a
447 3357 539 3442 suis,
570 3351 638 3428 hoc
660 3380 773 3427 unum
789 3360 996 3428 mandatum
1013 3358 1063 3431 ait
1405 3332 1482 3419 De
1508 3332 1813 3447 pittlowpitta.

68 3489 109 3537 se
135 3464 355 3555 relinquere,
394 3472 435 3529 ut
466 3458 618 3576 invicem
660 3458 828 3576 diligant,
870 3482 936 3528 nec
969 3459 1063 3552 piget
1184 3494 1266 3569 ΑΜ
1285 3495 1360 3552 cm,
1378 3493 1451 3566 tdyt
1469 3493 1567 3574 Μ,
1589 3493 1617 3547 3,
1635 3492 1788 3550 nectamus.
1805 3493 1839 3549 q,
1853 3493 1875 3551 1.
1892 3512 1920 3568 Ρ.
1933 3493 2012 3566 m,
2035 3495 2102 3555 See·
2193 3478 2197 3485 ·

71 3568 188 3660 ipsum
211 3558 279 3633 hoc
301 3574 525 3655 praeceptum
549 3572 678 3629 rtemm
694 3573 799 3653 atque
814 3572 943 3630 aterum
961 3584 1062 3653 repe-
1214 3572 1279 3622 vest.
1294 3567 1318 3620 1.
1338 3584 1365 3637 p.
1379 3563 1441 3619 sss.
1458 3574 1486 3618 st
1503 3561 1631 3618 musra.
1644 3564 1668 3618 t.
1686 3581 1716 3637 p.
1728 3561 1772 3620 ιο.

71 3682 145 3739 tere
177 3678 212 3735 et
249 3663 447 3747 inculcare,
478 3675 518 3733 ut
546 3660 736 3751 significet,
768 3673 921 3753 quantae
958 3682 1062 3731 curae
1247 3726 1256 3743 ,
1389 3723 1399 3742 ,
1746 3726 1754 3742 ,

70 3769 159 3839 velit
180 3789 253 3836 csse
278 3764 339 3848 iis,
372 3765 435 3856 qui
458 3774 624 3854 praesunt
645 3757 823 3834 Ecclesiis.
869 3759 1003 3850 'Quare
1029 3775 1063 3832 ct
1112 3724 1174 3795 De
1188 3717 1844 3815 ph‘imi’mmmmnunmw’
1869 3743 1955 3794 “im
1972 3721 2103 3795 ἅψῃ

71 3869 177 3941 nobis
191 3862 259 3938 boe
282 3866 517 3948 inculcemus,
546 3877 586 3935 ut
601 3884 740 3953 semper
754 3862 802 3931 ob
819 3862 941 3933 oculos
956 3863 1063 3932 etin·
1113 3820 1445 3945 n‘reiurffi‘i‘im,
1458 3826 1672 3917 M“9i⁸i“¹⁰i
1695 3820 1915 3913 immam
1930 3820 2050 3895 ώσω
2065 3833 2105 3925 ²².

70 3971 182 4043 fixum
203 3966 334 4038 animis
352 3961 556 4038 habeamus.
612 3961 770 4033 Maxima
793 3963 946 4055 periersla
968 3977 1062 4048 sunt,
1138 3921 1522 3996 im'm'w‘mi'm·
1546 3920 1741 3993 PMLME·
1779 3924 2048 3997 M90XXXV
2044 3931 2077 3998 1·

69 4094 166 4170 quae
188 4084 367 4163 expectare
391 4080 531 4160 oportet
552 4064 629 4157 pios
647 4066 807 4135 doctores
828 4078 972 4155 propter
991 4059 1062 4133 Ec·
1114 4057 1237 4163 Spero
1252 4091 1367 4141 mores
1389 4093 1488 4140 meos
1508 4069 1556 4141 ita
1571 4070 1673 4139 vobis
1696 4070 1864 4142 omuibus
1879 4071 2054 4165 inspectos
2069 4089 2104 4148 et

69 4171 236 4257 clesiam,
258 4168 423 4242 aSatana
439 4183 471 4240 ct
488 4168 641 4250 mundo,
665 4164 798 4235 multae
813 4179 896 4234 sunt
910 4164 1064 4235 difficul-
1115 4187 1222 4243 notos
1241 4194 1334 4257 essa,
1365 4185 1406 4243 ut
1426 4171 1529 4242 facile
1551 4172 1760 4264 persuadere
1781 4173 1932 4264 possim,
1957 4200 2014 4247 me
2027 4202 2103 4248 „011

68 4287 181 4355 law,
214 4287 248 4343 el
272 4271 519 4356 isst⁰mm⁰d32
554 4292 643 4363 ‘1⁰³⁰
664 4266 702 4334 5¹¹
727 4266 802 4359 39⁸⁰
824 4280 925 4336 ⁰⁰0l¹1
941 4261 1079 4336 Eccle-·
1115 4272 1357 4368 impudentia,
1389 4286 1451 4345 aut
1473 4273 1601 4344 fiducia
1621 4274 1776 4363 ingenii,
1808 4288 1869 4346 aut
1887 4280 2104 4378 πολυπραγ-

69 4377 146 4449 siae
161 4375 336 4449 incidunt.
387 4371 458 4444 Hic
482 4383 623 4464 oportet
647 4391 720 4438 esse
737 4390 900 4458 magnam
919 4367 1063 4437 vimdi-
1113 4367 1260 4469 μοσύγη
1279 4373 1397 4469 aliqua
1436 4368 1500 4445 has
1530 4370 1619 4444 mihi
1652 4376 1793 4445 dicendi
1827 4390 1942 4466 partes
1972 4379 2100 4450 iterum

68 4475 255 4551 lectionis.
289 4500 378 4570 quac
400 4487 626 4545 contemnere
649 4470 760 4561 possit
781 4469 957 4561 pericula,
983 4492 1064 4561 per·
1115 4478 1314 4568 sumpsisse,
1364 4474 1455 4545 Nam
1470 4500 1550 4545 cum
1565 4477 1747 4548 mandaret
1762 4499 1817 4546 eas
1835 4473 1923 4546 milri
1938 4480 1993 4549 vir
2007 4482 2102 4572 opti-

69 4580 166 4651 ferre
194 4600 317 4648 ⁰¹11¹¹C⁸
350 4576 576 4658 acerbitate&
617 4573 769 4643 1⁰¹0r³l0
795 4584 829 4641 01
862 4572 1065 4641 ⁰0ssd⁰¹¹³te
1115 4602 1195 4649 mus
1215 4573 1376 4649 Iacobus
1396 4570 1603 4646 Milichus
1624 4575 1788 4647 Decanus
1805 4575 1956 4668 Collegii
1975 4582 2102 4663 nostri,

70 4680 241 4765 iniurias,
266 4678 400 4751 mederi
422 4673 668 4747 incommodis.
717 4670 902 4743 Haecnon
919 4672 1065 4755 iaciunt,
1115 4680 1176 4774 qui
1203 4693 1346 4772 propter
1367 4676 1540 4767 egregiam
1563 4679 1746 4763 virtutem,
1782 4703 1823 4748 ac
1844 4681 2044 4751 studiorum
2069 4697 2104 4755 et

69 4781 136 4880 qui
151 4805 226 4852 non
239 4805 279 4851 er
293 4782 414 4850 animo
429 4777 632 4850 afficiuntur
645 4770 820 4845 Ecclesiae
835 4773 1005 4853 miseriis,
1030 4786 1065 4843 et
1116 4781 1352 4875 plurimorum
1369 4780 1566 4849 officiorum
1582 4780 1801 4861 societatem,
1833 4774 2105 4854 mihicharissi.
2169 4814 2172 4819 ·
2295 4843 2306 4857 ,

69 4885 149 4955 cius
179 4883 415 4973 integritatem
448 4905 489 4950 ae
514 4878 681 4962 salutem,
722 4898 783 4946 sua
811 4876 970 4966 ipsorum
992 4875 1064 4944 vita
1116 4906 1196 4953 mus
1207 4895 1279 4967 est,
1308 4882 1477 4951 movebar
1491 4883 1642 4973 quadam
1660 4881 1767 4951 oflicii
1787 4879 1941 4967 ratione,
1965 4898 2005 4955 ut
2025 4910 2105 4957 mo-

71 4981 273 5058 chariorcm
308 4979 452 5054 babent.
526 4979 649 5072 ltaque
689 4975 916 5048 subiiciamus
951 4977 1065 5062 nobis,
1116 5008 1191 5053 rem
1212 4983 1406 5073 gerendum
1434 5006 1507 5052 esse
1530 4983 1634 5052 amici
1655 4983 1831 5053 voluntati
1859 4984 2104 5059 existimarem.

71 5111 147 5185 qua
174 5082 344 5157 charitate
375 5106 441 5153 1¹⁰⁵
471 5081 671 5174 complexus
696 5079 741 5148 ⁵31
764 5073 946 5162 Chri—llus,
985 5102 1066 5150 tum
1116 5084 1238 5178 Neque
1255 5107 1319 5174 ego
1342 5106 1421 5154 sum
1445 5086 1532 5155 adeo
1552 5083 1740 5171 Suffenus,
1764 5097 1826 5155 aut
1847 5086 1997 5158 ridicule
2012 5085 2103 5158 mihi

71 5215 141 5282 pro
168 5188 272 5258 nobis
301 5185 495 5256 liberandis
519 5207 559 5252 cr
584 5181 719 5253 diaboli
745 5203 875 5270 regno,
913 5195 1067 5271 peccato,
1117 5187 1255 5280 placeo,
1286 5199 1327 5257 ut
1348 5186 1507 5276 ignorem
1532 5187 1718 5280 plerosque
1740 5187 1881 5257 alios-in
1903 5181 1968 5261 hac
1982 5186 2102 5261 schola

71 5295 191 5364 molle
212 5304 247 5362 el
267 5289 409 5372 inseiis,
442 5285 647 5375 Sissilllnem
669 5308 772 5354 ⁸⁰¹¹¹¹¹
787 5282 965 5374 P¹⁰s¹¹dils
988 5296 1021 5353 θῑ
1036 5282 1066 5352 Si
1116 5312 1208 5374 esse,
1234 5303 1267 5360 et
1283 5303 1409 5360 natura
1425 5290 1535 5378 magis
1553 5291 1720 5374 idoneos,
1747 5303 1782 5361 ct
1796 5290 1957 5360 doctrina
1974 5291 2101 5360 melius

70 5393 222 5492 quidem
241 5392 317 5464 eius
343 5388 508 5480 discipuli
531 5381 654 5460 haberi
681 5384 864 5465 volumus,
896 5383 1065 5463 iaciamus
1117 5392 1308 5464 instructos
1331 5392 1374 5462 ad
1399 5390 1605 5563 dicenppps,
1639 5416 1745 5486 quam
1761 5413 1823 5481 ego
1843 5414 1941 5475 sum,
1973 5390 2104 5483 quibus
