4732 6030
219 272 294 349 855

220 450 286 521 Νο.
305 450 390 522 108.

231 546 399 575 Μ

1052 471 1102 517 sn.
1115 448 1209 512 1549.

1038 539 1200 569 Μ

348 665 424 749 De
451 661 616 749 studiis
642 665 836 773 linguae
866 660 1079 749 Graecae.

290 840 321 895 ln
344 838 439 895 select.
456 840 582 895 Declsm.
599 839 631 896 T.
647 839 695 897 lV.
718 858 744 910 p.
757 839 834 906 446„
863 838 981 897 Servest.
999 839 1032 897 Τ.
1045 839 1091 895 tv,
1109 858 1135 910 p.
1148 838 1209 895 404.

324 909 513 1049 &siaha
526 909 575 967 ΙΙΙ.
599 907 710 965 Erford.
734 909 772 962 lit.
798 910 834 976 K,
849 908 876 967 2.
899 919 925 962 et
949 910 1020 979 apud
1045 908 1175 965 Rieberd.
1190 910 1208 963 l.

248 1160 376 1230 (trotio
406 1156 452 1228 de
476 1153 617 1228 studiis
640 1159 794 1253 linquae
824 1160 993 1228 &aecae
1017 1179 1041 1226 α
1079 1159 1183 1229 Vita

509 1257 782 1331 thslceme'o
808 1259 928 1330 dioto.

223 1420 338 1503 Recte
360 1442 395 1497 et
415 1430 541 1496 ordine
564 1427 639 1495 lieri
655 1427 791 1509 iudico,
819 1440 857 1494 ut
874 1421 943 1494 hoc
960 1426 996 1494 in
1013 1427 1091 1494 loco
1106 1439 1211 1517 atque

223 1533 263 1601 in
284 1526 341 1599 his
363 1531 625 1619 congressibus,
651 1532 695 1595 de
718 1529 762 1595 iis
783 1528 868 1618 ipsis
885 1529 1010 1596 studiis
1025 1540 1059 1594 et
1077 1527 1211 1595 artibus

224 1634 380 1714 dicatur,
407 1632 596 1724 inquibus
620 1653 817 1698 versamur:
845 1630 953 1721 idque
970 1624 1038 1698 hoe
1054 1644 1211 1719 tempore

224 1734 334 1823 magis
364 1734 467 1802 etiam
500 1731 733 1800 necessarium
764 1755 837 1800 esse
867 1732 1018 1802 videtur.
1089 1729 1209 1817 Quum

224 1837 318 1904 enim
345 1835 460 1905 studia
485 1834 667 1902 doctrinae
690 1857 760 1901 una
787 1858 865 1901 cum
887 1832 972 1921 ipsis
992 1827 1139 1914 scholis,
1173 1831 1210 1897 in

224 1934 289 2007 hac
305 1949 503 2027 temporum
523 1935 785 2025 perturbatione
802 1934 930 2002 afflicta
946 1934 1077 2015 iacent,
1103 1932 1211 2003 etSa-

225 2059 323 2110 sanas
339 2034 505 2105 Ecclesiis
528 2038 659 2127 pariter
681 2058 720 2104 ae
742 2031 871 2105 scholis
897 2035 1127 2106 vastationem
1145 2035 1210 2101 mi-

226 2155 341 2209 netur.
395 2137 580 2207 Constanti
609 2151 643 2207 et
669 2137 787 2205 animo
818 2137 919 2205 firmo
943 2138 1119 2227 praeditos
1139 2160 1212 2205 esse

225 2254 385 2333 oportet,
411 2263 500 2331 quos
524 2239 561 2306 in
582 2234 647 2306 hac
661 2238 810 2306 statione
827 2234 924 2307 Deus
939 2239 1142 2322 collocavit,
1169 2262 1213 2305 ne

225 2367 261 2412 se
281 2337 338 2410 his
362 2354 607 2432 tempestatum
629 2340 736 2407 minis
758 2364 776 2407 a
794 2363 900 2408 cursu
915 2341 1114 2408 studiorum
1129 2364 1212 2408 suo-

225 2468 305 2514 rum
321 2443 490 2512 deterreri
507 2455 569 2510 aut
584 2441 712 2510 abduci
731 2442 921 2530 patiantur.

325 2558 375 2631 Ut
405 2561 499 2629 enim
529 2559 633 2627 fidem
658 2558 851 2627 amicorum
875 2560 1025 2650 probare
1050 2559 1213 2633 solemus,

138 2730 141 2735 .
225 2687 315 2760 qnos
337 2663 377 2731 in
398 2664 503 2732 rebus
516 2661 636 2731 dubiis
652 2674 758 2752 atque
777 2662 933 2729 adversis
950 2661 987 2729 in
1003 2661 1118 2730 officio
1134 2685 1214 2752 per-

224 2766 393 2835 mansisse
426 2764 672 2852 eognovimus:
708 2763 789 2832 illos
817 2787 901 2831 vero
924 2764 1050 2831 merito
1074 2762 1213 2854 vitupe-

225 2891 363 2950 ramus,
389 2867 452 2959 qui
475 2890 556 2934 cnm
577 2867 722 2933 fortuna
745 2876 883 2933 mutant
905 2866 1058 2933 animos:
1086 2865 1134 2934 ita
1152 2889 1214 2956 pa-

225 2992 304 3039 rurn
325 2969 425 3058 digni
440 2962 479 3036 bi
496 2965 682 3037 Musarum
698 2968 805 3035 sacris
821 2981 925 3059 atque
940 2967 1123 3037 doctrinae
1140 2980 1212 3036 stu-

225 3070 294 3139 diis
308 3070 493 3153 videntur,
518 3069 599 3162 qui,
621 3094 701 3138 cum
719 3071 862 3137 adversa
880 3068 1024 3138 fortuna
1040 3068 1215 3154 imminet,

227 3195 301 3241 non
319 3171 464 3239 eandem
481 3172 651 3260 praebent
665 3170 774 3237 animi
792 3171 1036 3240 constantiam.

270 3314 273 3325 ·
329 3284 405 3356 lmo
430 3308 513 3353 vero
536 3286 683 3352 eandem
710 3286 770 3352 illa
795 3300 994 3377 temporum
1019 3288 1216 3370 difficultas,

227 3412 296 3483 qua
326 3386 423 3476 vulgi
445 3386 583 3455 animos
604 3386 766 3474 frangere
788 3410 827 3455 ac
851 3387 1092 3475 lauguefacere
1116 3389 1215 3466 solet,

226 3514 292 3560 nos
314 3489 520 3560 extimulare
541 3490 664 3566 debet,
696 3500 735 3556 ut
760 3489 870 3577 magis
892 3487 1119 3579 pertinaciter
1141 3512 1216 3556 ma-

226 3592 349 3684 gisque
370 3591 496 3681 cupide
517 3614 598 3658 cum
622 3589 761 3680 pietatis
785 3590 1004 3673 doctrinam,
1036 3605 1111 3661 tum
1133 3614 1215 3658 vero

225 3693 343 3765 studia
366 3704 486 3761 nostra
508 3714 667 3760 amemus
687 3704 791 3784 atque
811 3692 1075 3782 amplectamur.
1126 3689 1215 3761 Nam

226 3809 362 3884 storgae
387 3790 551 3889 physicae
574 3816 653 3882 erga
679 3817 759 3877 eos,
785 3794 846 3884 qui
872 3793 975 3862 nobis
999 3789 1096 3863 chari
1123 3808 1217 3877 sunt,

227 3921 307 3967 cum
332 3919 387 3966 res
404 3909 488 3966 sunt
511 3897 693 3980 adversae,
719 3910 803 3966 tunc
828 3895 937 3984 magis
954 3895 1086 3967 irritari
1102 3896 1216 3963 solent

226 4012 331 4093 atque
345 3998 500 4070 accendi.
554 3995 667 4067 Verus
684 3998 778 4066 enim
795 4021 895 4066 amor
908 4020 1047 4088 semper
1059 4013 1218 4087 tempore

226 4100 321 4173 tristi
342 4100 505 4170 elucescit
528 4099 649 4188 magis.
702 4097 805 4187 Quos
823 4123 906 4168 vero
923 4100 1039 4167 statim
1054 4100 1217 4170 fortunae

226 4203 396 4296 iniquitas
410 4213 539 4278 mutat,
565 4194 620 4284 hi,
642 4212 682 4268 ut
698 4194 890 4290 Euripides
903 4198 970 4268 ait:

480 4292 563 4380 λόγῳ
583 4287 665 4377 ἦσαν
687 4293 744 4358 οὐκ
764 4293 843 4383 ἴργῳ
865 4296 959 4380 φίλοι.

328 4400 378 4473 Ut
409 4402 516 4492 igitur
544 4413 707 4490 appareat
732 4425 798 4470 nos
823 4424 903 4470 vere
925 4425 965 4471 ac
988 4404 1080 4473 serio
1099 4428 1217 4474 amare

226 4506 425 4578 doctrinam
449 4501 610 4594 pietatis,
636 4516 739 4594 atque
760 4503 876 4572 studia
897 4516 1036 4584 nostra,
1062 4506 1132 4573 iam
1151 4530 1216 4576 nos

226 4610 262 4679 id
286 4609 463 4680 declarare
484 4618 635 4697 oportet.
690 4602 815 4699 Neque
835 4628 919 4675 vero
942 4607 979 4674 id
1001 4607 1078 4675 sine
1099 4607 1216 4677 fructu

225 4711 408 4783 faciemus:
435 4734 518 4780 nam
541 4707 666 4779 literae
686 4722 718 4778 et
735 4707 896 4779 doctrina
914 4721 953 4778 ut
968 4708 1074 4778 rebus
1090 4733 1216 4778 seeun-

224 4812 281 4881 dis
297 4828 504 4884 ornamento
520 4825 623 4890 sunt,
649 4810 697 4881 ita
713 4810 869 4881 adversis
884 4811 1085 4901 perfugium
1100 4834 1139 4881 ac
1156 4836 1215 4881 so-

225 4915 348 4985 latium
371 4916 551 5005 praebent.
603 4911 766 5005 Cumque
783 4913 902 4982 omnia
918 4912 1013 4983 vitae
1027 4913 1214 5004 praesidia,

223 5038 303 5110 spes
334 5039 474 5095 onustes,
506 5016 704 5119 destituunt
736 5009 917 5084 homines:
951 5029 1037 5084 tunc
1064 5015 1214 5107 pietatis,

222 5118 383 5207 virtutis,
415 5118 599 5187 doctrinae
620 5118 738 5186 studio
762 5141 836 5186 non
857 5115 1021 5198 destitui,
1053 5119 1112 5187 sed
1136 5130 1211 5188 tum

221 5223 376 5315 primum
410 5217 511 5288 fulcit
542 5232 647 5310 atque
677 5231 867 5303 sustentat,
900 5242 940 5289 ae
968 5243 1014 5288 ne
1039 5217 1076 5288 in
1100 5235 1213 5290 morte

221 5325 366 5417 quidem
390 5321 534 5392 deserit.
585 5317 664 5389 Hoc
689 5319 783 5388 enim
808 5322 931 5401 decus,
958 5335 1000 5393 ut
1020 5316 1212 5415 Euripides

218 5427 288 5511 ait,
313 5426 352 5495 in
366 5424 492 5497 mediis
505 5421 684 5493 aerumnis
701 5422 830 5494 clarius
844 5423 947 5495 lucet.

641 269 800 344 DECL.
834 270 908 343 ot:
942 267 1185 344 s'ttJDtts
1218 269 1484 344 LlNGUAE
1518 270 1820 346 GRAECAE.

2169 272 2247 349 856

1359 445 1399 516 Si
1423 470 1505 515 vero
1527 446 1642 514 uttam
1657 469 1815 539 unquam
1832 457 1968 534 tempus
1985 445 2072 529 fuit,
2098 470 2170 538 quo
2184 448 2254 514 ad-

1260 546 1394 637 paruit,
1418 572 1533 640 ·quam
1564 543 1656 615 nihil
1684 547 1779 617 firmi
1808 548 1853 615 sit
1883 546 1922 613 in
1943 548 2051 615 rebus
2071 542 2256 632 humanis,

1259 642 1352 716 nihil
1375 649 1516 719 stabile:
1543 645 1646 733 haee,
1671 650 1819 740 opinor,
1843 662 2001 736 tempora
2024 671 2090 716 nos
2108 649 2144 717 id
2165 651 2255 719 satis

1259 750 1442 821 manifeste
1464 753 1673 821 docuerunt.
1725 745 1782 820 Ad
1798 745 1896 818 hunc
1910 749 2019 838 igitur
2036 764 2178 839 portum
2193 775 2255 821 sa·

1261 852 1345 922 lutis
1371 853 1565 942 dirigamus
1588 852 1726 920 animos
1747 866 1852 944 atque
1874 850 1994 921 oculos
2019 866 2178 935 nostros,
2213 870 2256 924 ut

1261 977 1381 1023 sanam
1406 977 1599 1047 puramque
1621 953 1819 1023 doctrinam
1839 976 1943 1021 verae
1963 953 2121 1043 pietatis,
2156 980 2255 1025 nsinc

1261 1056 1372 1145 tnagis
1401 1081 1506 1147 quam
1533 1079 1691 1147 unquam
1722 1068 1843 1138 antea,
1876 1079 1915 1123 ae
1938 1055 2153 1146 pertinacius
2176 1081 2252 1125 am-

1262 1159 1471 1248 plectamur:
1499 1170 1533 1227 et
1547 1157 1672 1226 studiis
1683 1156 1829 1240 nostris,
1854 1178 1943 1249 quae
1956 1159 2000 1223 ad
2014 1158 2163 1244 gloriam
2173 1158 2251 1244 Dei,

1263 1262 1306 1328 ad
1333 1259 1489 1328 eiusdem
1512 1259 1693 1328 doctrinae
1716 1280 1832 1326 sarrae
1855 1259 2144 1348 propagationem
2173 1285 2254 1350 per-

1263 1362 1394 1445 tinent,
1427 1384 1562 1430 summa
1594 1383 1676 1428 eura
1708 1383 1748 1428 ae
1779 1359 1963 1448 diligentia
1995 1360 2256 1447 incumbamus,

1264 1477 1366 1555 atque
1388 1464 1427 1530 in
1451 1458 1507 1530 his
1526 1477 1725 1551 temporum
1741 1460 1906 1551 procellis
1921 1460 2090 1529 auxilium
2109 1478 2142 1531 et
2160 1466 2255 1533 libe·

1264 1567 1435 1634 rationem
1460 1565 1504 1631 ab
1528 1575 1670 1632 aeterno
1687 1586 1726 1630 ac
1743 1562 2013 1631 clementissimo
2028 1559 2125 1643 Deo,
2152 1580 2257 1657 patre

1263 1666 1411 1736 Domini
1442 1665 1557 1734 nostri
1581 1664 1658 1734 lesu
1680 1658 1833 1746 Christi,
1866 1679 1899 1734 et
1933 1677 2091 1755 petamus
2118 1682 2153 1737 et
2189 1692 2252 1738 er-

1264 1783 1449 1860 pectemus.
1504 1762 1610 1855 Quod
1633 1766 1662 1834 si
1684 1765 1886 1849 fecerimus,
1919 1789 1992 1833 non
2015 1767 2162 1835 dubium
2187 1785 2251 1850 est,

1264 1870 1351 1962 quin
1367 1866 1464 1938 Deus
1484 1890 1616 1959 poenas
1638 1867 1861 1954 mitigaturus
1878 1867 1944 1946 sit,
1969 1868 2140 1959 nobisque
2157 1869 2248 1938 Hal-

1264 1971 1410 2066 cyonia,
1450 1965 1517 2037 hoc
1544 1982 1615 2048 est,
1655 1967 1968 2059 tranquillitatem,
2005 1985 2183 2060 receptum
2216 1987 2252 2042 et

1264 2069 1417 2163 hospitia
1448 2071 1660 2160 largiturus,
1707 2083 1790 2139 utut
1817 2069 1911 2139 inter
1941 2093 1976 2139 se
2005 2094 2111 2161 regna
2144 2069 2253 2144 huius

1265 2175 1390 2244 mundi
1404 2173 1505 2243 bellis
1521 2197 1561 2242 ac
1576 2173 1787 2242 tumultibus
1802 2171 2028 2249 collidentur.

1364 2272 1457 2346 Cum
1480 2275 1588 2365 igitur
1612 2273 1804 2365 praesentis
1826 2274 1994 2364 temporis
2016 2288 2122 2369 atque
2148 2278 2256 2348 oflicii

1266 2378 1356 2447 ratio
1385 2372 1476 2446 mihi
1503 2372 1570 2444 hoc
1593 2398 1724 2444 munus
1747 2374 1925 2465 imponat,
1957 2392 1999 2447 ut
2020 2378 2059 2445 in
2081 2373 2148 2448 boc
2170 2403 2254 2447 con-

1265 2503 1361 2549 sessu
1383 2480 1526 2548 brevem
1545 2477 1741 2548 orationem
1756 2470 1924 2561 habeam,
1948 2502 2025 2547 non
2037 2480 2132 2548 aliud
2147 2502 2253 2569 argu-

1265 2594 1425 2650 mentum
1449 2579 1602 2668 deligere
1624 2578 1740 2658 volui,
1767 2602 1873 2670 quam
1891 2592 1930 2649 ut
1947 2581 1991 2649 ad
2009 2578 2165 2650 Graecae
2181 2583 2255 2651 lin-

1266 2706 1353 2772 guae
1392 2695 1424 2751 et
1463 2682 1683 2764 literaturae,
1723 2702 1830 2773 quam
1861 2682 2046 2772 profiteor,
2086 2684 2256 2769 studium,

1267 2784 1503 2857 adolescentes
1518 2779 1738 2852 adhortarer.
1790 2778 1868 2851 Etsi
1885 2783 1921 2852 id
1939 2784 2054 2854 minus
2071 2789 2256 2855 commode

1266 2912 1285 2956 a
1309 2910 1365 2953 me
1388 2884 1464 2953 tieri
1484 2906 1584 2975 posse
1606 2882 1779 2971 intelligo.
1834 2882 2055 2975 Impossibile
2074 2886 2167 2955 enim
2187 2901 2251 2966 est,

1266 3001 1307 3057 ut
1327 2989 1370 3055 de
1388 2987 1529 3076 linguae
1544 2984 1767 3055 dulcissimae
1783 2998 1888 3078 atque
1904 2987 2160 3060 eruditissimae
2173 2989 2250 3057 lau·

1267 3090 1371 3159 dibus
1393 3113 1455 3178 pro
1480 3087 1649 3174 dignitate
1669 3087 1823 3167 dicatur,
1856 3088 1925 3158 nisi
1949 3091 1996 3158 ab
2017 3085 2161 3160 homine
2182 3090 2257 3159 elo-

1267 3191 1409 3286 quenti,
1448 3201 1553 3280 atque
1591 3183 1687 3255 haud
1724 3189 1915 3276 vulgariter
1941 3192 2064 3277 docto,
2104 3217 2256 3286 quorum

1267 3305 1432 3362 neutrum
1447 3287 1537 3359 mihi
1552 3311 1688 3376 arrogo.
1740 3287 1809 3358 Sed
1823 3311 1924 3376 spero
1940 3303 2061 3359 tamen
2075 3317 2140 3363 vos
2153 3295 2256 3364 etiam

1268 3390 1353 3462 haec
1370 3391 1628 3486 qualiacunque
1644 3390 1727 3458 boni
1742 3387 1963 3457 consulturos
1977 3413 2068 3460 esse:
2096 3418 2259 3484 praeser-

1269 3495 1333 3564 tim
1360 3517 1439 3563 cum
1473 3516 1529 3562 me
1557 3516 1631 3560 non
1662 3489 1872 3573 ambitione,
1903 3491 1964 3559 sed
1986 3491 2096 3561 oflicii
2119 3499 2258 3567 ratione

1267 3609 1424 3675 motum,
1450 3590 1513 3663 has
1527 3593 1671 3663 dicendi
1686 3606 1800 3682 partes
1813 3591 2001 3682 suscepisse
2014 3594 2145 3665 sciatis.

1370 3693 1424 3767 Ae
1444 3695 1600 3787 primum
1622 3694 1784 3788 quidem,
1809 3693 1873 3764 etsi
1890 3717 1963 3762 non
1977 3693 2067 3763 idem
2085 3698 2256 3766 omnibus

1269 3799 1306 3866 in
1331 3796 1499 3867 discendo
1524 3797 1745 3890 propositum
1765 3809 1834 3875 est,
1860 3808 1894 3866 et
1916 3794 1979 3865 alii
1999 3797 2042 3865 ad
2065 3795 2158 3866 aliud
2183 3800 2252 3864 do-

1269 3899 1404 3970 ctrinae
1433 3922 1542 3989 genus
1575 3899 1682 3969 variis
1714 3898 1825 3968 causis
1855 3896 2067 3969 invitantur:
2098 3911 2254 3968 attamen

1269 4001 1332 4095 qui
1356 3995 1424 4072 hoc
1443 4014 1619 4093 spectant,
1644 4013 1685 4069 ut
1702 4023 1821 4069 veram
1838 4022 1878 4068 ac
1892 3998 2042 4069 solidam
2056 3998 2258 4069 doctrinam

1269 4117 1548 4195 consequantur,
1581 4098 1621 4171 hi
1644 4101 1714 4171 sibi
1738 4097 1896 4171 Graecae
1919 4101 2058 4192 linguae
2081 4100 2262 4190 cognitio-

1268 4229 1351 4273 nem
1373 4205 1522 4274 omnino
1545 4202 1774 4274 neeessariam
1797 4225 1870 4272 esse
1888 4204 2081 4294 putabunt:
2107 4225 2178 4296 qua
2195 4204 2260 4295 qui

1268 4306 1521 4393 destituuntur,
1545 4308 1590 4376 ad
1605 4307 1842 4400 quodcunque
1857 4304 2038 4375 doctrinae
2054 4326 2163 4393 genus
2178 4305 2261 4372 aui-

1268 4432 1365 4478 mnm
1381 4409 1654 4502 adplicaverint,
1679 4405 1814 4494 ingenti
1831 4405 2049 4475 adminiculo
2064 4427 2101 4474 se
2114 4401 2262 4478 destitui

1268 4510 1432 4584 sentient.
1484 4508 1592 4599 Quod
1609 4532 1682 4577 non
1700 4506 1844 4578 difficile
1861 4520 1914 4578 est
1929 4507 2123 4577 ostendere.

1369 4609 1460 4681 Nam
1485 4612 1639 4702 primum
1660 4622 1698 4679 ut
1722 4611 1766 4678 de
1783 4608 1944 4679 doctrina
1960 4631 2061 4678 verae
2075 4606 2262 4697 religionis

1267 4737 1306 4783 ac
1329 4713 1468 4805 pietatis
1488 4735 1651 4801 agamus,
1677 4711 1824 4781 tradidit
1847 4710 1952 4779 nobis
1967 4706 2261 4779 clementissimus

1266 4829 1300 4885 et
1330 4815 1486 4908 optimus
1508 4811 1623 4897 Deus,
1664 4826 1763 4904 pater
1786 4810 1937 4881 Domini
1962 4834 2002 4880 ac
2025 4808 2261 4902 redemptoris

1265 4918 1379 4989 nostri
1396 4914 1475 4987 lesu
1489 4910 1642 4996 Christi.
1669 4916 1882 4984 immensum
1899 4905 2106 4983 thesaurum
2123 4910 2262 4984 doetri-

1265 5042 1474 5090 naesacrae.

1368 5119 1451 5209 Qua
1472 5142 1538 5190 nos
1557 5121 1602 5190 de
1618 5133 1761 5191 aeterna
1777 5115 1926 5188 essentia
1943 5138 2025 5201 sua,
2049 5115 2095 5184 de
2108 5114 2263 5203 origine,

1263 5222 1461 5310 creatione,
1494 5221 1749 5314 gubernatione
1777 5243 1817 5288 ac
1844 5216 2114 5289 conservatione
2136 5240 2262 5287 rernm

1264 5324 1445 5409 omnium,
1470 5326 1515 5396 de
1537 5324 1720 5397 voluntate
1742 5322 1897 5415 denique
1911 5343 1975 5390 sua
1990 5342 2071 5410 erga
2089 5342 2156 5389 nos
2172 5321 2264 5389 edo-

1263 5439 1335 5507 cet.
1367 5428 1521 5499 ostendit
1543 5427 1647 5498 nobis
1667 5424 1843 5516 originem
1866 5423 2000 5517 peccati
2022 5434 2131 5516 atque
2155 5420 2263 5491 intir-
