4732 6030
156 372 232 447 725
315 459 318 464 ,
819 349 981 432 nucu
1025 349 1104 428 nn
1134 348 1529 430 uaccanasrs.
2121 354 2204 430 ves

30 618 33 623 .
160 540 368 639 pontificatu
392 514 673 613 contendebant,
705 525 889 597 interfecto
913 524 1033 620 priore
1057 549 1152 619 pon.
1204 541 1325 600 mengo
1341 525 1411 600 Dei
1430 551 1535 599 ,uum
1558 524 1767 618 „minem
1788 527 1980 612 fuderunt,
2006 540 2042 600 et
2061 523 2102 596 in
2116 549 2206 598 mn·

161 648 252 719 cilice
260 640 369 713 Onia.
419 632 559 704 Horum
576 643 753 700 certamen
769 624 1154 712 attraxitAntiochum,
1207 631 1314 722 guine
1329 627 1425 720 Agni
1438 629 1546 702 stolas
1558 652 1640 701 sugg
1653 629 1829 699 laverunt,

162 746 225 842 qui
252 755 365 815 totum
396 760 546 826 regnum
575 733 776 824 opprimere
807 731 915 801 armis
945 731 1154 802 conabatur.
1308 728 1401 803 Cum
1424 746 1542 802 autem
1562 729 1704 804 infinita
1724 730 1770 799 sit
1789 729 1904 801 oratio
1921 731 1965 801 de
1979 725 2089 803 huius
2103 734 2208 804 rnili-

163 848 235 922 Sed
255 867 336 914 cum
356 839 491 909 familia
506 833 621 925 regia,
645 831 798 903 Davidis
814 830 1017 925 posteritas,
1043 855 1156 927 usque
1206 831 1277 904 tiae
1307 832 1434 918 laude,
1471 857 1547 903 nou
1577 831 1814 917 immorabor,
1856 833 2063 923 praesertim
2094 835 2135 904 in
2166 861 2209 907 re

163 949 210 1020 ‘d
230 946 266 1014 id
287 956 427 1033 “mim
450 942 582 1009 ducum
603 934 707 1005 ¹³¹⁰¹⁰
722 933 827 1026 ΒθὶΡ·
850 949 1032 1027 utcunque
1054 957 1158 1026 ΡΜ·
1208 934 1377 1006 ⁰¹¹¹⁰ibus
1405 934 1511 1005 bonis
1537 948 1572 1006 et
1593 934 1759 1003 virtutem
1781 933 1984 1005 amantibus
2006 936 2208 1021 notissima,

167 1061 272 1129 esset,
297 1043 490 1134 reprimere
505 1031 725 1108 Antiochum
745 1035 850 1107 initio
870 1047 1017 1106 conatus
1033 1048 1087 1108 est
1102 1033 1158 1104 vir
1209 1035 1357 1110 diutius.
1405 1033 1545 1108 Rursus
1568 1048 1686 1106 autem
1709 1033 1753 1104 de
1775 1029 1832 1105 his
1854 1035 1986 1105 nostris
2005 1039 2135 1108 studiis
2147 1042 2209 1111 di.

165 1149 270 1221 fortis
287 1145 437 1214 loannes
453 1139 659 1235 Hyrcanus,
683 1134 821 1208 Mariae
840 1149 981 1217 atavus,
1008 1136 1070 1229 qui
1087 1138 1159 1206 dux
1210 1160 1310 1221 mm,
1334 1159 1425 1230 quae
1446 1149 1590 1228 propter
1609 1136 1806 1207 discordias
1820 1137 1980 1228 publicas
1997 1142 2092 1232 apud
2107 1144 2207 1213 mul·

169 1274 252 1322 suae
274 1245 388 1337 gentis
411 1269 451 1313 eo
468 1239 719 1332 temporefuit.
772 1238 852 1309 Hoc
867 1238 1069 1323 interfecto,
1094 1262 1161 1328 po·
1211 1251 1266 1309 tos
1287 1237 1325 1307 in
1348 1237 1433 1309 odio
1455 1251 1550 1312 sunt.
1610 1235 1681 1308 Sed
1704 1252 1848 1330 propter
1868 1232 1934 1309 bas
1957 1238 2050 1332 ipsas
2072 1265 2207 1330 causas,

169 1365 242 1424 stea
265 1346 374 1438 Resp.
404 1345 528 1415 orbata
558 1342 647 1411 duce
669 1338 747 1410 sine
767 1339 843 1409 ullo
864 1341 1007 1409 custode
1028 1352 1063 1410 et
1083 1338 1161 1409 sine
1212 1338 1296 1434 quia
1321 1352 1406 1410 sunt
1433 1339 1645 1431 opinionum
1670 1338 1835 1425 dissidia,
1864 1354 1902 1410 et
1923 1340 2097 1413 alienatae
2121 1359 2206 1417 sunt

171 1450 346 1547 praesidio
369 1445 454 1530 fnit,
479 1468 520 1514 ac
541 1441 670 1534 passim
685 1441 831 1510 inermis
844 1440 1038 1511 multitudo
1052 1439 1162 1511 truci·
1211 1441 1433 1524 voluntates,
1459 1462 1600 1511 necesse
1619 1454 1671 1510 est
1692 1440 1827 1510 maiore
1847 1465 1930 1519 cura
1950 1457 2043 1513 recta
2058 1444 2206 1533 discere,

172 1555 325 1626 dabatur
353 1562 394 1618 ut
424 1546 585 1638 pecudes.
635 1540 706 1612 Hic
734 1555 866 1634 quanta
889 1541 1002 1613 virtus
1035 1538 1162 1634 privati
1214 1540 1379 1634 amplecti
1410 1554 1446 1612 et
1477 1564 1685 1633 propagare:
1727 1543 1828 1612 cuius
1858 1541 1911 1612 rei
1938 1547 2140 1635 exemplum
2171 1563 2206 1619 et

172 1652 331 1726 hominis
352 1643 563 1718 Machabaei
583 1643 669 1727 fuit,
701 1642 764 1735 qui
786 1642 1006 1713 voluntarios
1028 1643 1164 1734 aliquot
1215 1642 1292 1736 ipsa
1312 1637 1461 1713 historia
1485 1638 1785 1713 Machabaeorum
1808 1644 1982 1730 ostendit,
2005 1646 2050 1716 de
2072 1649 2208 1740 quibus

138 1777 144 1785 '
174 1755 305 1828 milites
326 1748 519 1832 contraxit,
544 1758 578 1815 et
595 1740 689 1814 hauc
703 1745 863 1833 exiguam
878 1767 1023 1814 manum
1039 1744 1164 1833 ingen·
1215 1744 1387 1836 scriptum
1416 1757 1484 1814 est:
1515 1744 1619 1816 Docti
1645 1744 1685 1813 in
1707 1745 1841 1836 populo
1860 1745 1991 1816 multos
2011 1747 2205 1825 docebunt.

174 1858 271 1929 tibus
285 1849 442 1922 hostium
457 1847 568 1940 copiis
581 1867 762 1936 opponere
774 1866 879 1915 ausus
891 1844 965 1914 est?
1015 1842 1088 1914 Nec
1102 1845 1164 1913 de-
1215 1843 1276 1915 Ne·
1290 1859 1375 1917 tum>
1389 1845 1532 1939 quidem
1551 1846 1644 1917 inter
1658 1845 1800 1916 classica
1814 1860 1849 1919 ct
1863 1845 1954 1917 inter
1965 1846 2097 1918 civium
2114 1872 2202 1941 sup·

175 1968 277 2028 erant
298 1968 382 2025 tnnc
404 1973 563 2043 quoque,
588 1947 652 2040 qui
667 1941 741 2036 ¹hoc
761 1945 952 2016 consilium
972 1940 1165 2036 reprehen·
1216 1945 1322 2037 plicia
1344 1945 1475 2017 eruditi
1498 1941 1679 2031 homines,
1703 1960 1739 2018 et
1751 1946 1865 2032 firmi,
1888 1947 2068 2020 doctrinae
2083 1952 2204 2022 studia

177 2060 325 2140 debant,
350 2053 414 2147 qui
427 2049 730 2132 vociferabantur,
755 2047 933 2139 privatum
948 2071 1023 2118 non
1037 2047 1166 2117 debere
1216 2045 1441 2143 abiiciebant,
1491 2044 1605 2120 Erant
1624 2048 1719 2117 enim
1733 2047 1911 2120 refutandi
1925 2049 2046 2141 impii,
2071 2051 2134 2145 qui
2148 2077 2208 2122 re-

176 2183 274 2231 arma
289 2178 430 2247 capere,
456 2150 640 2223 stultitiam
656 2171 746 2232 esse,
769 2171 919 2238 parvum
934 2170 1061 2238 agmen
1074 2145 1167 2217 obii·
1217 2147 1367 2238 ligioues
1389 2149 1484 2219 iuter
1506 2171 1580 2220 sese
1601 2150 1889 2236 confundebant,
1912 2174 1994 2221 cum
2011 2153 2117 2223 multi
2132 2153 2208 2226 dis·

177 2283 256 2333 cere
275 2254 481 2347 ingentibus
499 2250 721 2322 exercitibus.
771 2247 843 2320 Sed
856 2250 1003 2321 ardebat
1016 2242 1167 2319 Macha-
1218 2263 1385 2341 putarent
1405 2246 1500 2319 nihil
1523 2249 1692 2323 iuteresse
1711 2251 1807 2322 inter
1824 2249 1980 2323 Graecas
1997 2267 2032 2325 et
2047 2251 2207 2327 Iudaicas

177 2361 257 2434 baei
283 2371 406 2450 pectus
430 2355 517 2437 fide,
549 2352 679 2422 sciebat
701 2347 777 2421 Deo
800 2344 868 2420 hoc
891 2351 1047 2421 officium
1071 2348 1168 2419 viros
1217 2350 1405 2443 opiniones
1425 2353 1469 2422 de
1485 2347 1581 2423 Deo:
1604 2377 1716 2422 unum
1732 2376 1865 2422 numen
1881 2378 1902 2425 a
1918 2379 1990 2448 quo
2006 2357 2146 2426 condita
2160 2357 2208 2429 stt

175 2466 285 2534 fortes
297 2479 421 2529 omnes
436 2456 584 2538 debere,
608 2464 649 2524 ut
663 2474 765 2522 verae
779 2451 962 2521 doctrinae
976 2450 1168 2544 possessio·
1217 2476 1339 2523 rerum
1361 2464 1509 2539 natura,
1533 2453 1579 2524 ab
1597 2453 1765 2525 omuibus
1777 2456 1940 2544 gentibus
1955 2456 2042 2542 coli,
2066 2458 2206 2528 etiamsi

175 2587 258 2634 ΜΠ
275 2572 457 2632 ‘umuli‘
483 2552 891 2642 ⁰²⁶⁰¹¹51¹80⁸sllber⁰ss
915 2552 1078 2644 Patriam,
1104 2575 1168 2644 Pt-
1218 2554 1377 2625 diversae
1404 2553 1477 2625 sint
1499 2554 1764 2647 appellationes.
1821 2552 1889 2628 His
1912 2558 2107 2650 praestigiis
2127 2573 2206 2631 sum

96 2696 99 2701 .
176 2666 267 2738 triae
287 2659 511 2751 disciplinam
531 2654 640 2726 armis
657 2668 788 2743 tegant.
840 2651 953 2727 Norat
966 2649 1169 2725 bancmili-
1219 2679 1362 2750 quoque
1389 2653 1495 2728 multi
1523 2656 1808 2749 decipiebantur:
1841 2682 1927 2754 quas
1954 2673 1997 2731 ut
2021 2660 2206 2755 perspicue

177 2768 262 2837 tiam
286 2759 364 2832 Deo
393 2756 633 2851 gratissimum
664 2754 799 2827 cultum
828 2777 920 2842 csse,
952 2769 986 2829 et
1006 2754 1169 2828 adiuvari
1219 2758 1461 2839 confutarent,
1486 2780 1577 2850 opus
1597 2758 1667 2831 fuit
1687 2762 1824 2833 erudite
1838 2762 1990 2832 discerni
2006 2764 2207 2855 religiones.

159 2892 256 2939 -earn
277 2863 461 2935 divinitus.
512 2856 573 2931 Sic
594 2881 675 2928 cum
690 2856 856 2936 sentiret,
877 2881 943 2928 nec
957 2858 1076 2929 deesse
1089 2858 1169 2928 ofli-
1219 2854 1289 2930 Hic
1316 2859 1412 2929 docti
1434 2861 1626 2932 monebant
1646 2863 1808 2934 deerrare
1829 2886 1950 2936 omues
1968 2887 1988 2933 a
2009 2887 2095 2934 vero
2113 2861 2206 2945 Deo,

148 3039 149 3043 ,
178 2970 233 3040 cio
254 2966 377 3052 vellet,
403 2964 520 3035 videte
542 2985 648 3055 quam
671 2959 804 3032 multae
821 2958 860 3029 in
877 2983 1004 3032 unare
1021 2961 1169 3032 virtutes
1220 2960 1282 3055 qni
1306 2984 1381 3031 nnn
1402 2978 1630 3052 agnoscerent
1652 2988 1733 3035 eum
1755 2965 1793 3036 in
1816 2990 1857 3037 ea
1872 2965 2054 3052 doctrina,
2077 2965 2115 3033 in
2132 2989 2205 3058 qua

179 3067 370 3141 extiterint.
419 3066 625 3136 Intellectus
639 3076 787 3134 etsmor
801 3061 983 3134 doctrinae
998 3059 1170 3146 coelestis,
1220 3084 1257 3133 se
1285 3062 1361 3154 ipse
1387 3062 1493 3135 certis
1517 3077 1552 3136 et
1571 3064 1771 3138 illustribus
1796 3069 2009 3141 testimoniis
2028 3065 2206 3159 patefecit:

179 3167 383 3241 obedientia
407 3165 482 3235 Deo
507 3165 644 3248 debita,
667 3164 776 3256 pietas
797 3187 878 3254 erga
900 3164 1069 3267 patriam,
1093 3186 1170 3234 ma·
1222 3164 1382 3234 necsciri
1397 3165 1615 3238 voluntatem
1632 3167 1727 3252 eins,
1749 3192 1795 3238 an
1810 3184 1844 3240 et
1859 3169 2119 3253 curexaudiat,
2139 3166 2209 3238 nisi

178 3270 331 3364 gnitudo
345 3264 456 3336 animi
470 3278 547 3334 orta
562 3287 603 3331 ex
618 3262 1066 3356 liduciapraesentiacDei,
1091 3290 1169 3334 mo·
1222 3264 1471 3357 promissiones
1491 3279 1695 3352 teneantur,
1718 3267 1757 3334 in
1781 3262 1849 3336 bac
1869 3293 1943 3339 una
1959 3285 2065 3359 gente
2080 3293 2210 3364 propo.

178 3369 316 3444 dcratio
337 3367 462 3457 ingens
483 3363 521 3433 in
543 3362 761 3456 perferendis
776 3364 971 3434 amicorum
989 3381 1023 3437 et
1039 3365 1170 3435 civium
1221 3367 1319 3440 sitae.
1367 3363 1530 3462 Cumque
1543 3389 1616 3437 non
1632 3378 1747 3437 essent
1761 3364 1915 3437 leviores
1929 3381 2074 3460 pugnae
2089 3373 2212 3464 dispu-

61 3460 73 3477 ⁸
179 3470 345 3545 iniuriis,
385 3465 452 3537 His
475 3464 667 3537 virtutibus
684 3488 763 3534 cum
779 3464 912 3536 faveret
924 3461 1037 3547 Deus,
1063 3465 1169 3536 foelix
1222 3466 1416 3549 tatianum,
1446 3492 1552 3562 qnam
1579 3467 1850 3539 dimicationum
1880 3468 1918 3538 in
1938 3471 2036 3553 acie,
2071 3472 2213 3564 magni.

179 3591 214 3647 et
243 3570 406 3645 salutans
431 3568 501 3639 fuit
526 3566 602 3637 eius
625 3566 753 3637 militia
778 3561 956 3636 Ecclesiae
978 3562 1065 3648 Dei,
1098 3591 1171 3659 qno
1222 3569 1309 3639 tudo
1331 3591 1451 3642 rerum
1474 3569 1655 3651 excitavit,
1682 3568 1816 3640 erudiit
1832 3563 1976 3643 etacuit
1993 3573 2145 3657 multos,
2169 3571 2213 3644 ut

178 3677 320 3747 nullum
342 3672 456 3742 maius
472 3670 607 3739 donum
623 3666 738 3758 optari
756 3679 879 3759 potest.
931 3665 974 3738 ln
989 3663 1087 3740 bunc
1102 3669 1170 3759 igi.
1221 3669 1411 3761 npquone,
1438 3671 1569 3743 ,mim
1590 3671 1848 3763 ‘mmmm’
1876 3672 1972 3766 quod
1995 3694 2094 3741 nunc
2117 3695 2211 3763 quo·

178 3794 238 3850 tur
259 3780 385 3848 ducem
408 3773 609 3856 intuentes,
643 3792 723 3839 cum
750 3784 786 3840 et
806 3768 1025 3841 voluntatem
1047 3769 1171 3862 ipsius,
1222 3771 1582 3866 quefaciendumest.
1632 3770 1726 3846 Sunt
1738 3772 1835 3843 enim
1846 3771 1961 3859 muln,
1983 3770 2045 3866 qni
2056 3784 2098 3843 ut
2108 3772 2207 3841 idola

180 3897 214 3954 et
227 3876 294 3950 Dei
313 3872 533 3957 testimonia,
557 3869 620 3966 qni
637 3866 732 3941 hauc
741 3870 906 3942 militiam
921 3865 1171 3963 pulcherrimis
1220 3873 1416 3959 stabiliant,
1431 3872 1618 3946 artificiose
1630 3896 1670 3946 ea
1683 3874 1773 3946 fucis
1784 3874 1947 3967 pingunt.
1973 3870 2093 3958 Multi,
2108 3884 2208 3963 post-

137 4013 139 4017 *
171 3979 341 4055 victoriis
366 3989 488 4059 ornat,
526 3971 849 4054 considerabimus,
885 3971 1036 4044 virtutes
1059 3971 1172 4066 ipsius
1222 3999 1329 4069 quam
1344 3973 1468 4048 vident
1480 3975 1598 4047 ocium
1612 3998 1718 4050 suum
1730 3973 1980 4057 interturbari,
2002 3996 2211 4069 quanquam

180 4107 246 4178 pro
267 4094 388 4151 nostro
408 4078 516 4146 modo
535 4073 727 4148 imitemur,
775 4068 855 4145 Etsi
871 4073 967 4144 enim
984 4074 1087 4146 dulce
1102 4097 1173 4144 no·
1221 4090 1325 4147 antea
1351 4076 1419 4147 visi
1447 4091 1531 4150 sunt
1553 4079 1705 4170 probare
1728 4099 1831 4147 veras
1849 4076 2062 4161 sententias,
2092 4087 2214 4146 tamen

181 4207 264 4254 men
286 4197 338 4252 est
360 4178 473 4269 pacis,
496 4187 531 4245 et
552 4197 626 4244 non
648 4186 732 4243 sunt
750 4176 960 4244 accersenda
981 4175 1092 4245 bella:
1117 4188 1173 4247 ta-
1222 4201 1319 4248 nunc
1333 4200 1370 4247 se
1385 4192 1567 4265 retexunt,
1592 4179 1762 4250 simulant
1775 4176 1934 4250 studium
1947 4175 2214 4261 moderationis,

179 4309 263 4354 '⁰⁰¹¹
279 4306 360 4352 ⁰⁰¹⁰
381 4277 604 4354 l⁰s⁰f¹¹¹¹¹¹¹¹2
629 4277 833 4368 Pmestfliffl
848 4276 893 4345 ”d
906 4272 1095 4348 delendam
1110 4300 1171 4347 ve-
1223 4278 1350 4350 iubent
1378 4279 1475 4371 pacis
1503 4301 1607 4353 causa
1634 4279 1758 4370 largiri
1788 4279 1963 4374 quaedam
1992 4277 2214 4362 adversariis,

181 4408 258 4455 ram
273 4378 404 4453 deDeo
419 4375 637 4457 doctrinam,
663 4377 709 4445 ad
723 4375 942 4447 inducendas
956 4375 994 4446 in
1009 4377 1172 4469 patriam,
1222 4381 1362 4470 fingunt
1384 4395 1498 4455 muge
1518 4381 1784 4455 commu„
1797 4380 2001 4471 ,mffiguu’
2023 4376 2115 4474 ,puae
2133 4391 2214 4449 ,m-

179 4487 369 4562 b³¹b³¹³⁸‘
401 4477 548 4570 impia&
579 4476 740 4548 ‘'⁰⁶⁰¹“
761 4490 898 4567 &mma
930 4479 976 4549 ’ἃ
997 4479 1114 4568 ledum
1137 4492 1172 4550 0²
1222 4506 1330 4577 quam
1344 4477 1524 4568 cothurni,
1544 4484 1688 4578 utrique
1698 4480 1793 4574 parti
1805 4472 1995 4553 videantur
2008 4502 2213 4572 congruere.

47 4604 51 4609 '
180 4584 389 4680 disciplinae
410 4579 646 4653 eversionem:
673 4573 732 4648 hic
752 4603 837 4649 vero
858 4579 1091 4651 exuscitemus
1106 4603 1174 4651 nos
1223 4581 1278 4668 Ac
1304 4598 1344 4655 ut
1362 4583 1431 4656 fuit
1451 4584 1627 4679 quispiam
1647 4584 1795 4655 nomine
1816 4581 2014 4669 Ecebolus,
2046 4582 2214 4676 quicum

182 4689 325 4762 coelesti
339 4710 443 4767 voce,
464 4695 499 4754 et
513 4681 749 4753 anteferamus
762 4680 855 4752 vitae
869 4695 1010 4754 nostrae
1023 4680 1172 4772 gloriam
1223 4698 1312 4756 esset
1332 4679 1526 4770 Ethnicus,
1557 4698 1654 4756 metu
1674 4681 1878 4757 Constantii
1900 4683 2126 4776 imperatoris
2148 4684 2215 4752 ad·
2263 4755 2270 4774 ‚

182 4791 269 4875 Ilei,
293 4804 329 4863 et
350 4787 486 4881 patriae
507 4785 671 4856 salutem:
698 4805 834 4877 nosque
855 4806 929 4854 non
943 4785 988 4854 ad
1005 4783 1122 4854 ocium
1138 4796 1173 4856 et
1224 4785 1340 4859 iunxit
1358 4811 1397 4859 se
1411 4782 1643 4879 Christianis,
1669 4787 1799 4858 deinde
1815 4782 1946 4855 iuliani
1960 4800 2117 4878 tempore
2130 4800 2215 4855 rur·

180 4894 383 4984 voluptates
402 4890 441 4958 in
459 4881 525 4957 hac
543 4885 614 4957 vita
630 4883 793 4956 conditos
809 4907 883 4954 esse
896 4885 1174 4972 meminerimus,
1223 4911 1282 4961 sus
1309 4888 1427 4980 palam
1458 4888 1529 4960 fuit
1551 4884 1664 4961 bostis
1685 4883 1990 4960 Christianorum:
2023 4909 2104 4956 cum
2126 4908 2215 4956 vero

181 4999 241 5065 sed
273 5007 313 5065 ut
332 4989 402 5062 Dei
428 5000 532 5061 testes
562 5000 597 5058 et
618 4980 796 5058 Ecclesiae
821 4987 1027 5056 defensores
1043 4988 1171 5058 simus:
1222 5013 1346 5061 rursus
1375 4990 1525 5081 imperio
1551 4992 1684 5083 potitus
1705 5003 1794 5061 esset
1807 4990 1997 5081 princeps,
2027 4982 2214 5058 Christum

181 5122 247 5169 ¹¹²⁰
267 5093 422 5188 P‘fl‘ulil
442 5103 503 5160 δῦ(
518 5101 668 5160 mrtem
685 5088 724 5158 in
740 5112 781 5158 ea
794 5087 924 5164 militia
940 5089 1171 5179 defugiamus,
1222 5113 1414 5180 agnoscens
1423 5090 1712 5174 Valentinianus,
1735 5090 1842 5180 rediit
1858 5085 2077 5161 etEcebolus
2089 5082 2216 5159 adEc·
2270 5117 2276 5128 ·

178 5197 310 5274 victuri
333 5207 452 5286 postea
474 5190 520 5261 in⁴
536 5190 792 5263 consuetudine
810 5187 900 5271 Dei,
931 5189 995 5260 ubi
1016 5192 1171 5262 aeternis
1222 5192 1380 5265 clesiam:
1408 5193 1496 5266 tales
1513 5188 1807 5266 chamaeleontes
1826 5215 1924 5262 nnnc
1945 5214 2089 5286 quoque
2109 5187 2218 5261 multi

178 5299 345 5397 praemiis
366 5290 453 5367 baec
475 5294 589 5366 virtm
609 5292 810 5364 ornabitur.
862 5288 1048 5381 Quantum
1062 5294 1170 5365 decus
1220 5308 1324 5380 sunt,
1356 5296 1419 5389 qui
1439 5296 1596 5367 colorem
1615 5292 1769 5367 subinde
1786 5305 1938 5367 musam,
1989 5289 2074 5363 1410„
2097 5291 2217 5362 hou„

177 5407 244 5475 erit
267 5404 306 5474 in
328 5400 393 5471 illo
413 5410 559 5469 aeterno
581 5406 702 5479 coetu,
733 5394 929 5486 praedicari
950 5387 1018 5463 hoc
1040 5394 1170 5466 triurn-
1221 5410 1356 5470 ruentes
1378 5397 1514 5470 maiore
1533 5419 1620 5469 cura
1640 5395 1821 5467 instruant
1842 5419 1879 5466 se
1900 5393 2015 5464 solida
2038 5394 2219 5482 dodrina,

175 5502 275 5598 Phili
296 5497 477 5575 mim?
528 5492 625 5570 ¹ST¹
650 5507 734 5569 ⁸⁰⁰²
748 5495 880 5578 ”nelis
905 5495 968 5592 qui
980 5517 1047 5590 pro
1061 5506 1169 5568 testa-
1219 5521 1267 5571 ne
1281 5493 1349 5571 Dei
1364 5499 1496 5572 noticia
1513 5497 1553 5570 in
1568 5497 1672 5572 terris
1688 5497 1925 5591 extinguatur.
