1481 1679
239 176 276 194 97³

239 221 256 236 et
264 217 322 236 Deum
329 217 393 235 fiducia
400 217 433 235 filii
440 217 529 236 invocant.
548 216 572 236 Et
580 218 674 241 opiniones
681 223 733 241 quas-

239 249 309 266 cunque
325 246 424 266 pugnantes
440 249 481 260 eum
496 242 595 266 Evangelio
611 246 629 261 et
647 243 733 267 symbolis

238 271 339 286 constanter
350 268 421 289 reiicio,
434 268 496 286 reiicio
508 272 525 286 ct
534 274 603 286 errores
610 268 641 292 qui
650 271 731 286 taxantur

237 294 257 311 in
269 292 352 311 Ecclesiis
365 291 418 310 huius
430 293 504 311 ditionis
516 294 546 311 cui
558 299 586 311 me
594 294 702 317 praefecisti,
715 297 731 311 et

238 318 270 336 tibi
277 322 348 336 aeterne
356 317 404 336 Deus
411 321 461 341 pater
468 318 541 336 Domini
548 319 605 337 nostri
613 318 653 337 lesu
659 317 731 340 Christi,

237 344 269 367 qui
278 347 294 361 te
301 344 387 361 immensa
394 343 474 362 bonitate
481 344 586 366 patefecisti,
597 344 680 362 conditor
686 343 731 362 coeli

237 373 255 386 et
267 372 322 386 terrae
333 372 350 386 et
361 367 454 386 hominum
463 373 480 387 et
487 368 576 387 Ecclesiae
584 372 635 391 tuae,
647 375 683 387 nna
691 375 731 387 cum

236 394 274 411 filio
285 397 316 411 tuo
326 393 404 411 Domino
416 397 477 412 nostro
488 394 527 412 lesu
539 393 620 415 Christo,
636 398 653 412 et
661 394 731 418 Spiritu

237 422 308 440 sancto,
324 419 409 442 sapim,
418 419 474 441 bone,
487 425 548 441 verax,
559 420 613 441 iuste,
626 420 689 441 iudex,
701 425 731 437 ca-

237 448 273 466 ste,
288 444 387 465 liberrime,
403 444 511 466 misericors,
528 445 592 467 gratias
600 450 641 467 ago,
654 445 703 468 quod
714 448 731 462 te

236 468 315 487 humano
323 469 383 492 generi
391 470 496 492 patefecisti,
509 471 557 493 quod
566 470 621 488 tilium
629 470 701 491 misisti,
713 473 730 488 et

236 494 333 512 Ecclesiam
344 495 377 512 tibi
385 495 462 517 colligis,
474 496 522 518 quod
531 501 558 513 rne
565 496 586 513 ad
593 494 682 513 Ecclesiae
690 498 730 513 tuae

236 520 337 537 societatem
345 520 420 539 vocasti,
432 521 480 543 quod
489 526 517 538 me
527 523 545 538 et
552 520 627 544 patriam
635 521 730 538 clementer

235 545 337 568 protexisti,
354 548 405 568 teque
416 546 489 568 supplex
500 551 542 567 oro,
558 549 578 563 ut
589 549 661 569 propter
673 546 729 563 lilium

236 573 287 588 tuum
296 570 394 588 Dominum
404 573 485 588 nostrum
499 570 555 588 lesum
563 569 665 592 Christum,
677 577 729 594 quem

235 595 352 613 inenarrabili
358 595 433 613 consilio
440 596 555 614 mediatorem
561 596 678 618 eonstituisti,
689 602 729 619 pee-

236 624 274 638 cata
281 626 320 638 mea
327 621 387 638 omnia
394 619 440 638 mihi
448 621 535 643 remittas,
547 625 564 639 et
571 627 599 639 me
606 625 679 645 propter
683 627 730 642 enm,

235 645 305 669 Spiritu
313 649 373 663 sancto
380 646 402 663 ad
413 646 468 664 vitam
476 650 565 664 aeternam
576 647 682 668 sanctifices,
696 647 729 665 tibi

235 677 264 688 me
280 674 301 694 et·
309 670 415 693 Ecclesiam,
434 675 451 689 et
467 677 526 689 meum
538 672 610 690 fratrem
624 676 642 690 et
653 672 729 695 patriam

235 696 346 715 commendo.
371 695 396 714 Et
406 697 486 715 exaudiri
497 703 508 715 a
521 700 538 715 te
550 696 594 715 haec
604 703 643 715 mes
650 701 700 719 vota,
712 700 729 715 et

234 727 283 739 meos
300 721 375 744 gemitus
390 725 463 745 propter
476 722 532 740 filium
548 723 610 744 credo,
628 723 659 746 qui
676 723 728 740 dixit:

235 746 328 769 Quidquid
337 747 422 769 petieritis
430 750 498 770 patrem
510 747 529 764 in
538 748 611 765 nomine
618 754 667 769 meo,
680 748 729 766 dabit

235 771 291 789 vobis.
317 770 335 789 0
343 771 382 790 lesu
388 771 464 793 Christe,
474 772 501 789 fili
507 772 541 790 Dei
548 773 629 791 crucifixe
636 779 669 796 pro
677 773 729 791 nobis

235 800 252 814 et
259 796 369 818 resuscitate,
380 797 477 818 mediatur,
488 797 520 820 qui
527 797 595 815 dixisti:
609 797 666 816 Nemo
673 798 729 821 rapiet

234 828 276 839 oves
287 827 334 839 meas
345 827 366 839 ex
377 821 459 839 manibus
472 822 525 843 meis,
538 828 566 839 me
576 823 610 840 tibi
618 824 729 845 commendo,

233 851 254 865 tu
265 853 298 870 pro
309 852 337 864 me
349 847 453 864 intercedito
460 847 508 870 apud
516 851 607 865 aeternum
619 851 696 871 patrem,
709 852 728 866 tu

234 873 258 890 sis
264 872 388 889 umbraculum
395 872 479 889 adversus
486 872 540 894 iram,
552 876 571 891 tu
578 872 623 894 mihi
632 873 702 895 adesto,
712 876 729 891 et

233 903 262 915 me
272 897 359 914 sanctifica
371 897 440 920 Spiritu
448 901 479 915 tuo
489 901 556 916 saneto.
581 897 605 916 Et
612 899 693 916 exaudiri
699 904 728 916 me

233 929 243 940 a
251 926 268 940 te
278 922 341 943 credo,
353 922 395 945 quia
405 923 474 940 dixisti:
487 922 551 941 Venite
561 924 584 941 sd
592 929 621 941 me
628 929 690 941 omnes
697 924 728 948 qui

233 948 318 966 laboratis
325 950 343 965 ct
349 948 419 965 onerati
429 948 470 966 estis
476 961 481 970 ,
498 954 530 971 ego
538 949 614 967 reficiam
622 955 659 968 vos.

282 985 334 1003 Hane
342 985 472 1003 invocationem
481 991 520 1003 cum
531 992 582 1009 saepe
588 989 673 1009 repeteret
681 987 727 1004 clara

232 1017 275 1029 vote
283 1017 314 1034 per
320 1011 388 1034 aliquot
396 1011 440 1032 dies,
453 1011 564 1029 adstantibus
569 1011 629 1029 multis
636 1015 727 1034 praestan-

232 1037 280 1055 tibus
287 1036 340 1057 viris,
352 1036 423 1054 tandem
434 1035 483 1054 Deus
491 1036 569 1054 animam
576 1036 614 1054 eius
626 1042 646 1054 ex
653 1037 726 1055 ruinoso

232 1061 323 1080 domicilio
334 1061 401 1080 eduxit.
429 1061 475 1079 Cum
487 1061 541 1084 igitur
551 1065 569 1080 ct
580 1062 647 1080 multae
654 1067 727 1084 magnae

232 1087 306 1105 virtutes
316 1086 404 1104 Friderici
415 1086 491 1108 suerint,
503 1089 521 1104 et
531 1087 569 1105 eius
577 1087 683 1109 gubernatio
691 1086 726 1105 Ec-

231 1112 294 1130 clesiae
306 1115 323 1129 et
334 1112 401 1135 patriae
409 1112 491 1129 salutaris
499 1112 561 1134 suerit,
574 1115 592 1130 et
603 1118 645 1130 vera
654 1112 726 1130 iuvoca-

232 1138 281 1155 tione
287 1136 346 1154 Deum
354 1137 427 1155 coluerit
438 1137 484 1160 ipse,
496 1141 514 1155 ct
522 1137 541 1155 iu
551 1138 599 1156 exitu
606 1144 628 1155 ex
639 1137 671 1155 bac
678 1144 726 1155 mor—

231 1162 263 1180 tali
271 1162 306 1180 vita
315 1167 333 1179 se
341 1162 378 1179 filio
388 1160 422 1180 Dei
429 1163 589 1184 commendaverit,
602 1163 678 1186 primum
687 1162 726 1181 Dcn

231 1187 296 1210 gratias
310 1192 392 1209 agamus,
408 1188 455 1210 quod
472 1188 569 1211 principem
584 1187 612 1206 his
624 1189 726 1211 regionibus

231 1213 325 1231 salutarem
337 1212 395 1233 dedit,
412 1214 487 1236 et·quod
499 1213 554 1237 ipsius
578 1217 626 1231 ectus
634 1214 657 1231 ad
666 1220 725 1231 veram

230 1239 313 1261 pietatem
324 1237 411 1256 accendit.
438 1236 463 1256 Et
477 1239 550 1257 virtutes
588 1245 596 1256 s
612 1239 726 1261 admiremur,

231 1267 253 1281 et>
260 1263 329 1281 labores
341 1262 396 1286 ipsius
407 1263 453 1285 grati
463 1264 593 1286 praedicemus.
608 1270 628 1282 ac
636 1265 675 1282 vult
682 1265 726 1282 deus

229 1287 259 1306 his
266 1295 337 1312 quoque
345 1294 378 1311 per
385 1294 430 1312 quos
438 1288 523 1306 beneficia
531 1289 619 1312 impertit,
631 1290 725 1313 gratitudi-

230 1320 271 1331 nem
279 1313 369 1337 praestari.

280 1350 304 1370 Et
314 1357 416 1375 quanquam
426 1351 461 1369 alia
473 1351 551 1374 exempla
562 1352 602 1369 aliis
609 1352 725 1372 conveniunt,

229 1383 261 1395 nec
269 1377 316 1395 vires
322 1380 393 1394 nostrae
404 1376 469 1394 imitari
480 1377 584 1394 excellentes
592 1377 675 1400 imagines
683 1383 724 1400 pos-

228 1406 280 1423 sunt,
293 1406 352 1420 tamen
360 1402 426 1419 multae
438 1405 479 1420 sunt
487 1402 561 1420 virtutes
570 1408 615 1426 quae
623 1408 724 1420 communes

228 1428 309 1445 omnium
321 1433 357 1445 esse
365 1428 440 1448 debent,
453 1427 528 1451 quarum
537 1428 654 1446 consideratio
662 1428 723 1451 siugu-

228 1453 250 1471 lis
258 1454 281 1471 ad
289 1453 476 1471 communerationem
484 1453 561 1476 prodest.

468 174 548 194 DECL.
568 174 607 194 DE
623 172 790 194 rmnmtlco
807 172 884 192 DUCE
900 166 961 193 SKX.
976 173 1018 192 ΕΒ.

1216 174 1253 193 974

809 216 851 234 Ideo
862 216 924 234 divino
934 216 1008 234 consilio
1020 215 1105 234 historiae
1112 217 1168 234 literis
1176 217 1251 234 manda-

758 245 785 260 tae
793 245 843 263 sunt,
854 241 891 259 imo
901 242 941 259 ideo
949 242 1047 264 spectacula
1055 242 1111 260 tristia
1123 246 1140 260 et
1147 242 1192 260 laeta
1203 241 1251 259 Deus

758 267 841 290 proponit
851 267 934 284 omnibus
947 267 1065 290 temporibus,
1077 271 1098 285 ut
1106 268 1142 285 sint
1148 273 1251 284 commone-

757 292 841 310 factiones
848 292 931 310 universo
939 293 1000 314 generi
1008 291 1093 311 humano.
1113 292 1173 315 Quare
1181 296 1198 310 et
1205 291 1251 309 hanc

757 317 844 335 Frideriei
851 316 943 335 historiam
950 318 1040 335 interdurn
1048 318 1150 340 cogitemus.

807 342 866 360 Mults
877 341 907 360 hic
914 346 932 360 et
943 343 965 360 de
974 343 1011 361 eius
1019 346 1123 361 testamento
1136 343 1206 360 narrari
1217 348 1250 365 po-

757 371 824 389 terant,
840 367 859 385 in
870 374 906 391 quo
915 368 968 385 etiarn
980 368 1035 386 multa
1046 368 1095 391 signa
1104 368 1210 391 sapientiae,
1221 374 1250 385 re-

756 393 845 411 verentiae
852 398 893 415 erga
897 392 963 413 Deurn,
975 394 1041 411 amoris
1048 399 1088 417 erga
1095 394 1176 415 fratrem,
1188 397 1205 411 et
1213 393 1251 416 pie—

757 418 797 436 tatia
806 424 846 441 erga
855 418 929 441 patriam
936 419 1096 442 conspiciebantur.

806 443 862 461 Initio
869 443 910 461 fidei
918 449 959 461 suae
967 444 1095 462 confessionem
1104 444 1166 462 recitat
1174 449 1250 466 congru-

756 472 814 487 entem
827 475 867 487 cum
878 469 910 486 illa
921 469 1043 490 invocatione,
1059 475 1112 493 quam
1124 473 1165 487 ante
1175 473 1250 487 mortem

756 500 807 517 saepe
814 494 861 512 clara
871 500 914 511 voce
923 494 1011 517 repetivitt
1035 493 1059 512 Et
1066 494 1116 512 addit
1125 494 1251 518 precationem·

755 519 825 537 Deinde
832 519 883 536 fratri
891 519 945 537 tradit
952 519 1097 541 gubernationem
1102 533 1107 541 ,
1120 523 1137 537 et
1144 519 1250 537 nominatim

756 545 772 562 ei
790 544 902 562 commendat
913 543 1010 565 Ecclesiae,
1030 551 1106 568 eumque
1122 544 1214 566 hortatur,
1230 548 1251 562 ut

755 570 830 592 gloriam
841 569 875 588 Dei
886 569 981 590 illustrari,
999 573 1015 587 et
1043 570 1116 593 apulum
1131 573 1178 587 recte
1190 570 1250 587 doceri

756 598 816 616 curet,
828 600 861 612 nee
870 594 941 612 dubitet
949 594 1006 612 filium
1045 595 1051 612 i
1062 594 1093 612 has
1104 595 1150 618 ipsas
1157 594 1250 616 Ecclesias,

756 621 775 638 in
786 620 851 644 quibus
861 626 896 638 vox
908 618 1001 643 Evangelii
1015 623 1066 638 sonat
1077 620 1191 643 incorrupta,
1207 626 1250 643 pro-

755 649 842 664 tecturum
850 651 893 664 esse.

806 670 892 689 Prohibet
902 674 920 689 et
929 671 975 688 ritus
985 671 1068 689 funebres
1078 670 1186 694 improbatos
1193 671 1212 688 in
1221 670 1250 688 his

755 695 844 714 Eeclesiis.
873 696 908 714 Sed
920 702 1017 719 pauperum
1029 696 1079 714 iubet
1087 697 1173 714 rationem
1182 695 1249 717 haberi,

755 722 821 745 quibus
831 725 848 739 et
859 724 902 740 tune
911 721 930 738 in
942 721 1004 739 funere
1013 721 1053 739 dari
1059 725 1124 739 certam
1132 721 1224 745 pecuniam
1232 724 1249 738 et

755 750 811 765 vestes
821 747 900 764 mandat.
929 745 953 764 Et
964 747 1015 765 addit
1025 747 1074 764 aliud
1087 752 1152 764 munus
1159 747 1203 764 utile
1210 747 1249 764 sine

755 772 878 790 ostentatione.
903 771 958 789 Auno
966 775 1006 790 ante
1014 775 1089 790 mortem
1099 772 1154 795 ipsius
1162 772 1250 794 proximo,

755 797 837 815 videlicet
848 803 896 815 anno
910 800 931 815 ut
944 803 1058 815 numeramus
1070 796 1126 816 1624.
1140 803 1200 815 mense
1214 797 1249 814 Fe-

755 822 837 844 brusi-io,
851 822 920 840 fuerant
928 822 963 840 diri
971 828 1074 845 congressus
1081 822 1162 840 omnium
1169 823 1249 845 planeta-

755 854 795 865 rum
805 848 824 865 in
832 847 918 866 Piscibus.
947 847 993 866 Cum
1003 848 1058 871 igitur
1064 848 1131 872 ubique
1137 848 1212 866 flumina
1220 848 1248 865 in-

755 876 871 891 tumescerent
887 876 905 891 et
920 873 940 890 in
953 879 1004 896 agros
1020 873 1163 894 effunderentur,
1183 876 1248 896 segetes

754 898 873 921 strangulatae
880 901 927 916 sunt.
951 898 1026 921 Semper
1032 902 1091 916 nutem
1098 898 1120 916 ad
1129 904 1181 916 usum
1188 898 1249 921 publi-

754 929 794 941 cum
802 923 879 941 habebat
888 923 973 941 instructa
984 923 1064 946 granaria
1072 923 1178 941 Fridericus.
1204 923 1248 941 lude

754 955 793 966 cnm
800 949 908 966 frumentum
917 949 982 971 populo
991 949 1068 970 deesset,
1079 952 1146 966 certum
1154 954 1248 966 numerum

753 974 885 991 medimnorum
893 973 953 996 precio
960 973 1045 991 mediocri
1054 973 1107 991 vendi
1114 973 1171 992 iussit.
1194 973 1247 996 Agri-

753 998 797 1016 colis
809 1004 851 1016 vero
861 998 970 1015 frumentum
981 999 1003 1015 ad
1013 998 1090 1016 familias
1100 999 1181 1020 alendas,
1198 1003 1214 1017 ct
1224 1000 1247 1016 ad

753 1024 858 1045 serendum,
873 1023 912 1041 dari
928 1026 991 1041 mutuo
1005 1024 1056 1042 iussit
1068 1029 1088 1042 ea
1098 1024 1209 1045 conditione.
1227 1029 1247 1042 ut

753 1052 793 1072 post
808 1049 880 1066 alteram
897 1054 969 1066 messem
984 1049 1079 1067 redderent
1092 1050 1195 1067 tantundem
1209 1050 1247 1067 fro-

752 1073 813 1092 menti.
848 1073 867 1091 ld
881 1073 900 1091 in
915 1076 1028 1095 testamento,
1045 1080 1085 1092 cum
1099 1078 1156 1092 essent
1168 1075 1202 1092 tria
1216 1078 1246 1093 aut

752 1102 829 1122 quatuor
849 1098 905 1116 millia
926 1099 1066 1120 mcdirnnorum,
1090 1100 1112 1117 iis
1133 1100 1177 1123 qui.
1184 1103 1247 1118 mutuo

752 1127 872 1147 sumpserant,
886 1124 968 1145 donavit,
985 1128 1002 1142 et
1013 1125 1067 1147 repeti
1079 1125 1140 1144 vetnit.

803 1149 878 1167 Talibus
890 1149 979 1167 benefieiis
991 1153 1008 1168 et
1018 1153 1068 1167 antea
1081 1154 1172 1173 paternam
1183 1153 1200 1168 et
1208 1157 1246 1168 nnn

752 1175 827 1192 fucatam
837 1174 977 1192 benevolentiam
988 1180 1028 1198 erga
1040 1181 1081 1193 suos
1092 1176 1154 1194 crebro
1167 1175 1246 1193 declara-

752 1203 811 1221 verat,
824 1200 843 1217 in
854 1200 919 1224 quibus
929 1200 1003 1218 utilitati
1012 1201 1073 1223 populi
1085 1201 1195 1222 consulebat,
1208 1207 1246 1218 non

751 1225 844 1243 ambitiose
852 1225 956 1243 offundebat
961 1224 1053 1243 hominum
1062 1227 1118 1244 oculis
1126 1227 1196 1244 inanem
1204 1232 1246 1249 spe-

751 1251 796 1268 ciem
809 1251 958 1273 magnificentiae,
979 1254 998 1268 ut
1014 1251 1033 1268 lit
1051 1251 1070 1269 in
1083 1251 1194 1275 spectaculis,
1205 1255 1246 1269 *snt

751 1276 859 1299 sumptuosis
869 1275 962 1293 conviviis.

802 1301 853 1318 Hanc
859 1301 930 1318 brevem
941 1300 1032 1319 historiam
1041 1301 1127 1319 Friderici
1138 1308 1159 1319 eo
1168 1303 1247 1324 recitavi,

750 1326 792 1350 quia
804 1327 874 1349 prodest
885 1330 903 1345 et
914 1326 993 1349 exempla
1005 1326 1093 1344 bonorum
1105 1327 1216 1350 principum,
1227 1332 1245 1346 et

750 1352 823 1370 consilia
842 1358 902 1369 rerum
922 1352 1039 1369 maximarum
1058 1352 1118 1370 multis
1138 1357 1181 1371 nota
1202 1359 1245 1371 esse.

750 1377 841 1399 Quaedam
849 1377 902 1395 etiam
913 1377 1026 1399 gratitudinis
1033 1377 1137 1400 significatio
1148 1382 1184 1399 est,
1196 1378 1245 1395 dele-

749 1403 793 1421 ctari
808 1403 852 1420 bene
863 1402 968 1420 meriturum
984 1403 1115 1424 recordatione,
1131 1404 1153 1420 de
1168 1409 1245 1426 quorum

748 1428 844 1451 sapientia,
867 1428 997 1449 moderatione,
1018 1428 1097 1446 bonitate
1117 1432 1134 1446 et
1153 1428 1245 1447 voluntate

748 1459 788 1476 erga
804 1453 888 1477 patriam,
907 1456 927 1471 ut
944 1453 1013 1476 saepius
1026 1453 1132 1476 cogitemus,
1151 1459 1245 1472 niuvemnr
