1481 1679
243 153 281 173 077

295 197 343 215 Milli
353 197 428 217 credite,
441 202 482 214 curn
493 200 541 215 mota
553 200 578 215 est
590 197 709 214 controversia
717 197 739 214 de

243 223 280 241 lilio
292 222 336 243 Dei,
353 223 479 240 difficillimum
494 223 528 240 fuit
540 223 615 240 retinere
627 228 686 240 veram
699 228 738 240 sen-

243 248 325 269 tentiam,
340 249 388 272 quod
404 249 426 266 sit
441 251 504 266 natura
516 248 571 266 Deus:
588 254 625 265 nou
637 247 706 271 κτίσμα
717 254 738 266 ex

241 272 299 291 nihilo
315 274 413 292 conditum.
446 273 483 291 Nec
497 274 531 292 suit
544 279 571 291 res
583 272 656 291 humani
670 273 738 295 iudicii,

241 303 271 317 aut
280 300 302 317 de
311 305 345 323 qua
354 299 421 322 ingenii
429 299 466 316 acie
474 302 588 317 statuentur:
601 300 631 317 sed
641 294 689 317 Dens
695 299 738 322 ipse,

240 331 263 342 ne
278 325 342 342 veritas
358 325 427 347 penitus
440 325 486 342 iuter
497 324 579 342 homiues
590 325 688 346 deleretur,
704 324 736 342 ali-

240 356 317 373 quorum
325 354 395 371 ,mentes
406 350 426 367 in
438 356 478 368 vera
490 350 576 368 sententia
588 350 671 371 retinuit,
683 356 736 374 quem

239 375 318 393 Ecclesia
334 376 432 398 profitetur.
468 375 528 399 ltaque
544 379 683 399 propugnatores
699 376 736 393 eius

239 401 347 422 sententiae,
360 401 391 425 qui
404 401 492 424 specimen
504 402 523 418 in
534 405 582 419 [ants
591 407 642 419 causa
652 402 736 424 praebue-

240 430 293 447 runt,
305 427 354 444 uude
365 430 438 450 apparet
448 433 478 444 eos
488 427 550 444 divino
557 427 623 445 adflatu
630 427 736 449 gubernatos

239 457 413 478 esseLuequaquam
422 453 561 470 contemnendos
569 458 606 470 esse
613 453 664 471 duco.

272 497 277 503 -
290 486 350 509 Quare
365 486 465 509 cognoscite
480 486 599 504 adolescentes
613 490 652 504 tum
666 485 735 507 Basilii,

238 515 276 529 tum
287 512 363 529 aliorum
377 512 447 535 piorum
459 512 565 535 scriptorum
578 511 669 530 historias:
686 515 703 529 et
716 515 736 529 ut

238 537 256 554 in
266 537 407 560 peregrinatione
415 544 452 555 non
460 538 517 555 solum
525 537 603 555 aedificia
611 541 627 555 et
635 543 692 558 arces,
705 537 734 554 sed

237 563 289 580 etiam
299 569 356 581 mores
363 566 379 580 et
387 569 448 581 sensus
455 562 549 581 huminum
556 563 681 580 considerandi
689 566 735 583 sunt,

237 591 257 605 nt
265 589 286 605 de
294 588 356 612 Ulysse
364 588 453 606 Homerus
460 589 525 611 inquit,
537 588 567 611 qui
576 594 633 605 mores
641 586 734 605 hominum

237 614 335 631 multorum
347 614 395 631 videt
406 617 423 632 et
433 614 495 631 urbes:
509 614 532 631 ita
544 614 563 630 in
575 612 603 630 his
610 612 689 631 historiis
697 619 734 630 non

236 642 305 656 tantum
321 639 398 662 privatas
411 639 485 657 virtutes
498 639 585 656 clarorum
598 639 687 660 virorum,
703 639 733 656 sed

236 665 328 682 doctrinae
335 671 399 687 genera
407 664 559 688 contemplamini.

287 693 322 712 Sed
329 695 348 712 in
357 693 403 712 hanc
411 694 489 717 ingresso
497 693 596 715 historiam,
610 700 649 712 tum
658 694 732 716 patriam

235 723 252 736 et
265 720 375 737 domicilium
384 720 447 737 Basilii
460 724 518 738 mente
529 720 609 741 intueor,
622 720 672 743 quasi
681 726 732 742 pera-

234 750 287 767 grans
303 745 340 763 luca
355 745 385 763 illa
397 745 458 766 Asiae.
480 745 562 768 cogitatio
577 745 664 763 vastitatis
679 752 732 769 quam

234 769 290 788 Turni
306 771 324 788 in
340 771 371 788 illa
385 771 510 789 florentissima
522 775 540 789 et
551 769 670 793 pulcherrima
682 775 733 794 parte

234 796 282 813 orbis
293 799 379 814 terrarum
390 797 479 817 fecerunt,
492 797 581 819 ingentem
591 796 671 814 dolorem
684 800 732 814 attu-

233 821 259 839 lit.
300 821 381 839 Fuerunt
401 822 455 839 vicini
470 821 554 844 Episcopi
572 821 633 839 eodem
654 825 732 845 tempore

233 851 268 865 tres
280 847 352 867 fratres,
366 846 442 864 Basilius
452 846 557 868 Caesareae,
569 846 632 864 Petrus
642 847 731 867 Sebastae,

234 872 332 894 Gregorius
339 872 410 896 Nyssae.
437 871 461 890 Et
473 871 501 889 his
512 872 563 890 amici
575 876 627 895 atque
635 872 732 890 familiares

232 897 355 915 Nazianzenus
373 901 422 920 pater
435 901 452 915 et
467 898 519 915 tilius.
553 897 578 915 Et
592 901 633 915 ante
649 896 681 915 hos
696 898 731 916 fuit

233 922 332 945 Gregorius
346 922 507 944 Neocaesariensis,
524 923 582 941 clarus
598 923 698 941 eruditione
714 927 730 941 et

232 948 329 966 miraculis.
355 948 424 966 Horum
434 949 536 971 vigilantia,
549 954 589 966 cum
601 952 618 966 et
626 949 692 967 virtute
701 955 730 967 ex-

232 974 325 995 cellerent,
342 977 359 992 et
373 974 494 997 incorruptam
509 974 612 992 doctrinam
628 975 731 996 retinerent,

231 1005 295 1022 magna
312 1005 352 1022 pars
365 998 418 1017 Asiae
432 999 517 1017 adversm
528 999 640 1017 Samosateni
652 1003 669 1017 et
681 999 729 1017 Arrii

232 1025 301 1043 furores
311 1025 383 1042 defensa
395 1028 426 1043 est.
451 1024 489 1042 Nec
499 1030 540 1042 vero
552 1025 609 1042 ullum
622 1031 643 1042 eo
652 1028 730 1047 ternpore

231 1051 351 1074 spectaculum
370 1053 408 1067 toto
423 1050 466 1067 orbe
479 1053 566 1068 terrarum
581 1048 673 1073 pulchrius
687 1050 730 1072 fuit,

231 1082 284 1099 quam
297 1076 358 1093 videre
369 1076 421 1093 illum
431 1074 505 1093 chorum
514 1075 593 1093 virorum
602 1076 729 1098 praestantium

231 1102 331 1119 eruditione
343 1105 360 1119 et
372 1101 411 1119 luce
423 1101 495 1122 diviua,
508 1105 524 1119 et
534 1101 606 1124 quidem
615 1106 678 1124 magna
686 1107 729 1119 eon-

231 1127 291 1144 cordia
300 1130 388 1149 regentem
396 1126 491 1144 Enete-ias.
584 1146 590 1152 .

283 1156 335 1174 Nunc
346 1163 387 1174 veru
399 1156 439 1180 quis
447 1162 484 1174 non
492 1156 562 1177 doleat,
574 1162 614 1174 cum
622 1156 728 1174 florentissi-

231 1187 268 1198 mas
277 1181 316 1199 illas
325 1181 412 1199 Ecclesias
421 1186 437 1200 et
447 1182 517 1205 politias
526 1182 545 1199 in
550 1181 650 1200 Turcarum
660 1182 728 1200 stabula

231 1210 249 1224 et
260 1207 335 1230 mapalia
347 1213 406 1225 versas
416 1213 453 1225 esse
462 1208 554 1228 audimus,
567 1208 620 1230 plena
627 1207 728 1230 impietatis,

231 1232 325 1255 spurcitiae
339 1236 356 1250 et
371 1233 488 1251 crudelitatis:
505 1239 539 1257 qua
555 1234 576 1251 de
593 1239 612 1250 re
627 1233 728 1255 cogitantes,

231 1264 267 1275 non
278 1258 336 1276 solum
345 1258 397 1275 Asiae
409 1258 507 1276 calamitate
520 1259 619 1279 doleamus.
632 1259 662 1276 sed
674 1259 727 1276 etiam

230 1287 292 1301 nostro
302 1283 380 1307 periculo
390 1289 498 1306 moveamuf.
525 1284 544 1302 si
553 1290 612 1302 arcere
617 1283 686 1302 Tui-eas
695 1291 727 1302 vo-

231 1310 299 1331 lumus,
313 1313 330 1327 et
341 1309 439 1327 vastitatem
452 1308 529 1327 Asianae
540 1310 614 1327 similem
626 1310 727 1331 metuimus,

229 1341 292 1352 causae
303 1335 393 1353 tollendae
403 1338 453 1356 sunt,
466 1335 552 1352 flectenda
565 1339 590 1353 est
601 1335 627 1353 ira
636 1335 669 1353 nei
681 1336 727 1353 veris

229 1361 292 1378 officiis
301 1360 380 1384 pietatis,
393 1366 427 1384 qua
437 1361 459 1378 de
468 1366 487 1378 re
496 1360 539 1378 alias
546 1361 676 1383 saepedicitur,

280 1394 318 1418 Ego
334 1395 389 1418 igitur
400 1401 423 1412 ne
433 1395 495 1413 dolore
507 1395 577 1417 longius
588 1394 686 1419 provehar,
704 1396 726 1413 ad

228 1421 315 1439 Basilium
323 1422 375 1439 redeo
381 1435 386 1442 ,
399 1421 421 1438 de
429 1427 464 1444 quo
473 1421 531 1439 dicam
538 1419 622 1438 historica
628 1421 675 1444 lege,
689 1427 725 1439 non

228 1451 248 1465 ut
255 1446 377 1465 Nazianzenus
389 1447 512 1468 declamitans,
526 1452 546 1464 ac
558 1446 612 1464 nimis
620 1447 676 1465 multa
685 1453 726 1470 par-

495 173 498 177 ·
530 152 612 172 DECL.
632 152 670 171 DE
686 152 809 172 BASILlO
827 152 982 173 Eluscol’o.

1231 155 1269 175 0⁷8

766 202 806 220 erga
815 197 895 218 miscens,
908 201 928 215 ut
934 197 949 214 ai
957 197 997 220 quis
1006 197 1027 214 ad
1036 196 1129 220 pulchram
1138 201 1214 216 statuam
1222 205 1266 222 pur-

766 228 830 245 pureos
843 226 859 240 et
868 222 933 240 sericos
941 228 1011 245 pannos
1018 224 1120 245 suspendat.
1145 223 1184 247 Ego
1193 225 1265 243 brevius

752 255 753 267 η
766 249 842 266 narrabo
850 247 912 266 Basilii
924 254 990 271 genus,
1003 254 1030 266 res
1041 252 1096 270 gestas
1104 252 1121 266 et
1127 249 1200 267 exitum.
1227 250 1264 268 Na-

766 277 794 291 tus
805 278 830 291 est
842 273 920 291 Basilius
931 277 981 297 patre
992 273 1106 295 Christiano,
1116 274 1147 297 qui
1158 275 1218 293 literas
1230 277 1263 294 do-

765 299 810 321 cuit,
823 303 839 317 et
850 306 890 317 cum
900 299 976 317 aliorum
984 298 1078 317 hominum
1085 299 1160 321 liberos,
1173 304 1211 318 tum
1220 307 1262 320 vero

765 325 858 348 praecipue
868 331 909 342 suos
917 325 970 343 simul
980 325 999 342 in
1007 325 1062 342 literis
1069 329 1086 343 et
1095 325 1117 343 iis
1125 326 1202 347 artibus,
1216 333 1262 350 quae

765 354 846 368 naturam
862 357 920 368 rerum
937 354 955 368 et
970 351 1042 368 dicendi
1059 351 1146 368 rationem
1164 352 1261 374 continent,

764 376 850 397 exercuit,
866 379 883 393 et
896 377 918 393 ad
930 375 997 394 Christi
1012 376 1120 399 agnitionem
1133 380 1150 394 et
1162 377 1261 395 invocatio-

764 408 804 419 nem
819 401 924 423 adsuefecit,
940 408 1060 425 magnumque
1073 402 1151 420 fructum
1166 401 1219 421 huius
1233 404 1260 421 sui

763 424 829 445 laboris
838 427 895 450 cepit,
908 427 941 444 suit
949 427 996 445 enim
1005 430 1055 450 pater
1062 427 1116 445 trium
1124 427 1260 451 Episcoporum,

763 456 783 471 ut
790 456 831 470 aute
838 452 880 474 dixi,
892 452 961 473 Basilii,
974 452 1022 470 Petri
1030 456 1047 470 et
1053 452 1146 475 Gregorii,
1159 454 1189 477 qui
1197 460 1259 472 omnes

763 482 779 496 et
791 478 892 496 eruditione
905 481 922 496 et
933 478 997 501 pietate
1008 478 1138 500 excelluerunt,
1153 482 1171 497 tt
1183 479 1229 497 inter
1240 486 1259 498 se

762 505 858 521 concordes
865 504 956 522 doctrinae
963 503 1057 527 puritatem
1063 506 1080 521 et
1084 503 1203 522 Ecclesiarum
1209 509 1260 523 tran-

762 529 868 552 quillitatem
875 530 894 546 in
903 530 948 547 bona
954 528 1007 547 Asiae
1013 533 1063 552 parte
1070 530 1189 547 retinueruntZ
1213 530 1259 549 Pro-

762 554 859 577 pret-,hane
873 555 986 572 foelicitatem
1003 558 1084 577 parentes
1099 561 1135 572 non
1151 556 1204 573 modo
1216 559 1259 574 tune

761 580 870 602 gaudebant,
883 581 912 597 sed
924 580 976 597 etiam
989 580 1008 597 in
1020 580 1056 598 vitu
1065 584 1136 598 aeterna
1144 581 1180 598 iam
1190 581 1258 604 ingenti

761 605 829 623 laeticia
842 606 955 624 adficiuntur.
985 605 1060 629 Deoqne
1075 611 1108 628 pro
1122 610 1171 624 tanto
1184 613 1258 625 munere

760 631 824 653 gratias
835 635 895 654 agunt.
921 630 971 648 Nihil
983 631 1030 649 enim
1043 631 1151 654 optabilius,
1163 631 1210 650 nihil
1217 633 1259 651 dul-

759 657 797 674 cius
808 660 834 674 est
845 657 892 674 sanis
901 657 1013 679 parentibus,
1026 657 1129 680 praesertim
1139 658 1257 680 dirigentibus

759 683 813 700 vitam
829 683 851 700 ad
863 681 990 705 Evangeliom,
1006 688 1059 705 quam
1072 681 1137 700 habere
1151 683 1194 701 tales
1205 684 1258 705 filios,

759 713 835 731 quorum
858 708 915 725 virtus
935 707 1024 727 Ecclesiae
1041 706 1075 725 Dei
1096 712 1114 726 et
1133 709 1220 731 probetur
1240 712 1257 727 et

759 733 819 756 prosit.

808 758 854 777 Cum
867 761 925 776 autern
933 758 1010 776 Basilius
1022 764 1066 782 puer
1074 758 1093 776 in
1100 759 1195 777 domestica
1204 760 1256 778 insti-

758 784 826 802 tutione
838 784 924 801 elementa
938 784 1028 802 literarum
1039 788 1056 802 et
1064 783 1157 807 Evangelii
1167 786 1256 808 percepis-

757 813 793 831 set,
808 809 903 828 Caesareae
913 813 973 832 postea
982 810 1029 832 opud
1041 810 1153 833 eloquentiae
1164 814 1181 828 et
1192 809 1256 831 Philo<

757 834 830 858 sophiae
845 836 926 853 doctores
940 838 1038 853 exercetur:
1056 836 1087 859 qui
1102 836 1151 854 lotus
1163 836 1255 854 doctrinae

757 867 787 878 arx
801 865 818 879 et
832 861 913 878 omnium
926 861 1013 878 bonarum
1026 861 1091 878 artium
1100 862 1221 883 domicilium,
1238 865 1255 880 et

757 890 776 904 ut
788 887 811 904 ita
822 886 890 906 dicam,
901 885 996 904 Academia
1004 887 1097 910 praecipua
1105 890 1121 904 et
1129 887 1254 906 florentissima

756 918 777 929 eo
789 916 868 935 ternpore
880 912 933 929 fuisse
944 912 1006 929 fertur.
1038 911 1081 929 lude
1093 911 1172 930 Athenas
1185 913 1254 934 missus,

757 938 787 955 ubi
799 941 841 955 tune
851 937 921 955 minora
932 937 1024 960 aliquanto
1032 937 1090 955 studia
1100 942 1158 959 erant,
1172 945 1224 961 quam
1234 939 1253 956 in

756 963 844 986 plerisque
855 962 908 980 Asiae
918 963 1002 985 urbibus,
1019 963 1049 980 sed
1061 962 1110 980 loeus
1122 967 1195 987 propter
1206 967 1253 981 vete-

756 995 792 1006 rem
809 988 927 1005 celebritatem
942 986 1001 1005 adhuc
1014 988 1135 1011 appetebatur.
1167 988 1196 1006 Eo
1212 995 1252 1007 curn

756 1014 814 1033 venit,
828 1019 864 1030 non
877 1013 911 1030 iam
923 1013 994 1031 auditor
1004 1017 1073 1031 tantum
1082 1017 1120 1031 erat
1128 1012 1226 1032 oratorum
1235 1018 1253 1033 et

755 1037 917 1062 Philosophorum,
930 1039 960 1056 sed
972 1039 1029 1061 ipsum
1040 1045 1080 1056 cum
1091 1039 1165 1056 studiosi
1173 1040 1252 1057 audivis-

755 1068 802 1085 sent,
821 1064 939 1081 admiratione
957 1064 1024 1086 ingenii
1042 1064 1159 1085 cruditionis,
1180 1068 1197 1082 et
1214 1065 1252 1083 elo-

755 1089 837 1113 quentiae
848 1089 900 1108 moti,
918 1089 939 1106 ad
950 1089 1050 1106 docendum
1062 1089 1169 1107 invitarunt:
1186 1091 1252 1114 quibus

755 1114 858 1138 aliquandiu
872 1114 989 1137 gratificatus,
1006 1114 1100 1132 Graeciam
1113 1115 1163 1132 brevi
1174 1116 1252 1140 reliquit,

754 1141 802 1164 quod
815 1146 876 1163 parum
889 1140 914 1158 ibi
926 1140 1032 1158 eruditionis
1046 1140 1148 1163 reperisset,
1161 1147 1180 1159 ae
1191 1140 1251 1159 ethui-

754 1172 783 1184 σεε
791 1165 885 1189 spurcitiae
891 1165 996 1188 plurimum.
1021 1165 1045 1183 Et
1052 1166 1094 1189 quia
1101 1172 1141 1184 curn
1148 1170 1203 1184 aetate
1208 1173 1251 1185 curo

754 1192 772 1209 in
785 1198 805 1209 eo
816 1191 947 1214 cognoscendae
956 1195 973 1209 tt
981 1192 1058 1209 tuendae
1066 1192 1157 1209 doetrinae
1164 1191 1251 1210 Christia-

753 1223 786 1234 nae
797 1217 895 1237 crescebat,
908 1220 969 1235 narrat
980 1217 1016 1240 ipse
1029 1216 1064 1235 hoe
1074 1223 1092 1235 se
1105 1217 1180 1235 consilio
1190 1219 1250 1241 vagari

754 1249 784 1265 per
795 1241 891 1260 Thraciam
903 1246 920 1260 et
931 1246 985 1260 totam
997 1242 1057 1260 Asiam
1071 1243 1145 1266 cepisse,
1159 1247 1179 1261 ut
1188 1242 1250 1261 Eccle-

752 1269 786 1286 sias
798 1268 900 1291 praecipuas
910 1267 986 1288 videret,
1000 1272 1016 1285 et
1028 1268 1047 1285 in
1058 1266 1086 1285 his
1098 1268 1167 1286 audiret
1175 1275 1212 1286 uon
1221 1275 1250 1287 so-

752 1295 789 1311 lum
801 1293 843 1316 quid
856 1294 949 1314 docerent,
961 1294 990 1311 sed
1004 1294 1057 1311 etiam
1069 1299 1079 1310 a
1089 1294 1155 1317 quibus
1162 1295 1250 1312 auditori-

753 1320 785 1336 bus
796 1323 813 1336 et
823 1319 897 1336 testibus
906 1319 1004 1336 doctrinam
1012 1319 1125 1341 accepissent.
1151 1319 1192 1337 Fuit
1201 1321 1249 1338 enim

752 1345 843 1368 aliquanto
858 1348 899 1362 ante
914 1347 976 1362 natum
991 1344 1078 1362 Basilium
1092 1344 1190 1367 Gregorius
1202 1345 1250 1363 Neo-

752 1370 865 1388 caesariensis
875 1370 924 1388 testis
934 1370 1031 1387 sententiae
1042 1369 1176 1393 Apostolorum.
1203 1371 1247 1388 Nam

751 1395 847 1418 discipulos
859 1401 920 1413 eorum
932 1395 1021 1416 audierat,
1035 1399 1052 1413 et
1060 1395 1193 1414 existimabatur
1202 1397 1250 1420 opti-

751 1428 778 1439 ma
789 1421 824 1439 tide
835 1421 929 1444 puritatem
941 1421 1032 1439 doctrinae
1040 1421 1142 1443 retinuisse,
1156 1422 1207 1445 eique
1216 1428 1249 1439 au-

751 1447 841 1466 toritatem
848 1446 897 1464 Deus
908 1447 1013 1465 attribuerat
1025 1447 1122 1465 miraculis.
1148 1446 1182 1464 Hic
1193 1450 1211 1465 et
1219 1454 1249 1465 re-

905 1471 948 1490 4³·
