4732 6030
159 176 164 182 '
185 168 258 240 6⁸1

193 340 263 410 tiae
277 358 357 407 suas
379 332 570 404 sententias
584 327 836 399 accommodat.
886 324 936 398 Ut
952 322 1104 397 Athenis
1123 327 1191 396 do·

196 464 262 511 nec
277 439 390 511 Solon
405 434 555 528 praefuit
574 430 718 513 civitati,
742 428 856 497 valuit
871 428 989 518 legum
1003 429 1185 499 autoritas.

198 541 338 615 Romae
353 541 471 628 legum
494 532 690 603 reverentia
707 531 856 614 mansit,
882 532 994 600 donec
1009 531 1190 621 Augustus

201 645 309 729 vixit,
341 644 398 711 sed
424 651 575 726 utroque
595 634 674 701 loco
697 634 798 702 brevi
822 647 903 724 post
925 634 1085 724 oppressi
1109 646 1192 703 sunt

203 748 298 816 cives
312 739 520 837 tyrannide,
545 749 579 804 et
591 736 685 824 leges
708 736 976 816 conticuerunt,
1002 749 1043 805 ut
1060 733 1191 806 Solone

202 848 285 916 vivo
311 842 516 912 Pisistratus
540 838 660 929 rapuit
687 837 987 922 dominationem,
1020 850 1100 927 post
1115 837 1193 906 Au-

203 960 342 1038 gustum
383 966 466 1010 mox
506 938 649 1032 tyranni
693 940 829 1031 aliquot
862 963 968 1032 quam
1003 939 1194 1008 crudeliter

204 1045 349 1140 grassati
374 1056 457 1113 sunt
484 1041 525 1108 in
551 1038 727 1130 Rempuh.
784 1036 880 1110 Haec
910 1040 1067 1132 exempla
1093 1063 1194 1132 saepe

203 1161 349 1219 movent
373 1146 478 1215 etiam
507 1165 654 1232 magnos
682 1136 862 1225 homines,
894 1155 935 1212 ut
957 1157 1018 1212 aut
1044 1142 1195 1224 nullum,

204 1265 267 1322 aut
281 1250 444 1338 exiguum
457 1266 561 1314 usum
575 1266 648 1312 esse
663 1258 804 1313 nostrae
819 1243 1000 1313 doctrinae
1018 1244 1195 1312 arbitren-

205 1369 282 1438 tur,
311 1348 531 1444 quiquidem
547 1345 681 1415 dictum
697 1344 786 1430 illud
800 1342 983 1415 Ciceronis
997 1345 1035 1412 in
1051 1367 1112 1414 ore
1128 1339 1195 1413 ha-

205 1456 306 1525 bent:
343 1448 440 1520 Inter
456 1471 553 1519 arma
575 1447 682 1516 silent
703 1446 805 1536 leges.
833 1486 836 1509 ι
857 1445 996 1517 Marius
1018 1447 1126 1531 dixit,
1160 1469 1195 1516 se

204 1558 323 1646 legum
338 1576 460 1621 vocem
483 1551 577 1618 inter
598 1547 740 1617 classica
759 1561 793 1616 et
808 1550 975 1618 tubarum
993 1572 1099 1618 sonos
1122 1571 1196 1616 non

205 1655 394 1729 audivisse.
426 1648 474 1721 Et
487 1649 730 1719 Nazianzenus
747 1651 790 1719 de
806 1646 944 1718 loliano
961 1649 1096 1743 inquit:
1123 1648 1198 1718 Vo-

206 1763 381 1831 luntatem
398 1751 569 1845 principis
586 1775 659 1822 esse
675 1752 728 1820 ius
744 1776 818 1820 non
833 1751 1014 1843 scriptum.
1065 1749 1115 1822 Ut
1129 1750 1197 1840 igi·

207 1875 268 1932 tur
288 1860 363 1950 ipse
388 1879 506 1924 meum
529 1854 708 1937 animum,
734 1866 768 1922 et
788 1853 818 1922 si
838 1877 926 1945 quos
939 1853 1086 1933 sortasse
1109 1853 1198 1921 alios

208 1961 432 2040 confirmem,
455 1955 604 2023 refutare
625 1956 723 2022 illam
740 1955 1036 2046 vituperationem
1058 1970 1198 2025 nostrae

109 2058 116 2063 ⁸
208 2062 390 2133 doctrinae
405 2055 554 2134 institui,
580 2068 613 2124 et
628 2057 810 2125 ostendam
828 2069 863 2125 et
876 2080 961 2135 esse,
989 2070 1022 2126 et
1037 2058 1197 2125 futurum

209 2184 402 2235 assensum
418 2154 524 2226 huius
541 2156 644 2239 artis,
667 2158 805 2227 etiamsi
824 2180 969 2247 magnae
984 2159 1138 2241 fuerunt,
1166 2170 1199 2227 et

208 2287 305 2334 nunc
321 2274 421 2345 sunt,
447 2272 480 2329 et
496 2259 703 2349 impendent
718 2259 807 2327 aliae
826 2283 943 2327 rerum
962 2253 1199 2328 humanarum

207 2364 439 2444 mutationes,
464 2383 528 2428 nec
550 2361 655 2428 nobis
677 2361 834 2430 studium
860 2361 1098 2430 abiiciendum
1116 2384 1199 2438 esse,

209 2468 326 2537 sedeo
343 2462 453 2552 magis
470 2462 678 2541 colendum,
711 2475 752 2531 ut
767 2475 1003 2535 conservetur.
1055 2461 1108 2531 Ac
1124 2463 1200 2553 pri-

207 2592 305 2637 mum
322 2564 576 2636 constituamus
591 2586 663 2631 esse
674 2577 784 2633 artem
796 2564 991 2654 politicam:
1018 2565 1199 2632 nonenim

206 2672 337 2739 frustra
353 2665 451 2735 Deus
468 2663 599 2734 indidit
613 2659 778 2733 humanis
795 2665 974 2733 mentibus
987 2666 1079 2753 leges
1094 2679 1199 2736 natu-

208 2793 279 2842 rae.
332 2764 470 2835 Harum
487 2765 753 2854 explicationem
771 2766 884 2835 voluit
901 2779 1017 2836 extare
1031 2768 1069 2835 in
1087 2766 1200 2837 literis

208 2885 242 2942 et
256 2868 499 2940 monumentis
514 2867 733 2956 sapientum,
760 2861 852 2936 hanc
868 2869 982 2938 voluit
997 2892 1070 2938 esse
1088 2869 1201 2958 impe-

206 2973 345 3042 riorum
361 2985 396 3042 et
413 2969 628 3039 iudiciorum
646 2968 814 3058 regulam,
839 2995 930 3063 quae
945 2994 1019 3039 non
1037 2984 1199 3063 propter-

209 3097 248 3143 ea
272 3070 365 3141 nihil
388 3086 459 3155 est,
491 3072 628 3140 etiamsi
644 3072 774 3141 multae
788 3071 875 3140 aliae
894 3096 949 3140 res
971 3072 1201 3162 gubernatio-

209 3196 292 3242 nem
314 3172 563 3240 interturbant.
603 3171 651 3242 Ut
666 3196 721 3241 ars
738 3173 873 3242 medica
892 3198 973 3242 vera
1000 3188 1052 3245 est
1067 3173 1201 3243 divini-

208 3290 268 3346 tus
290 3272 437 3354 tradita,
468 3283 503 3339 et
531 3270 692 3338 salutaris
715 3268 872 3341 humano
895 3276 1033 3362 generi,
1066 3275 1201 3345 etiamsi

210 3397 359 3466 corpora
381 3367 538 3440 humana
559 3394 634 3439 non
657 3385 796 3440 tantum
819 3374 974 3443 medicae
993 3376 1078 3445 artis
1101 3399 1202 3465 prae-

210 3477 319 3570 ceptis
334 3487 516 3562 reguntur,
535 3474 596 3541 sed
612 3496 712 3564 saepe
730 3473 888 3558 occultis,
907 3488 968 3545 aut
981 3477 1106 3545 subitis
1121 3462 1203 3546 cau-

210 3581 258 3649 sis
271 3579 474 3654 laeduntur,
498 3599 587 3667 quae
601 3574 780 3665 provideri
795 3598 870 3643 non
884 3573 1051 3668 possunt:
1071 3578 1119 3647 ita
1136 3602 1203 3645 no-

210 3695 282 3752 stra
309 3704 365 3749 ars
385 3701 469 3747 vera
489 3691 561 3763 est,
589 3677 762 3745 divinitus
780 3691 973 3749 monstrata
995 3680 1115 3768 generi
1135 3675 1202 3748 hu-

210 3802 339 3865 mano,
373 3792 407 3849 et
433 3779 615 3863 salutaris,
650 3778 786 3848 etiamsi
820 3779 908 3849 aliae
934 3804 989 3849 res
1018 3784 1203 3866 accedunt,

210 3908 298 3978 quae
312 3879 406 3951 hanc
419 3880 627 3972 sapientiam
647 3904 748 3972 saepe
764 3881 975 3973 reprimunt.
1026 3882 1203 3952 Laceran-

210 4002 271 4059 tur
284 3985 432 4075 imperia
449 3985 629 4053 interdum
645 3982 812 4053 fatalibus
826 3986 971 4074 poenis,
994 3986 1050 4055 vel
1067 3986 1203 4054 diaboli

208 4089 329 4159 lurore
352 4101 384 4156 et
406 4099 641 4179 tyrannorum
658 4085 925 4174 cupiditatibus:
965 4090 1057 4158 cedit
1072 4088 1203 4158 talibus

211 4189 432 4280 temporibus
447 4186 616 4275 sapientia
631 4186 785 4275 politica.

315 4287 414 4376 Quid
430 4288 524 4354 enim
540 4287 610 4354 loci
623 4300 697 4356 erat
710 4288 817 4355 honis
831 4288 934 4373 viris,
961 4314 1040 4358 cum
1057 4290 1203 4379 triginta

212 4390 357 4486 tyranni
380 4399 543 4456 tenerent
561 4382 742 4456 Athenas?
776 4384 824 4457 Et
845 4389 926 4480 quia
945 4412 1046 4480 saepe
1063 4392 1203 4462 violen-

211 4494 261 4564 tia
280 4490 506 4570 dominatur,
532 4502 565 4557 et
583 4487 717 4555 multae
740 4490 893 4559 existunt
918 4492 1053 4561 subitae
1079 4506 1113 4563 et
1135 4494 1204 4562 im-

213 4593 375 4688 provisae
391 4588 614 4674 mutationes,
639 4585 807 4680 Epicurei
821 4604 948 4682 putant
962 4617 1017 4662 res
1031 4589 1203 4676 humanas

214 4720 296 4766 casu
329 4695 431 4779 ferri,
464 4706 499 4763 et
531 4706 669 4763 tantum
696 4718 872 4786 quemque
904 4697 1064 4767 obtinere
1091 4721 1204 4788 posse,

213 4811 386 4891 quantum
403 4795 495 4865 valet
516 4796 685 4886 potentia.
739 4795 808 4866 Sed
828 4821 912 4882 nos,
941 4802 1001 4892 qui
1025 4800 1063 4868 in
1079 4795 1203 4870 Eccle-

213 4900 265 4969 sia
281 4896 348 4969 Dei
364 4897 528 4983 instituti,
552 4913 646 4968 certo
662 4898 791 4968 scimus
805 4895 919 4969 Deum
937 4925 1010 4970 esse
1027 4903 1203 4992 inspecto·

212 5025 289 5072 rem
303 5014 337 5070 et
356 5001 508 5069 iudicem
524 4999 679 5070 universi
701 5001 837 5090 generis
861 4997 1027 5089 humani,
1052 5005 1202 5075 sciamus

211 5105 361 5195 imperia
378 5126 492 5195 neque
507 5103 612 5187 oriri,
638 5127 753 5196 neque
770 5103 915 5173 interire
929 5128 1021 5177 casu.
1062 5104 1203 5177 Deinde

212 5202 279 5277 hac
295 5230 361 5276 nos
380 5203 620 5274 consolatione
636 5205 788 5273 maxime
810 5219 1053 5277 sustentemus.
1104 5206 1152 5280 Et
1172 5211 1203 5279 si

211 5310 369 5381 concutit
392 5304 489 5378 Deus
511 5318 572 5377 aut
598 5305 722 5377 evertit
746 5307 909 5399 imperia,
935 5323 1053 5381 tamen
1076 5305 1201 5382 Eccle-

747 151 911 228 nncn.
957 151 1032 228 na
1065 102 1402 229 nieurrsru
1439 150 1664 232 trouu

2159 161 2237 238 682

1239 329 1326 398 siam
1347 350 1447 398 suam
1468 350 1543 396 non
1568 326 1653 395 sinit
1675 324 1839 397 funditus
1856 327 1989 414 deleri,
2014 343 2048 399 et
2066 325 2173 417 haec,
2196 349 2241 406 ut

1238 443 1396 516 maneat,
1430 431 1491 499 dat
1512 423 1684 521 hospitia,
1716 433 2122 519 conservatconnubia,
2152 459 2242 526 pro-

1239 532 1465 613 creationem,
1492 530 1750 615 edncationem,
1775 543 1987 618 contractus,
2014 534 2145 621 literas,
2172 540 2241 608 do-

1240 635 1390 704 ctrinam
1405 633 1449 702 de
1464 633 1562 703 coelo
1580 631 1764 703 traditam:
1792 653 1864 700 esse
1888 633 1998 722 igitur
2014 652 2134 708 coetus
2151 639 2242 730 legi-

1240 738 1307 806 bus
1324 736 1462 806 iunctos
1479 756 1618 804 necesse
1630 734 1707 803 erit.
1760 731 1882 821 Quare
1896 735 2034 807 etiamsi
2052 741 2165 810 multa
2180 743 2241 812 in-

1241 840 1365 908 cidunt
1387 851 1565 929 tempora,
1597 835 1728 928 quibus
1751 834 1896 924 politica
1918 840 2091 928 sapientia
2112 867 2241 934 parum

1242 936 1347 1010 habet
1368 939 1456 1023 loci,
1480 951 1521 1007 ut
1542 939 1580 1005 in
1597 936 1810 1015 saevissimis
1829 943 2093 1029 tempestatibus
2110 963 2241 1019 nautae

1243 1041 1347 1132 periti
1365 1041 1572 1123 vincuntur,
1604 1051 1724 1107 tamen
1740 1041 1853 1107 donec
1870 1040 1939 1110 erit
1953 1039 2132 1132 Ecclesia,
2157 1073 2238 1119 coe-

1243 1160 1299 1216 tos
1320 1148 1425 1212 erunt
1447 1140 1584 1230 legibus
1608 1139 1742 1224 iuncti,
1769 1134 1834 1209 hos
1856 1141 1886 1208 si
1904 1161 2068 1231 regerent
2091 1149 2238 1236 indocti,

1243 1247 1320 1315 sine
1342 1257 1436 1313 certo
1460 1242 1555 1327 iure,
1581 1241 1656 1310 sine
1680 1239 1793 1310 literis
1817 1255 1850 1311 et
1871 1244 2090 1334 emditione,
2118 1254 2237 1346 quales

1244 1348 1410 1418 tenebrae
1429 1359 1544 1414 essent
1560 1341 1677 1412 vitae?
1703 1338 1756 1410 Ac
1770 1345 1875 1414 re'deo
1892 1347 1936 1414 ad
1954 1354 2111 1440 exempla
2135 1377 2240 1447 supe·

1245 1451 1351 1521 riora.
1403 1446 1515 1518 Solon
1532 1446 1624 1534 leges
1641 1444 1791 1540 tradidit
1808 1441 1947 1515 Atticae
1964 1449 2118 1535 civitati,
2147 1480 2241 1549 quae

1245 1550 1382 1622 etiamsi
1404 1572 1478 1618 non
1499 1547 1719 1617 sustulerunt
1741 1547 1862 1614 omnia
1879 1549 1986 1634 vitia,
2010 1565 2130 1624 tamen
2151 1582 2240 1628 con·

1245 1647 1377 1725 tractus
1393 1665 1427 1722 et
1441 1649 1572 1721 iudicia
1591 1648 1742 1740 quadam
1760 1641 1981 1721 humanitate
1997 1673 2175 1739 rexerunt,
2204 1674 2240 1731 et

1246 1755 1445 1825 voluntates
1470 1750 1601 1819 civium
1622 1748 1895 1821 coniunxerunt.
1947 1749 2014 1821 His
2039 1755 2176 1846 legibus
2190 1765 2238 1830 ad

1245 1854 1410 1928 Romana
1427 1867 1583 1942 tempora
1606 1849 1710 1918 annis
1726 1850 1806 1940 plus
1821 1851 2022 1942 quingentis
2034 1859 2156 1929 civitas
2170 1884 2235 1931 usa

1247 1972 1309 2028 est.
1341 1953 1420 2026 Etsi
1434 1970 1550 2025 autem
1567 1952 1699 2020 interea
1716 1953 1803 2020 urbs
1817 1952 1912 2022 hello
1928 1953 2067 2028 Persico
2093 1961 2238 2031 incensa

1247 2071 1281 2128 et
1295 2059 1407 2128 deleta
1425 2068 1496 2141 est,
1521 2077 1600 2123 cum
1615 2052 1708 2122 cives
1726 2066 1841 2131 essent
1857 2056 1896 2122 in
1914 2058 2078 2147 navibus,
2101 2075 2137 2132 et
2149 2088 2241 2133 uxo-

1248 2184 1303 2229 res
1326 2175 1360 2231 et
1382 2159 1514 2227 liberos
1535 2155 1752 2224 abdidissent
1772 2155 1866 2224 inter
1882 2161 2049 2248 scopulos
2069 2166 2240 2249 marinos,

1248 2276 1366 2332 tamen
1389 2284 1462 2328 non
1486 2269 1669 2350 propterea
1685 2255 1830 2327 Solonis
1850 2258 1942 2346 leges
1958 2262 2105 2335 fuerunt
2127 2267 2241 2337 inuti-

1247 2365 1318 2448 les,
1344 2385 1434 2455 quae
1449 2375 1483 2429 et
1498 2372 1599 2428 antea
1613 2357 1652 2425 in
1668 2381 1753 2449 pace
1769 2362 2064 2452 tranquillitatem
2082 2368 2240 2435 retinue-

1248 2478 1347 2550 rant,
1369 2478 1405 2533 et
1421 2463 1603 2555 aliquanto
1626 2473 1724 2550 post,
1749 2484 1872 2530 rursus
1894 2463 2091 2536 instaurant
2114 2469 2239 2538 civita·

1248 2583 1330 2639 tem.
1382 2564 1454 2634 Nec
1469 2563 1558 2632 illud
1575 2561 1676 2630 urhis
1701 2561 1924 2648 incendium,
1949 2568 2013 2637 etsi
2030 2568 2164 2658 ligneas
2186 2585 2240 2640 aa.

1249 2669 1351 2738 bulas
1373 2663 1610 2754 consumpsit,
1649 2677 1834 2753 propterea
1859 2666 1950 2754 leges
1973 2671 2090 2739 delere
2113 2673 2241 2762 potuit,

1250 2794 1339 2861 quae
1355 2768 1480 2836 infixae
1496 2765 1624 2834 animis
1639 2765 1769 2835 civium
1784 2779 1861 2835 tum
1874 2771 2024 2837 maxime
2039 2773 2238 2845 valuerunt.

1249 2869 1326 2941 Hac
1349 2868 1536 2958 disciplina
1558 2866 1711 2935 instituti
1738 2867 1850 2948 cives,
1881 2886 2009 2941 norant
2035 2873 2239 2943 barbaricos

1251 2994 1366 3042 mores
1381 2994 1455 3040 non
1475 2991 1547 3038 esse
1573 2967 1832 3054 admittendos,
1854 2985 1982 3041 norant
1997 2973 2237 3053 dimicandum

1251 3097 1324 3144 esse
1353 3069 1552 3143 coniunctis
1572 3069 1708 3138 viribus
1738 3094 1802 3159 pro
1825 3074 2030 3143 defensione
2055 3076 2241 3156 libertatis,

1251 3173 1319 3246 hoc
1333 3188 1403 3259 est,
1428 3171 1635 3261 disciplinae
1652 3184 1686 3241 et
1706 3165 1845 3241 honesti
1868 3187 1997 3260 status,
2023 3189 2057 3246 et
2080 3179 2127 3246 ob
2148 3173 2242 3246 hanc
2332 3258 2334 3262 ¹

1252 3301 1390 3347 causam
1407 3275 1545 3346 omissis
1559 3273 1705 3363 privatis
1720 3274 1988 3359 certaminibus,
2015 3280 2245 3347 concordiam

1253 3380 1346 3448 inter
1372 3400 1406 3445 se
1439 3377 1647 3457 tuebantur,
1683 3375 1846 3442 extabant
1873 3375 1984 3464 leges,
2018 3391 2054 3446 et
2081 3380 2245 3471 quotidie

1252 3503 1373 3549 earum
1387 3478 1543 3567 exempla
1558 3476 1803 3566 spectabantur
1816 3477 1855 3542 in
1870 3473 2245 3566 iactis'lhemistoclis,

1253 3579 1443 3662 Aristidae,
1460 3577 1632 3657 Cimonis,
1650 3592 1684 3647 et
1695 3577 1845 3646 aliorum
1859 3572 2087 3648 honestorum
2100 3581 2241 3650 civium.

1255 3680 1307 3754 Ita
1330 3708 1410 3753 curn
1428 3679 1543 3752 Roma
1567 3704 1586 3748 a
1604 3677 1720 3748 Gallis
1741 3693 1940 3768 caperetur,
1968 3705 2040 3750 non
2056 3695 2241 3772 propterea

1252 3783 1410 3875 Respuh.
1425 3784 1626 3865 deletaest,
1652 3783 1790 3851 etiamsi
1808 3782 1963 3851 aedilicia
1980 3783 2117 3852 incensa
2134 3796 2237 3853 sunt:

1256 3887 1384 3956 mansit
1405 3886 1500 3953 enim
1525 3884 1637 3952 virtus
1660 3897 1694 3952 et
1713 3883 1902 3973 disciplina
1918 3885 2047 3953 civium
2071 3885 2241 3974 alegihus

1254 4003 1343 4059 orta.
1370 3984 1467 4056 Haec
1475 3985 1651 4077 praesidio
1662 3997 1697 4055 et
1711 3984 1816 4054 saluti
1832 3999 1914 4055 sunt
1928 3986 2080 4056 civibus:
2105 3986 2246 4056 etiamsi

1255 4090 1348 4160 Nero
1373 4088 1629 4182 aliquantisper
1655 4086 1880 4157 latrocinium
1904 4088 1999 4157 inter
2024 4089 2116 4157 cives
2146 4113 2246 4158 exer-

1255 4193 1349 4276 cuit,
1373 4216 1413 4261 ac
1427 4191 1602 4283 oppressis
1615 4189 1750 4278 legibus
1766 4190 1870 4258 etiam
1888 4185 2144 4259 Iurisconsulto
2158 4187 2246 4261 Cas-

1254 4295 1306 4364 sio
1321 4292 1486 4383 Longino
1502 4293 1624 4361 octalos
1645 4290 1783 4360 effodit:
1810 4289 1946 4360 etiamsi
1961 4288 2153 4361 Bassianus
2172 4292 2247 4361 ira·

1255 4411 1308 4465 tre
1344 4408 1485 4479 necato,
1527 4394 1633 4464 etiam
1670 4390 1904 4481 Papinianum
1947 4389 2247 4463 Iurisconsultum

1255 4499 1435 4568 nolentem
1450 4508 1648 4589 praetextus
1665 4495 1797 4583 fingere
1815 4495 1860 4564 ad
1877 4497 2114 4565 excusandum
2130 4496 2247 4586 parri-

1255 4599 1387 4670 cidium
1405 4597 1591 4676 interfecit,
1617 4609 1736 4664 tamen
1752 4620 1826 4664 non
1842 4608 2025 4687 propterea
2043 4598 2082 4665 in
2099 4597 2248 4667 univer-

1255 4725 1333 4772 sum
1348 4701 1482 4772 deletae
1496 4697 1712 4786 erantleges.
1763 4697 1817 4768 Ne
1838 4698 2000 4767 funditus
2021 4700 2153 4788 periret
2177 4695 2248 4766 hu-

1255 4827 1401 4874 manum
1434 4824 1564 4892 genus,
1603 4795 1700 4869 Deus
1724 4795 1841 4870 adhuc
1871 4799 2058 4889 politicum
2083 4800 2248 4869 ordinem

1255 4907 1348 4997 apud
1365 4904 1502 4996 aliquos
1516 4903 1701 4987 tuebatur,
1728 4914 1829 4971 erant
1843 4901 1975 4970 alieubi
1991 4902 2030 4972 in
2052 4900 2250 4993 provinciis
2265 4990 2275 4998 .

1255 5005 1484 5097 Magistratus
1507 5006 1720 5088 mediocres,
1749 5004 1813 5096 qui
1835 5004 1952 5092 legum
1975 5028 2096 5073 vocem
2122 5003 2249 5073 audie·

1255 5111 1351 5180 bant.
1401 5107 1485 5178 Non
1499 5109 1691 5179 amittenda
1710 5119 1762 5176 est
1784 5106 1892 5195 igitur
1906 5105 2090 5174 doctrinae
2112 5106 2249 5196 proles-

1255 5211 1328 5294 sio,
1360 5211 1495 5282 etiamsi
1518 5226 1579 5283 aut
1600 5209 1712 5288 bella,
1741 5220 1802 5277 aut
1814 5208 2021 5300 tyrannides
2035 5208 2248 5300 aliquantis-

1254 5337 1318 5406 per
1340 5314 1414 5384 eius
1436 5338 1540 5387 usum
1563 5310 1779 5407 impediunt:
1806 5310 1878 5380 imo
1898 5311 1991 5379 hona
2013 5309 2155 5400 ingenia
2177 5305 2248 5380 hoc
