4732 6030
2033 148 2185 173 ''u—.-

158 322 234 397 sta
512 278 672 389 osce.
708 309 781 386 oa
812 305 1008 383 mero:
1042 305 1281 381 enonas
1313 306 1731 401 onusootsoue
1756 331 1840 387 nc.
2115 321 2194 397 ιω

144 490 374 567 'tumultibus
389 503 424 561 et
437 485 708 559 confusionibus
723 480 932 575 gubernatio
948 480 1154 574 impeditur,
1204 479 1372 551 omnibus
1387 481 1496 551 variis
1512 480 1687 553 scandalis
1702 485 1830 569 studet,
1855 502 1895 559 ut
1908 514 1988 560 cum
2003 491 2042 564 iu
2059 498 2191 587 populo

160 593 315 666 servabit
330 606 449 662 tamen
471 591 664 661 clementer
680 580 810 656 barum
826 583 1012 674 regionum
1027 576 1153 653 Eccle-
1205 580 1314 656 Israel
1335 584 1440 654 multi
1462 583 1623 657 viderent
1646 584 1801 655 filiorum
1821 587 1971 662 Davidis
1990 596 2180 685 parricidia

161 697 248 780 ὡς,
274 707 309 765 et
324 692 532 765 ardentibus
550 689 642 760 votis
656 712 738 758 eum
753 708 915 769 oramus,
941 698 981 755 ut
998 683 1073 781 filio
1086 704 1151 754 suo
1205 685 1413 757 seditionem
1435 686 1707 778 praecipuorum
1734 689 1901 760 ordinum
1921 652 2192 791 et·Principum’

159 795 317 868 Domino
332 808 455 866 nostro
470 790 550 865 lesu
568 786 711 861 Christo
728 782 981 858 haereditatem
997 785 1153 855 celebra·
1204 800 1240 859 et
1252 789 1401 859 incestas
1415 788 1597 875 libidines,
1611 789 1825 860 dubitabant
1837 807 1931 864 certe
1945 819 1991 865 an
2005 791 2092 869 haec
2107 755 2192 892 gend

160 913 277 971 euram
306 899 420 989 ipsum
452 895 492 964 in
521 892 621 963 omni
651 889 874 973 aeternitate,
916 902 1084 979 perpetuo
1112 889 1151 955 in
1203 886 1360 960 Ecclesia
1381 887 1448 960 Dei
1469 904 1575 971 esset,
1616 892 1748 986 quain
1779 897 2045 983 perturbatione
2073 914 2193 973 tamen

159 995 217 1070 his
241 999 446 1088 regionibus
468 994 621 1085 colligat.
680 988 729 1063 Et
751 986 836 1062 huic
859 989 938 1081 piae
958 988 1153 1081 precationi
1204 993 1281 1085 pios
1298 993 1418 1061 videre
1432 983 1572 1063 necesse
1586 994 1666 1074 fuit,
1692 994 1754 1063 ubi
1769 1019 1837 1063 vox
1852 997 1974 1068 divina
1987 1023 2070 1070 vere
2086 1026 2193 1075 sona·
2280 1026 2284 1031 '

160 1103 395 1189 adiungam,
410 1097 608 1170 orationem
621 1092 860 1166 Dominioem.
1205 1109 1268 1165 ret.
1323 1092 1375 1164 lta
1390 1119 1486 1165 nunc
1508 1097 1662 1187 populus
1687 1098 1730 1165 ad
1751 1092 1845 1166 bano
1865 1123 1980 1170 arcem
2002 1104 2193 1197 confugiat,

262 1215 354 1289 Cum
384 1229 501 1287 autem
530 1216 570 1284 i„
599 1209 657 1282 hi,
680 1209 926 1301 congreggibus
950 1208 1064 1299 prosit
1086 1206 1152 1275 ali.
1205 1196 1291 1266 sciat
1305 1196 1356 1266 ibi
1370 1219 1452 1265 vere
1466 1195 1614 1268 esseDei
1622 1195 1834 1284 Ecclesiam,
1852 1202 1915 1271 ubi
1930 1227 1998 1272 vox
2006 1201 2192 1297 Evangelii

161 1345 267 1414 quam
309 1317 684 1390 commonefactionem
724 1312 849 1383 utilem
891 1308 1062 1404 proponi,
1119 1321 1153 1378 et
1206 1310 1307 1369 1011111
1323 1300 1545 1388 incorrupta,
1569 1314 1610 1370 ut
1626 1302 1757 1370 dictum
1779 1316 1845 1372 est:
1879 1303 1918 1375 Si
1939 1306 2026 1400 quid
2047 1310 2092 1377 ab
2113 1310 2193 1381 aliis

162 1445 260 1492 nunc
284 1418 460 1491 Ecclesiae
492 1432 632 1490 nostrae
661 1428 695 1486 et
716 1437 782 1483 nos
806 1434 931 1484 omnes
955 1412 994 1480 io
1017 1407 1154 1500 magnis
1206 1401 1244 1468 111
1275 1399 1593 1470 111111111111111111
1626 1401 1777 1493 publicis
1806 1416 1921 1474 11111111
1950 1421 2021 1492 111,
2052 1411 2096 1480 111
2119 1437 2192 1504 quo

162 1524 347 1594 doloribus
375 1523 507 1604 simus,
546 1532 693 1612 propter
723 1528 913 1585 venenatas
945 1510 1152 1589 calumnias,
1206 1502 1360 1588 dubitas,
1387 1502 1423 1571 id
1440 1505 1483 1570 ad
1499 1516 1533 1572 te
1549 1499 1642 1573 nihil
1657 1503 1822 1595 pertinet,
1848 1530 1927 1575 cum
1944 1534 2008 1578 nec
2023 1511 2071 1579 sis
2087 1527 2193 1584 autor

163 1648 253 1719 quae
275 1637 397 1694 contra
417 1645 482 1692 nos
502 1634 734 1713 sparguntur,
759 1639 898 1687 necesse
921 1626 974 1684 est
996 1612 1152 1682 remedia
1206 1605 1512 1696 11111ΡΡ111111101,
1538 1618 1572 1675 11
1589 1630 1668 1674 111111
1685 1610 1927 1679 1111111111111
1944 1626 2027 1682 nota
2044 1626 2110 1698 est,
2135 1638 2193 1685 re-

163 1728 291 1796 idonea
309 1721 365 1794 his
380 1723 509 1793 nostris
526 1721 711 1793 doloribus
725 1714 905 1788 adhibere.
953 1711 1153 1785 Audiamus
1204 1706 1323 1795 gulam
1337 1707 1511 1798 sequaris:
1531 1703 1651 1777 Nolite
1665 1706 1835 1791 1111111111,
1856 1732 1922 1781 nec
1935 1712 2194 1793 iudicabimini.

162 1829 282 1921 itaque
302 1825 468 1918 Apostoli
489 1826 597 1894 verba
622 1826 666 1893 ad
691 1819 854 1892 Galatas:
888 1815 1021 1887 Probet
1041 1838 1153 1885 unus-
1208 1806 1313 1877 item:
1338 1805 1421 1876 Non
1435 1807 1481 1875 sis
1497 1828 1642 1877 susurro
1657 1809 1696 1876 in
1711 1808 1856 1900 populo.

162 1930 312 2023 quisque
328 1951 431 1998 suum
446 1950 552 2017 opus,
577 1938 610 1995 et
631 1925 682 1994 sic
703 1922 797 2013 apud
822 1943 896 1989 sese
916 1916 1064 2007 gloriam
1088 1911 1151 1985 ba-

163 2031 286 2114 bebit,
307 2053 381 2101 non
398 2030 443 2099 ab
461 2028 551 2097 aliis.

266 2144 555 2218 Consolationem
574 2142 684 2233 igitur
700 2137 858 2224 institui,
890 2162 935 2207 ne
954 2131 1011 2206 his
1033 2135 1154 2206 crimi-

164 2249 371 2320 nationibus
394 2247 516 2331 fracti,
542 2242 745 2315 existimetis
766 2264 830 2310 vos
844 2236 1022 2309 Ecclesiae
1044 2237 1154 2308 socie-

164 2366 270 2422 tatem
288 2351 463 2434 amisisse,
487 2371 552 2418 nec
570 2345 685 2416 excuti
700 2342 801 2412 vobis
823 2341 929 2410 tidem
951 2353 987 2410 et
1008 2340 1154 2409 invoca-

164 2453 298 2523 tionem
315 2452 457 2536 sinatis,
483 2449 567 2520 Non
591 2448 746 2530 ferrum,
770 2467 845 2513 non
866 2442 935 2512 tela
957 2442 1052 2527 ulla,
1076 2464 1153 2510 ma-

164 2554 240 2623 iora
262 2553 410 2624 vulnera
435 2554 473 2621 in
500 2553 606 2621 corde
629 2548 784 2626 faciunt,
817 2567 925 2638 quam
948 2544 1031 2613 illae
1056 2542 1154 2611 dirae

164 2680 284 2739 voces,
308 2654 445 2725 etiamsi
460 2654 568 2723 falsae
590 2663 692 2733 sunt,
719 2648 756 2716 in
774 2646 905 2741 quibus
922 2645 1077 2715 clamant
1089 2667 1156 2713 nos

166 2757 343 2827 adversari
359 2755 518 2840 veritati,
541 2768 577 2823 et
592 2751 721 2843 impios
738 2749 854 2820 cultus
868 2746 1065 2821 restituere.

266 2890 346 2964 Etsi
372 2892 468 2960 enim
503 2885 718 2956 conscientia
749 2896 863 2953 rectae
896 2881 1090 2953 voluntatis
1122 2893 1157 2949 et

164 2996 304 3087 piorum
320 2989 551 3063 consiliorum
567 2986 655 3054 lenit
666 2982 772 3052 nobis
787 2982 1015 3066 moesticiam,
1036 2997 1153 3052 tamen

166 3107 312 3189 propter
327 3089 506 3161 Ecclesiae
527 3084 794 3156 dilacerationes
816 3083 919 3151 valde
943 3082 1155 3153 cruciamur.

167 3197 386 3285 Quaeramus
403 3190 512 3280 igitur
530 3184 776 3256 convenientia
790 3184 955 3257 remedia.
1008 3181 1062 3255 Ac
1078 3208 1154 3274 prt-

167 3320 265 3366 mum
290 3292 422 3385 populo
444 3303 479 3360 et
506 3290 672 3371 caeteris,
707 3287 767 3378 qui
793 3310 813 3355 a
838 3286 1155 3356 deliberationibus

140 3397 319 3490 sspublicis
335 3395 482 3476 absunt,
508 3386 594 3460 haec
614 3387 807 3459 consolatio
828 3388 912 3456 satis
935 3388 1070 3455 mederi
1090 3410 1157 3477 po·
1210 3434 1219 3450 ·

167 3516 251 3582 test,
277 3521 359 3567 suos
375 3496 524 3588 quisque
540 3492 678 3573 oculos,
705 3514 783 3558 suas
801 3511 903 3558 aures
917 3501 1018 3557 testes
1039 3488 1154 3557 faciat.

166 3600 258 3673 Cum
280 3593 396 3668 adhuc
419 3618 540 3664 vocem
555 3590 739 3679 Evangelii
759 3590 1001 3678 incorruptam
1025 3589 1156 3672 audiat,

167 3720 201 3776 et
222 3702 341 3771 videet
359 3700 398 3767 in
422 3718 531 3765 coena
554 3689 703 3762 Domini
729 3688 864 3758 nullam
887 3690 964 3756 fieri
987 3689 1155 3757 mutatio-

169 3830 271 3886 nem,
297 3826 361 3871 nec
378 3800 470 3869 ullos
486 3795 615 3886 impios
631 3793 746 3862 cultus
769 3789 948 3860 restitutos
969 3811 1059 3873 esse,
1084 3801 1154 3857 sta-

170 3920 246 3979 tuat
268 3927 342 3972 sese
356 3897 534 3971 Ecclesiae
558 3895 672 3965 civem
697 3914 788 3975 esse,
822 3906 856 3964 et
879 3914 960 3961 vere
982 3913 1019 3960 se
1043 3886 1154 3959 aDeo

169 4005 349 4089 exaudiri,
374 4017 408 4073 et
430 4013 523 4070 recte
545 4021 581 4067 se
604 3991 731 4066 harum
748 3989 987 4063 Ecclesiarum
1009 3991 1157 4062 societa-

171 4123 242 4179 tem
256 4106 363 4178 tueri:
385 4104 469 4197 quia
485 4114 618 4170 certum
637 4111 698 4181 est,
723 4095 776 4164 ibi
793 4116 867 4163 esse
875 4094 942 4163 Dei
951 4091 1157 4177 Ecclesiam,

172 4209 236 4280 ubi
258 4220 360 4277 sonat
384 4207 589 4292 incorrupta
612 4222 679 4267 vox
695 4194 901 4285 Evangelii,
937 4208 970 4264 et
989 4216 1074 4265 usus
1091 4192 1158 4264 Sa-

1307 1941 1412 2012 Nunc
1427 1944 1472 2011 de
1486 1942 1590 2013 nobis
1607 1946 1711 2015 etiam
1725 1946 1860 2030 dicem,
1886 1948 1947 2040 qui
1964 1934 2193 2025 deliberatio·

1206 2043 1313 2114 nibus
1332 2044 1570 2116 interfuimus.

1309 2176 1470 2250 Primum
1506 2181 1550 2250 de
1583 2179 1743 2249 doctrina
1773 2195 1808 2251 et
1839 2182 1943 2253 rebus
1978 2187 2192 2268 necessariis,

1206 2305 1281 2350 non
1304 2282 1419 2352 solum
1439 2281 1653 2352 conscientia
1675 2295 1789 2352 rectae
1812 2284 2024 2372 voluntatis,
2057 2301 2092 2358 et
2113 2289 2194 2380 pio-

1206 2409 1287 2454 rum
1318 2384 1568 2467 consiliotum,
1606 2408 1672 2452 nos
1699 2386 1921 2473 consolatur,
1957 2391 2017 2458 sed
2048 2404 2194 2461 eventus

1207 2487 1324 2556 etiam.
1375 2484 1465 2555 Nam
1490 2509 1547 2556 res
1566 2484 1737 2569 ostendit,
1763 2511 1827 2557 nec
1854 2490 2052 2559 doctrinam
2077 2506 2195 2563 muta-

1207 2601 1279 2657 tam
1294 2611 1384 2673 esse,
1409 2612 1475 2657 nec
1490 2610 1593 2658 usum
1609 2585 1928 2662 sacramentorum.

1309 2720 1378 2791 Hic
1392 2746 1472 2791 cum
1489 2720 1652 2812 publicae
1668 2721 1857 2792 conciones
1881 2737 1915 2793 et
1935 2723 2042 2810 ritus,
2072 2728 2133 2820 qui
2153 2728 2194 2797 in

1207 2824 1330 2895 oculos
1352 2825 1559 2907 incurrunt,
1595 2821 1837 2893 testimonium
1862 2826 1906 2894 de
1930 2827 2035 2895 nobis
2062 2829 2193 2915 dicant,

1207 2926 1431 2996 manifestum
1448 2940 1518 3009 est,
1543 2925 1630 2993 falso
1646 2938 1680 2994 et
1695 2948 1760 2994 nos
1777 2939 1810 2994 et
1825 2921 1889 2996 has
1903 2923 2077 2999 Ecclesiae
2091 2955 2195 3002 accu-

1208 3028 1296 3111 sari,
1322 3051 1362 3095 ac
1384 3026 1413 3095 si
1436 3027 1515 3119 quis
1538 3026 1732 3095 delectatur
1751 3027 1825 3097 illis
1843 3031 2057 3115 mendaciis,
2095 3046 2193 3103 suam

1209 3130 1386 3198 levitatem
1411 3142 1445 3198 et
1467 3128 1753 3197 malevolentiam
1781 3131 1945 3202 declarat.
2011 3130 2195 3221 Diabolus,

1207 3230 1555 3310 utnomenindicat,
1583 3229 1735 3320 impellit
1751 3231 1944 3302 multorum
1968 3234 2123 3318 animos,
2155 3252 2196 3309 ut

1208 3347 1243 3402 et
1256 3343 1390 3416 serant,
1417 3345 1451 3401 et
1467 3332 1569 3400 avide
1586 3332 1736 3401 audiant
1749 3333 1957 3403 calumnias.
2011 3334 2094 3406 ldeo
2120 3362 2195 3408 non

1208 3433 1415 3502 inusitatum
1431 3445 1499 3516 est,
1522 3432 1627 3502 etiam
1652 3433 1835 3503 manifesta
1858 3437 2039 3505 mendacia
2064 3433 2194 3510 babere

1208 3535 1451 3653 applausores,
1491 3556 1581 3626 quae
1607 3546 1725 3623 postea
1757 3557 1903 3624 magnos
1929 3538 2103 3608 tumultus
2135 3564 2195 3613 ex-

1208 3648 1329 3705 citant.

1311 3750 1524 3843 Quanquam
1539 3751 1649 3839 igitur
1664 3753 1815 3823 iniuriae
1833 3756 1993 3824 dolorem
2016 3760 2121 3829 nobis
2141 3762 2193 3829 af-

1207 3852 1344 3936 ferunt,
1371 3868 1488 3923 tamen
1497 3848 1572 3920 Deo
1589 3853 1700 3922 iudici
1712 3867 1881 3948 utrosque
1895 3862 2195 3949 commendemus,

1209 3964 1244 4022 et
1258 3953 1409 4021 sciamus
1428 3975 1493 4020 nos
1510 3966 1654 4043 propter
1670 3949 1799 4024 horum
1818 3957 1969 4037 iudicia,
1993 3985 2058 4030 nec
2081 3965 2193 4033 socie-

1208 4068 1314 4124 tatem
1329 4049 1504 4122 Ecclesiae
1519 4054 1692 4139 amisisse,
1717 4080 1781 4126 nec
1803 4082 1822 4127 a
1838 4055 1915 4129 Deo
1932 4062 2085 4132 abiectos
2108 4090 2192 4137 esse.

1209 4154 1298 4224 Nam
1322 4150 1438 4224 adhuc
1459 4180 1526 4223 vox
1550 4157 1732 4228 doctrinae
1754 4163 1875 4229 eadem
1901 4175 1970 4247 est,
2009 4179 2043 4235 et
2066 4190 2194 4257 magno

1210 4258 1330 4326 labore
1346 4261 1483 4347 magnis
1498 4258 1663 4373 periculis
1681 4284 1700 4329 a
1715 4262 1819 4330 nobis
1837 4280 2090 4355 propugnatur.

174 4321 435 4382 crementorum
453 4304 631 4395 legitimus
652 4300 844 4377 retinetur,
879 4311 913 4366 et
935 4320 1009 4366 non
1034 4297 1156 4365 defen·

174 4416 310 4482 duntur
342 4408 568 4500 pertinaciter
603 4403 719 4481 idola,
766 4400 857 4470 sicut
887 4399 1056 4490 scriptum
1091 4410 1156 4466 est:
1311 4389 1361 4465 At
1374 4394 1647 4467 inconstantiam
1663 4397 1769 4467 nobis
1784 4401 1947 4472 tribuunt
1960 4403 2081 4497 aliqui,
2098 4408 2195 4496 quod

173 4512 387 4603 Ubicunque
401 4510 472 4577 duo
487 4521 548 4577 aut
563 4520 633 4576 tres
649 4501 849 4592 congregati
862 4515 946 4573 sunt
961 4501 997 4568 in
1012 4498 1159 4568 nomine
1211 4499 1255 4565 de
1271 4497 1400 4566 vestitu
1416 4509 1449 4565 et
1466 4498 1510 4566 de
1532 4498 1611 4568 aliis
1633 4500 1845 4592 quibusdam
1869 4505 2046 4575 similibus
2067 4506 2195 4577 ritibus

174 4638 272 4697 meo,
296 4613 334 4680 in
353 4609 471 4679 medio
485 4630 606 4677 eorum
624 4628 712 4678 sum.
763 4603 898 4674 Lucere
921 4615 1039 4672 autem
1056 4600 1158 4690 agni·
1211 4622 1286 4667 non
1300 4599 1515 4670 tumultuose
1531 4622 1747 4689 pugnamus,
1773 4627 1846 4672 non
1865 4606 2074 4675 minitamur
2089 4607 2196 4676 Prin-

174 4717 308 4788 tionem
328 4712 395 4781 filii
409 4710 477 4782 Dei
500 4710 537 4777 in
562 4702 618 4775 his
634 4704 820 4785 Ecclesiis‚
846 4728 928 4775 cum
946 4704 1159 4774 fundamen·
1212 4701 1349 4791 cipibus
1372 4699 1580 4783 seditiones,
1605 4724 1678 4768 non
1702 4701 1865 4773 iubemus
1885 4708 1998 4775 deseri
2012 4704 2200 4795 Ecclesiae,

173 4833 249 4889 tum
265 4829 357 4886 recte
374 4825 552 4892 teneatur,
578 4830 652 4876 non
667 4808 815 4878 dubium
831 4820 895 4878 est,
1212 4803 1334 4872 dicunt
1351 4795 1408 4867 bis
1422 4799 1534 4869 initiis
1549 4802 1745 4887 servitutis,
1767 4807 1855 4875 strui
1868 4806 2015 4877 insidias
2030 4812 2174 4901 populo.

275 4929 672 5008 Η1111101110111110111111
688 4932 998 5018 11111111111111111,
1032 4940 1067 4997 11
1085 4950 1159 4995 111111
1319 4934 1359 5004 ln
1374 4930 1440 5004 hoc
1456 4935 1704 5006 criminatione
1719 4938 1863 5028 plausus
1879 4956 1914 5010 et
1926 4944 2043 5015 studia
2067 4941 2199 5019 babent

175 5054 370 5133 auctrpetur
390 5035 536 5107 fabellas
558 5044 592 5102 11
614 5030 827 5112 calumniat.
851 5055 941 5122 1111111
957 5042 1078 5100 11111111
1097 5020 1162 5097 1111
1214 5037 1464 5110 multitudinis.
1505 5036 1575 5108 Sed
1592 5054 1710 5109 nostra
1725 5041 1882 5111 defensio
1900 5044 1938 5113 in
1954 5041 2020 5116 bac
2035 5072 2073 5117 re
2087 5044 2200 5121 hone-

174 5141 348 5215 Ecclesias
363 5150 593 5231 sparguntur.
619 5146 659 5203 111
674 5144 759 5201 111111
773 5131 879 5202 multi
892 5133 1005 5216 11111,
1031 5129 1161 5223 ‘1¹¹sstus
1214 5140 1384 5212 stisssima
1397 5153 1459 5214 est.
1510 5136 1588 5213 Etsi
1604 5156 1698 5212 tanta
1717 5155 1769 5212 est
1784 5145 1916 5215 malitia
1933 5148 2051 5239 vulgi,
2078 5163 2116 5219 ut
2140 5151 2199 5219 ni-

177 5244 352 5336 voluptati
367 5254 436 5326 est,
461 5236 619 5310 convicia
640 5233 951 5323 1131111111111111·
1215 5239 1268 5313 bil
1289 5242 1419 5313 mirum
1439 5243 1484 5312 sit
1503 5245 1757 5331 gubernatores
1779 5246 1823 5314 de
1848 5272 1887 5317 ea
1910 5251 2079 5319 frenanda
2102 5252 2200 5341 cogi·

280 5355 591 5452 SemperEcclesia
608 5353 716 5422 variis
732 5350 848 5421 modis
864 5364 1102 5443 oppugnatur,
1129 5363 1163 5420 et
1214 5358 1307 5429 tare,
1338 5357 1375 5414 et
1395 5359 1512 5414 vetera
1531 5346 1739 5435 disciplinae
1761 5347 1901 5419 vincula
1925 5351 2122 5441 requirere,
2145 5366 2200 5425 ta-

178 5465 342 5537 diabolus
377 5462 586 5533 labefactare
620 5456 726 5525 bdern
760 5469 795 5525 et
829 5453 1090 5524 invocationem
1124 5452 1162 5520 in
1213 5470 1295 5519 men
1310 5469 1376 5516 nos
1392 5445 1430 5515 in
1443 5440 1510 5516 hac
1523 5448 1779 5521 deliberatione
1789 5464 2202 5542 optaremusnuncmoe.

229 5564 415 5637 Mesenen.
442 5567 547 5633 Orrtt.
574 5562 658 5626 Vos..
684 5558 747 5625 xl.
1500 5545 1551 5621 54
