4732 6030
241 315 318 392 689
829 303 989 382 DECL.
1032 303 1107 379 DE
1131 301 1282 391 ,tutta
1315 302 1685 384 POSSIDENDI.
2204 317 2288 394 oto

244 504 327 562 vata
347 485 557 580 aequalitate
578 504 685 575 quam
708 481 821 551 sancit
840 478 956 565 Deus,
980 502 1061 551 cum
1084 480 1149 549 ait:
1173 476 1239 549 Di·
1289 480 1436 573 imperia
1451 483 1572 553 futura
1584 483 1696 574 magis
1709 484 1912 554 turbulenta
1927 498 1963 555 et
1975 485 2161 559 deformia.
2213 486 2287 560 Sed

246 594 337 684 ligas
349 587 549 683 proximum
566 586 655 654 sicut
670 595 705 652 te
719 583 848 676 ipsum.
901 583 1008 655 ltem:
1034 582 1115 652 Non
1129 575 1240 649 habe·
1289 598 1408 655 tamen
1429 581 1547 670 Deus,
1573 609 1638 655 nec
1661 582 1853 657 Ecclesiam
1879 609 2025 675 prorsus
2047 590 2159 659 deleri
2182 590 2289 679 sinet,

247 697 305 766 bis
333 693 469 760 diversa
502 689 661 776 pondera
692 687 731 753 in
762 688 882 771 lance,
917 686 1030 755 maius
1052 700 1087 755 et
1109 684 1239 756 minus.
1290 712 1355 756 nec
1384 684 1570 776 politicum
1601 689 1764 757 ordinem
1790 687 1931 776 penitus
1956 691 2091 760 aboleri
2118 692 2288 784 patietur,

246 784 468 869 Βωῑθῧῖὀ·
519 788 714 861 Avfflfluff
740 790 836 858 ‘ssim
863 786 960 857 Deuss
990 783 1076 856 haec
1105 786 1240 855 fatien-
1290 787 1439 860 Curabit
1458 790 1563 859 etiam
1580 789 1699 882 aliqua
1715 787 1894 859 Ecclesiae
1910 786 2085 883 hospitia,
2111 807 2152 864 ut
2168 797 2288 866 studia

246 911 331 969 tem.
383 889 455 962 Sed
479 883 628 965 humani
652 890 740 961 iuris
763 906 833 976 est,
858 903 1078 978 neregentes
1094 887 1241 980 provin·
1291 892 1472 962 doctrinae
1494 907 1689 963 serventur,
1739 890 1830 960 Nam
1856 887 1941 962 haec
1965 894 2005 962 in
2027 891 2185 966 Ecclesia
2210 923 2289 969 ma-

248 997 358 1080 clam,
383 1009 417 1065 et
434 991 496 1084 qui
515 999 605 1065 circa
624 1017 684 1062 eos
700 1007 802 1074 sunt,
827 988 1064 1081 negotientur.
1115 988 1241 1060 Divini
1292 1017 1377 1062 nere
1399 1015 1538 1061 necesse
1560 1006 1626 1063 est:
1653 1008 1688 1063 et
1704 1016 1869 1062 mansura
1885 1015 1977 1079 esse,
2001 992 2165 1068 Christus
2182 999 2287 1069 101503

248 1098 340 1170 iuris
355 1111 407 1166 est
422 1093 643 1188 coniugium:
670 1089 819 1164 humani
833 1096 922 1164 iuris
938 1109 1005 1179 est,
1030 1118 1075 1162 ne
1089 1094 1241 1161 fratrum
1294 1095 1487 1187 promittit,
1519 1093 1654 1163 etiamsi
1678 1095 1776 1164 locus
1799 1107 1915 1165 certus
1937 1093 2114 1169 Ecclesiae
2135 1124 2210 1169 non
2232 1117 2287 1172 est

249 1201 318 1272 filli
347 1212 383 1269 ‘l
411 1196 505 1265 filiae
535 1198 715 1270 ‘⁰⁰¹¹ubla
747 1192 970 1272 ⁶⁰¹¹lfflh³¹¹lo
1020 1193 1068 1265 El
1094 1206 1242 1272 ⁰⁰1t⁸l³ls
1293 1197 1504 1280 attributus,
1529 1209 1570 1265 ut
1590 1198 1635 1264 ad
1656 1211 1795 1287 tempus
1809 1210 1883 1266 erat
1901 1198 1940 1266 in
1956 1200 2085 1271 ludaea
2101 1215 2213 1272 certus
2227 1204 2285 1273 lo-

250 1303 348 1376 unde
370 1312 495 1369 ¹¹⁰l⁰m
514 1304 560 1372 ⁸5²
577 1297 716 1369 h⁰¹¹¹l¹¹l
732 1301 788 1369 5⁰³
804 1300 985 1379 divinum,
1012 1311 1047 1367 et
1062 1295 1241 1390 quomodo
1294 1320 1366 1369 cus.
1416 1294 1465 1367 Et
1486 1296 1628 1391 quidem
1650 1298 1690 1366 in
1712 1299 1755 1366 iis
1777 1299 1863 1368 locis
1877 1300 2012 1371 diutius
2027 1319 2146 1374 manet
2162 1301 2284 1374 Eccle-

250 1403 322 1477 Dei
342 1399 516 1476 sententia
537 1419 677 1474 aeterna
692 1415 733 1472 et
754 1400 987 1472 immutabilis
1006 1398 1180 1469 transfusa
1197 1396 1243 1466 sit
1294 1401 1366 1483 sia,
1391 1400 1454 1470 ubi
1476 1399 1655 1490 principes
1676 1414 1760 1469 sunt
1777 1401 2026 1486 modestiores,
2052 1407 2142 1474 etin
2160 1407 2285 1485 foven-

252 1509 299 1580 δᾶ
320 1504 495 1583 homine&
547 1506 715 1577 Fatemur
737 1527 859 1573 omnes
875 1499 973 1573 hunc
987 1502 1148 1571 ordinem
1165 1523 1244 1567 mo-
1294 1503 1350 1572 dis
1369 1501 1439 1592 piis
1459 1501 1859 1591 studiisdiligentiores,
1884 1505 2285 1581 etubilumendocffi.

252 1624 355 1682 tuum
370 1606 596 1693 coelestium,
622 1619 656 1676 et
672 1620 870 1696 temporum
885 1605 994 1689 vices,
1020 1602 1244 1694 tempestivas
1296 1628 1362 1673 nae
1381 1602 1509 1672 maiori
1526 1626 1609 1672 cura
1626 1604 1815 1689 retinetur,
1840 1617 1875 1673 et
1891 1607 2044 1696 populus
2059 1608 2284 1699 disciplinam

252 1709 498 1802 irrigationes,
523 1710 748 1801 tempestivos
767 1722 900 1790 aestus,
925 1704 992 1775 Dei
1009 1728 1114 1796 opera
1132 1716 1166 1773 et
1181 1703 1245 1771 be·
1295 1730 1370 1776 non
1391 1717 1608 1795 aspernatur.
1658 1702 1742 1792 Quo
1759 1705 1896 1775 maiora
1910 1707 2003 1777 dona
2023 1723 2105 1779 sunt
2120 1711 2286 1780 salutari,

251 1812 478 1885 nestciaesse·
530 1812 622 1884 Sunt
637 1811 732 1880 enim
748 1810 785 1879 in
803 1822 991 1899 conspectu
1007 1819 1041 1876 et
1056 1805 1168 1876 oculis
1185 1828 1244 1872 ex·
1296 1821 1405 1878 status
1427 1801 1625 1891 Ecclesiae,
1653 1819 1688 1879 et
1716 1806 1851 1896 politici
1881 1807 2038 1893 ordines,
2071 1833 2112 1878 eo
2145 1813 2287 1882 maiore

253 1918 379 2010 posita.
449 1910 522 1987 Sed
557 1938 633 1983 non
668 1911 777 2001 magis
817 1933 944 1980 ornare
980 1907 1117 1977 coelum
1148 1903 1245 1974 Deus
1297 1933 1379 1979 cura
1409 1910 1538 1978 tuenda
1564 1920 1658 1980 sunt.
1717 1907 1757 1979 si
1779 1909 1985 1983 confusione
2006 1935 2211 1997 movemur,
2245 1927 2291 2003 ut.

253 2019 389 2098 voluit,
423 2037 528 2106 quam
558 2013 762 2098 hominem,
793 2037 897 2105 quem
928 2009 1041 2079 voluit
1062 2032 1135 2078 esse
1156 2007 1246 2075 ima·
1297 2011 1500 2080 dubitemus
1529 2012 1624 2079 unde
1650 2009 1720 2079 sint
1740 2011 1833 2098 leges
1856 2025 1891 2082 et
1913 2011 2076 2104 imperia,
2111 2014 2287 2084 discamus

255 2122 371 2214 &inem
402 2140 512 2189 wam-
578 2115 760 2209 Impressit
789 2114 899 2204 igliur
928 2106 1068 2179 homini
1096 2109 1246 2179 noticias
1298 2111 1543 2182 confusionem
1559 2135 1634 2181 non
1649 2110 1865 2197 esseaDeo,
1889 2115 1950 2183 sed
1966 2114 2086 2184 oriria
2103 2130 2287 2186 contuma-

257 2237 386 2306 certas,
411 2243 530 2303 veras,
555 2217 806 2300 immutabiles,
831 2226 987 2303 sumptas
998 2237 1039 2281 ex
1053 2234 1114 2281 sua
1129 2223 1246 2279 mente
1298 2215 1351 2283 cia
1367 2208 1606 2282 bumanorum
1622 2213 1858 2302 ingeniorum,
1886 2217 2126 2287 etadiabolo.
2169 2215 2288 2288 Econ-

257 2338 410 2396 aeterna.
460 2324 538 2395 Hae
559 2344 641 2393 cum
662 2319 735 2388 sint
754 2319 870 2407 legum
886 2317 1020 2399 fontes,
1046 2325 1179 2384 certum
1195 2323 1248 2381 est
1299 2330 1352 2385 tra
1375 2338 1460 2384 vero
1483 2328 1655 2407 quantum
1679 2316 1767 2385 boni
1789 2317 1927 2387 ordinis
1948 2319 2126 2412 reliquum
2151 2335 2222 2404 est,
2254 2334 2288 2389 et

173 2460 176 2466 ’
257 2427 337 2497 iura
367 2447 447 2498 cum
479 2422 535 2495 his
564 2423 723 2493 fontibus
751 2414 980 2508 congruentia
1012 2416 1133 2484 divina
1161 2436 1246 2483 esse.
1298 2416 1558 2487 restitutionem
1579 2417 1696 2506 legum
1719 2430 1754 2487 et
1776 2417 1864 2490 boni
1885 2432 2011 2505 status,
2035 2418 2102 2488 Dei
2117 2421 2287 2490 beneficia

257 2528 331 2598 Nec
361 2522 467 2600 habet
494 2523 651 2597 humana
677 2535 804 2593 natura
833 2522 968 2590 bonum
996 2518 1093 2588 aliud
1122 2517 1248 2599 maius,
1300 2541 1384 2587 esse.
1442 2515 1539 2587 Haec
1561 2519 1591 2587 si
1614 2519 1934 2606 considerabimus,
1965 2544 2039 2590 non
2060 2523 2176 2592 salum
2196 2523 2288 2592 illud

258 2655 365 2725 quam
387 2629 452 2702 has
474 2630 641 2710 noticias,
667 2649 757 2718 quae
780 2637 815 2692 et
834 2633 1032 2691 monstrant
1048 2620 1187 2700 Deum,
1214 2626 1247 2685 et
1299 2615 1491 2709 Augustini
1513 2619 1667 2704 dictum,
1698 2622 1834 2715 dequo
1856 2624 2027 2708 disserui,
2050 2625 2152 2694 facile
2176 2626 2289 2716 expli-

258 2736 387 2803 docent
411 2734 526 2828 qualis
550 2731 596 2800 sit
618 2728 732 2811 Deus,
765 2748 845 2793 cum
872 2723 1079 2792 discernunt
1101 2715 1248 2788 honesta
1300 2723 1480 2793 cabimusz.
1502 2723 1561 2790 sed
1585 2721 1689 2790 etiam
1712 2721 1805 2813 ipsas
1825 2725 1916 2814 leges
1938 2738 1971 2794 et
1989 2727 2173 2815 politicum
2189 2728 2289 2796 ordi·

259 2850 294 2906 et
321 2837 454 2930 turpia:
490 2833 601 2904 Insita
629 2842 680 2898 est
711 2825 840 2895 noticia
870 2824 1032 2895 omnium
1058 2821 1248 2904 mentibus,
1300 2846 1381 2893 nem
1415 2823 1526 2911 magis
1560 2823 1829 2906 venerabimur,
1870 2841 1905 2897 et
1936 2827 2027 2896 tueri
2054 2829 2288 2901 studebimus,

259 2960 332 3008 esse
347 2936 464 3010 Deum
488 2947 640 3005 mentem
665 2943 841 2999 aeternam
866 2926 1097 2996 conditricem
1117 2923 1250 3006 rerum,
1301 2925 1401 2995 Plato
1417 2924 1545 3018 inquit,
1563 2919 1659 2994 hunc
1674 2949 1747 2995 ωε
1762 2928 1937 3019 optimum
1951 2929 2072 3014 civem,
2092 2931 2152 3022 qui
2169 2931 2288 3000 nullas

259 3054 295 3112 et
317 3043 468 3126 bonam,
494 3053 529 3108 et
551 3035 665 3131 qualis
682 3033 745 3116 sit,
772 3044 807 3101 et
830 3030 1009 3123 quomodo
1032 3027 1064 3095 ei
1080 3024 1250 3096 obedien·
1303 3028 1487 3108 victorias,
1519 3026 1638 3095 nullos
1667 3024 1884 3119 triumphos,
1916 3031 2036 3101 nullos
2061 3027 2214 3102 hanam
2246 3033 2285 3100 in

260 3143 348 3210 dum
361 3143 419 3224 sit,
439 3141 572 3207 indicat
587 3136 778 3206 discrimen
790 3128 1019 3201 honestorum
1034 3145 1069 3200 et
1080 3128 1250 3218 turpium.
1301 3127 1499 3219 Republica
1524 3127 1636 3216 pluris
1660 3129 1744 3199 facit
1765 3156 1871 3222 quam
1894 3134 1965 3201 dici
1982 3133 2094 3202 civem
2109 3135 2289 3225 obtempe.

260 3241 446 3312 Beneficus
471 3251 538 3320 est,
564 3250 598 3303 et
618 3237 749 3317 iustus,
776 3258 814 3302 ac
836 3233 992 3324 aequalis
1015 3254 1095 3319 erga
1115 3249 1251 3311 omncs,
1303 3244 1438 3299 cantem
1455 3229 1603 3319 tegibus.
1642 3226 1898 3318 EtAgesilaum
1914 3234 2076 3319 laudant,
2102 3238 2286 3328 quodcum

260 3365 387 3429 verax,
413 3362 535 3411 amans
550 3334 737 3416 castitatis,
762 3332 848 3400 tales
864 3334 958 3400 enim
974 3354 1039 3400 nos
1053 3353 1125 3400 esse
1141 3331 1251 3409 iubet,
1302 3333 1494 3400 instructus
1509 3331 1671 3414 exercitu,
1692 3331 1760 3398 iam
1776 3331 1813 3398 in
1829 3354 1933 3399 cursu
1949 3332 2180 3406 victoriarum
2196 3352 2290 3422 esset,

262 3461 297 3517 et
315 3440 403 3515 haec
425 3442 495 3513 sibi
516 3437 630 3508 officia
655 3433 824 3526 praestari
848 3433 955 3502 iubet.
1006 3430 1080 3499 Has
1103 3429 1253 3499 noticias
1304 3447 1338 3502 et
1360 3432 1617 3503 existimaretur
1636 3456 1727 3504 uuus
1748 3455 1819 3501 esse
1843 3433 1898 3502 vir
1913 3446 1946 3503 et
1961 3433 2048 3504 Dux
2065 3441 2290 3527 praestantis-

262 3548 388 3641 aspicit
416 3543 656 3634 magistratus,
695 3561 775 3606 cum
804 3534 978 3604 divinitus
1007 3532 1178 3602 excitatur
1207 3531 1252 3599 ad
1304 3534 1414 3602 simus
1447 3534 1606 3603 omnium
1639 3529 1824 3604 hominum
1855 3559 1937 3605 suae
1966 3539 2109 3617 aetatis,
2150 3555 2291 3630 accepta

262 3649 471 3742 disciplinae
492 3641 769 3713 restitutionem:
794 3650 836 3707 ut
860 3659 961 3725 saepe
986 3633 1082 3704 Deus
1103 3631 1252 3722 imperia
1304 3635 1512 3705 brevissima
1536 3629 1681 3725 epistola
1705 3636 1808 3706 missa
1831 3660 1873 3706 ex
1887 3636 2011 3729 Sparta
2034 3664 2052 3706 a
2076 3653 2200 3709 senatu
2225 3665 2292 3731 pa.

262 3754 467 3848 perturbata
485 3760 520 3816 ct
537 3745 700 3825 confusa,
726 3739 881 3809 restituit
895 3736 1050 3807 excitatis
1066 3735 1203 3824 magnis
1220 3745 1254 3802 et
1304 3739 1411 3821 triae,
1442 3761 1511 3830 qna
1547 3741 1795 3822 revocabatur,
1829 3763 1911 3808 mox
1938 3740 2092 3826 paruerit
2125 3764 2164 3807 ὃς
2190 3741 2290 3811 iuxta

262 3855 415 3929 heroicis
444 3850 553 3932 viris,
586 3845 649 3939 qui
670 3844 786 3931 legum
811 3839 963 3908 vinculis
984 3839 1116 3909 iterum
1138 3858 1254 3906 mores
1305 3842 1397 3928 leges
1411 3839 1574 3923 redierit,
1595 3864 1674 3908 cum
1692 3862 1769 3929 spes
1783 3863 1856 3908 non
1871 3840 1979 3910 dubia
1996 3856 2080 3911 esset
2097 3843 2292 3932 potiundae

261 3955 451 4030 hominum
481 3962 653 4040 regerent.
719 3942 819 4013 Talis
846 3942 915 4012 fuit
945 3939 1148 4031 Augustus,
1191 3937 1254 4029 qui
1307 3938 1422 4011 Asiae.
1483 3937 1552 4010 Sed
1584 3940 1773 4028 gloriosius
1798 3964 1871 4010 esse
1894 3941 2012 4022 duxit,
2043 3944 2134 4032 leges
2157 3946 2293 4034 patriae

262 4075 342 4155 post
357 4059 450 4129 bella
464 4054 580 4123 civilia
597 4046 821 4136 disciplinam
838 4057 872 4112 et
886 4043 1018 4113 iudicia
1033 4039 1255 4113 instauravit.
1306 4043 1473 4113 omnibus
1501 4042 1580 4110 aliis
1607 4043 1713 4111 rebus
1742 4045 1926 4116 anteferre.
1991 4042 2096 4114 Nunc
2120 4047 2292 4136 sapientia

262 4164 364 4234 Talis
384 4159 454 4228 fuit
471 4168 506 4223 et
521 4148 795 4230 Constantinus,
821 4145 881 4235 qui
901 4168 981 4212 cum
998 4169 1110 4213 annos
1125 4165 1254 4212 novem
1305 4158 1450 4237 putatur
1473 4166 1564 4227 esse,
1589 4143 1750 4213 deridere
1772 4160 1806 4215 et
1827 4146 1985 4214 cavillari
2010 4147 2121 4235 leges,
2150 4162 2184 4219 et
2205 4149 2241 4216 vi
2257 4173 2294 4217 aa

263 4262 408 4356 grassati
432 4268 545 4325 essent
567 4254 607 4319 in
630 4260 703 4320 toto
728 4247 814 4315 orbe
829 4245 987 4339 tyranni,
1012 4242 1255 4313 Diocletianus
1306 4248 1431 4317 fraude
1464 4268 1591 4334 angere
1621 4246 1813 4336 potentiam
1841 4260 1875 4316 et
1903 4248 2130 4336 dignitatem,
2164 4265 2205 4319 ut
2233 4275 2294 4317 vo-

264 4380 299 4436 el
319 4357 579 4437 Maximianus,
611 4364 645 4419 θῑ
665 4349 745 4429 alii,
778 4345 902 4414 deletis
924 4346 1101 4437 tyrannis,
1125 4345 1255 4413 deinde
1306 4361 1398 4420 cant.
1457 4344 1527 4417 Sed
1552 4343 1644 4418 hanc
1666 4371 1864 4440 perversam
1890 4350 2099 4440 sapientiam
2123 4353 2295 4420 comitan-

264 4470 358 4554 leges
372 4480 499 4552 aequas
517 4468 550 4524 et
566 4451 669 4522 utiles
687 4445 862 4517 Ecclesiae
878 4459 912 4515 et
927 4447 1005 4536 paci
1019 4445 1112 4517 tulit.
1163 4443 1255 4515 Cum
1307 4464 1367 4521 tur
1381 4449 1463 4519 satis
1479 4448 1593 4520 tristes
1608 4474 1758 4541 poenae,
1785 4474 1872 4543 quas
1885 4452 2022 4519 utinam
2038 4450 2134 4521 Deus
2150 4454 2296 4541 mitiget.

265 4583 383 4641 autem
405 4582 552 4651 magnae
577 4550 758 4624 extiterint
779 4548 863 4616 inde
880 4569 991 4639 usqne
1007 4549 1053 4617 ab
1067 4547 1171 4616 initio
1187 4549 1255 4614 im—
1308 4550 1522 4643 Quanquam
1552 4565 1668 4620 autem
1698 4574 1824 4640 magna
1856 4565 1891 4621 et
1918 4547 2103 4622 horribilis
2130 4551 2296 4646 Europae

264 4670 446 4765 periorum
468 4678 502 4737 et
527 4655 663 4752 politici
686 4651 825 4724 ordinis
839 4650 1081 4741 confusiones,
1109 4670 1255 4717 moven-
1306 4653 1526 4744 perturbatio
1549 4665 1617 4734 est,
1644 4666 1760 4722 tamen
1783 4655 1865 4747 quia
1883 4677 1962 4744 spes
1977 4669 2029 4723 est
2045 4680 2210 4724 mansura
2226 4680 2298 4725 esse

264 4792 325 4848 tur
354 4768 419 4840 hac
444 4761 667 4839 deformitate
689 4754 800 4825 animi
827 4755 1040 4833 multorum,
1073 4749 1113 4822 ut
1136 4749 1256 4820 existi·
1307 4755 1425 4847 aliqua
1440 4750 1617 4823 Ecclesiae
1637 4754 1834 4835 domicilia,
1861 4779 1946 4839 nos,
1972 4780 2061 4849 quos
2080 4755 2300 4850 Respublica

264 4888 364 4948 ment
384 4875 477 4962 leges
499 4890 581 4938 casu
597 4876 633 4933 et
648 4861 724 4930 sine
742 4856 865 4926 divino
880 4870 971 4926 nutu
989 4871 1087 4926 natas
1103 4876 1196 4934 esse,
1221 4867 1256 4923 et
1307 4858 1346 4926 in
1361 4850 1454 4924 hanc
1470 4855 1657 4925 stationem
1674 4856 1881 4941 collocavit,
1902 4871 1941 4927 ut
1957 4857 2075 4927 literas
2090 4875 2123 4930 et
2138 4861 2300 4951 discipli-

265 4975 413 5069 imperia
434 4970 564 5061 negligi
586 4961 712 5035 aDeo.
764 4960 935 5028 Videmus
956 4957 995 5025 io
1015 4957 1164 5048 imperio
1179 4953 1256 5026 Ro-
1308 4981 1372 5027 nas
1392 4955 1498 5026 utiles
1520 4957 1612 5027 vitae
1635 4980 1902 5043 conservemus,
1936 4973 1970 5028 et
1993 4962 2037 5028 ad
2058 4963 2300 5050 posteritatem

264 5104 372 5153 mano
395 5096 524 5168 paucos
544 5069 652 5140 fuisse
668 5062 820 5152 Augusti
837 5059 991 5142 similes,
1018 5061 1132 5129 bonos
1150 5069 1182 5127 et
1199 5080 1256 5125 sa·
1307 5056 1604 5145 transmittamus,
1631 5085 1704 5130 non
1721 5061 1928 5129 abiiciamus
1943 5062 2057 5131 studia
2073 5079 2213 5150 nostra,
2238 5070 2303 5137 sed

263 5189 396 5257 lutarcs
426 5173 613 5267 principes,
681 5165 808 5253 Qualis
830 5185 926 5232 nunc
950 5175 1001 5230 est
1022 5159 1256 5251 imperiorum
1306 5161 1503 5231 doctrinam
1527 5162 1620 5232 vitae
1642 5161 1890 5242 necessariam,
1915 5177 2089 5254 quantum
2104 5186 2305 5256 possumus,

262 5277 493 5361 deformitas?
543 5269 656 5341 Tusci
679 5289 842 5355 magnam
866 5277 1001 5354 partem
1025 5263 1164 5352 generis
1186 5256 1256 5330 hu·
1307 5286 1548 5353 propagemus.
1600 5263 1684 5334 Non
1707 5262 1870 5348 Servius,
1895 5289 1966 5337 non
1991 5264 2199 5353 Trebatius,
2225 5296 2304 5341 non

262 5389 361 5462 mani
376 5378 578 5457 tristissima
594 5370 761 5440 servitute
780 5381 1039 5458 oppresserunt.
1075 5360 1254 5453 Agnosca-
1305 5363 1399 5444 Piso,
1427 5389 1500 5434 non
1516 5365 1654 5456 Capito,
1677 5391 1758 5435 cum
1773 5366 1935 5435 viderent
1950 5371 2072 5436 ardere
2090 5373 2213 5440 orbem
2230 5388 2305 5444 ter.

250 5517 340 5564 mus
363 5492 475 5560 fatum
496 5479 644 5552 ultimae
666 5483 825 5542 senectae
848 5469 991 5552 mundi,
1026 5462 1060 5537 et
1082 5467 1255 5536 fateamur
1306 5491 1424 5537 rarum
1443 5452 1545 5537 billis
1561 5469 1743 5552 civilibus,
1770 5467 1890 5538 literas
1904 5469 2122 5550 deserebant,
2147 5476 2210 5543 sed
2226 5502 2304 5548 me-
