4732 6030
2050 190 2126 265 218

86 204 173 278 'atr
233 222 244 239 ·
675 178 834 269 DECL.
884 190 959 268 DE
999 172 1436 325 §CRIPTO'IURD
1465 174 1550 263 eret

97 362 199 447 natas
214 394 305 458 esse,
329 370 419 441 sieut
431 365 566 440 Paulus
582 381 749 439 testature
776 363 913 439 Omnes
927 364 1088 459 Respuh.
1125 358 1245 450 ⁴Quod
1269 362 1413 456 quidem
1432 361 1584 448 iacietis,
1607 362 1637 432 si
1653 363 1696 432 ad
1720 363 1909 454 perfectam
1926 362 2124 435 doctrinam

100 474 219 547 omnia
243 472 391 564 imperia
409 496 429 541 a
445 467 521 540 Deo
542 470 705 540 ordinata
721 493 804 542 esse.
856 468 976 561 Quare
993 469 1088 541 Deus
1136 464 1311 554 aspiratis.
1362 462 1474 533 Nemo
1497 465 1591 534 enim
1614 465 1801 555 perfectam
1818 463 2015 534 doctrinam
2039 489 2125 533 con.

100 602 175 647 uon
195 576 309 644 solum
334 573 557 644 Iudaicarum
577 572 713 663 legum,
749 572 809 640 sed
831 572 935 642 etiam
959 567 1087 641 harum
1136 566 1236 658 sequi
1249 577 1380 656 potest,
1406 562 1475 634 nisi
1492 566 1696 655 dignitatem
1713 579 1747 635 et
1761 565 2041 655 magnitudinem
2060 561 2124 634 ha.

97 692 297 748 nostrarum
322 689 427 746 autor
446 687 516 759 est,
554 698 640 767 quas
668 673 944 764 sapientissimae
970 673 1087 743 natio·
1134 690 1214 735 rum
1236 690 1354 736 rerum
1372 666 1557 757 intelligat.
1608 665 1650 737 ld
1674 681 1791 736 autem
1812 667 1889 736 fieri
1909 690 1983 736 non
2001 670 2126 762 potest,

97 802 177 860 nes,
218 790 251 848 et
289 778 423 868 optime
453 775 662 845 constitutae
695 770 866 845 civitates
885 787 1086 846 tenuerunt.
1134 767 1292 836 nisi‘vim
1308 768 1448 838 virtutis
1464 768 1649 859 intelligat.
1696 764 1838 838 Etcum
1856 769 2122 858 periectamdo—
2237 793 2243 800 ·

95 877 201 951 Extat
215 875 302 949 haec
318 877 510 969 disputatio
525 891 559 948 et
573 879 665 968 apud
683 875 923 946 Aristotelem:
956 875 1085 948 Utrum
1134 871 1283 937 ctriuam
1301 870 1484 959 expetatis,
1510 873 1596 940 ordo
1617 869 1722 940 etiam
1739 865 1962 939 adhibendus
1979 869 2062 954 erit,
2088 882 2123 940 et

98 983 206 1053 satius
222 983 267 1050 sit
283 1003 339 1049 res
355 1003 396 1050 ex
413 978 544 1069 scripto
565 979 642 1047 iure
657 978 836 1063 iudicare,
861 1002 907 1047 an
930 1003 970 1047 ex
989 978 1085 1047 arbi·
1135 973 1304 1039 sumenda
1323 996 1361 1039 ex
1378 972 1456 1055 aliis
1472 972 1608 1042 artibus
1623 973 1856 1042 instrumenta
1872 973 2063 1039 necessaria
2077 973 2121 1039 ad

95 1083 166 1155 trio
192 1082 371 1167 iudicum;
412 1081 471 1148 sed
495 1079 702 1149 Aristoteles
731 1080 836 1169 longe
856 1080 1007 1170 praefert
1030 1079 1085 1148 ius
1134 1066 1225 1140 hanc
1245 1071 1509 1162 professionem.
1562 1072 1682 1161 Quare
1700 1073 1729 1140 si
1751 1072 1830 1165 quis
1854 1084 1922 1150 est,
1949 1072 2012 1164 qui
2036 1097 2122 1141 con·

95 1185 280 1276 scriptum.
331 1178 379 1251 Et
400 1181 543 1274 quidem
566 1181 614 1250 ita
633 1181 736 1250 dicit:
765 1182 837 1269 Qui
856 1183 967 1271 legem
986 1204 1085 1271 prae.
1134 1174 1275 1264 temptis
1290 1172 1456 1243 omnibus
1478 1174 1605 1256 literis,
1633 1173 1736 1243 irruit
1760 1175 1803 1241 ad
1822 1173 1894 1258 ius,
1923 1172 1953 1240 is
1975 1173 2061 1244 sciat
2086 1195 2122 1243 se

94 1287 186 1366 ficit,
215 1280 332 1354 Deum
352 1297 387 1354 et
401 1282 493 1372 leges
518 1281 594 1351 vuit
607 1305 784 1373 praeesse,
810 1285 869 1352 sed
889 1283 949 1376 qui
967 1277 1085 1350 homi·
1133 1274 1202 1365 ipsi
1224 1274 1406 1345 doctrinae
1429 1297 1517 1342 rurrs
1546 1298 1714 1343 mrurram
1735 1275 1866 1354 facere,
1895 1296 1985 1367 quae
2006 1297 2122 1367 neque

94 1411 180 1457 nem
198 1385 370 1476 praeficit,
394 1383 494 1454 addit
514 1382 546 1452 ei
568 1384 742 1469 belluam,
767 1383 930 1454 videlieet
946 1383 1085 1474 cupidi·
1132 1377 1209 1446 vult
1222 1376 1401 1446 contemni
1415 1375 1502 1445 alias
1515 1377 1628 1447 bonas
1643 1392 1745 1457 artes,
1766 1398 1880 1467 neque
1895 1375 2027 1468 percipi
2045 1377 2122 1445 sine

95 1502 203 1558 tatem
220 1499 254 1556 et
276 1485 514 1569 iracundiam,
538 1508 629 1577 quae
645 1498 729 1555 sunt
751 1486 927 1565 belluina,
953 1499 987 1555 et
1004 1509 1084 1576 per.
1132 1499 1260 1567 magna
1288 1476 1433 1548 scientia
1456 1479 1648 1549 multarum
1671 1478 1822 1547 aliarum
1842 1478 1970 1546 artium
1996 1491 2120 1569 potest.

94 1601 238 1657 vertunt
252 1587 387 1655 animos
402 1587 508 1656 etiam
525 1586 562 1654 in
580 1587 672 1656 uiris
686 1587 841 1678 optimis.
893 1585 941 1656 At
961 1587 1018 1655 lex
1034 1602 1084 1658 est
1132 1578 1228 1653 Dixi.

89 1700 193 1759 'mens
203 1690 280 1757 sine
294 1689 498 1780 cupiditate.
537 1686 622 1758 'Sed
636 1689 721 1782 quid
736 1688 796 1758 isti
806 1687 975 1779 Centauri
989 1689 1084 1757 iudi-

91 1791 187 1863 cium
203 1788 404 1860 Aristotelis
424 1784 684 1874 morarentur,
700 1790 762 1882 qui
783 1813 897 1881 neque
911 1790 1082 1858 maximo·

90 1916 173 1960 rum
195 1891 375 1975 virorum,
408 1889 471 1982 qai
498 1887 656 1981 Respub.
685 1890 947 1960 constituerunt
969 1912 1084 1981 neque

91 1993 431 2083 sapientissimorum
462 1989 664 2075 civitatum,
698 1991 851 2082 denique
870 2014 986 2082 neque
1013 1992 1083 2060 Dei

90 2093 227 2162 iudicio
250 2105 450 2161 moventur.
510 2088 651 2161 Scilicet
675 2091 756 2183 plus
779 2092 899 2162 vident
921 2087 1083 2162 homines

92 2193 204 2273 ebrii,
232 2192 347 2276 stulti,
373 2192 547 2282 imperiti,
572 2215 678 2285 quam
695 2191 826 2276 Solon,
849 2216 955 2285 quam
971 2191 1082 2264 Sena-

90 2308 149 2365 tus
173 2288 403 2362 Atheniensis
429 2316 467 2360 ac
486 2289 690 2377 Romanus,
725 2318 830 2384 quam
854 2292 1005 2378 Moses,
1020 2298 1082 2364 de-

2038 1812 2117 1829 Or-

1145 1971 1215 2044 No·
1231 1973 1293 2045 28.

1139 2067 1311 2096 m

1942 1980 2115 2099 Q

1364 2173 1442 2259 De
1471 2179 1642 2287 scripto
1672 2175 1772 2259 iure
1801 2185 1885 2259 etc.

1199 2344 1281 2417 Aput
1303 2344 1376 2399 Crat.
1390 2344 1423 2399 M
1434 2346 1462 2404 ·Ι.
1481 2366 1507 2418 p.
1522 2346 1573 2399 218
1586 2367 1664 2418 sqq..
1688 2349 1717 2399 in
1740 2350 1893 2405 Declamat.
1910 2347 1943 2404 Τ.
1960 2347 1980 2405 l.
2000 2364 2028 2418 p.
2042 2347 2119 2418 26¹„

91 2395 200 2488 nique
223 2417 329 2487 quam
354 2393 449 2464 Deus
472 2391 547 2482 ipse
561 2394 727 2463 conditor
747 2391 969 2488 Rerumpub.
984 2411 1017 2466 et
1030 2396 1080 2466 le-

90 2520 173 2587 gum
199 2509 313 2568 autor.
369 2493 439 2565 Sed
465 2494 550 2585 qnid
575 2496 613 2562 iu
645 2519 683 2563 re
712 2497 895 2567 manifesta
919 2520 1009 2588 opus
1030 2513 1081 2569 est

90 2596 197 2687 longa
222 2595 482 2687 disputatione?
533 2592 630 2665 Haec
653 2597 726 2665 dixi
749 2610 887 2668 tantum
910 2599 954 2667 ad
979 2624 1079 2690 prae-

90 2699 304 2767 muniendos
334 2699 588 2782 adolescentes,
620 2721 665 2767 ne
682 2696 889 2788 perniciosis
908 2699 979 2768 illis
1001 2701 1081 2791 opi-

89 2799 259 2869 nionibus
276 2800 501 2868 indoctorum
520 2798 774 2871 adsentiantur.
827 2797 1080 2871 Demosthenes

88 2901 128 2969 in
152 2902 303 2992 quadam
327 2899 531 2988 gravissima
553 2921 655 2964 causa
682 2898 788 2981 dicit,
830 2898 941 2986 legem
973 2903 1080 2970 fuisse

88 3004 183 3095 apud
199 3000 353 3080 Locros,
379 3008 419 3063 ut
441 2997 470 3062 si
495 2996 574 3088 quis
590 3017 757 3064 suasurus
779 3012 868 3066 esset
882 3021 1011 3068 novam
1029 3002 1079 3070 le-

87 3126 186 3192 gem,
215 3108 430 3189 proponeret
450 3118 548 3165 suam
563 3096 774 3165 sententiam
792 3098 977 3170 universae
992 3099 1079 3170 civi-

85 3202 176 3285 tati,
209 3198 301 3266 collo
323 3196 454 3266 inserto
478 3197 516 3264 in
539 3197 723 3289 laqueum,
755 3211 797 3268 ut
821 3198 852 3267 si
873 3223 928 3268 res
953 3202 1079 3295 displi-
1126 3183 1279 3271 Utiliter
1298 3197 1501 3271 institutum
1523 3216 1592 3287 est,
1624 3215 1665 3272 ut
1687 3199 1725 3270 in
1745 3204 1898 3295 quadam
1920 3202 2117 3299 frequentia

87 3301 216 3372 cuisset
231 3297 346 3368 statim
362 3297 660 3387 strangularetur,
683 3297 738 3366 sin
760 3314 875 3370 autem
891 3301 1079 3393 placuisset
1128 3298 1289 3369 omnium
1305 3302 1492 3381 ordinum,
1517 3316 1551 3373 et
1566 3302 1676 3373 lolius
1691 3299 1901 3377 Scholastici
1920 3320 2040 3377 coetus
2053 3310 2116 3379 de·

84 3425 181 3472 nova
203 3401 279 3479 lex,
312 3397 558 3469 dimittebatur
579 3412 684 3468 autor
709 3399 916 3487 incolumis,
959 3429 1078 3474 exem·
1127 3415 1318 3471 cernantur
1343 3405 1473 3491 gradus
1496 3417 1531 3474 et
1555 3403 1738 3474 doctrinae
1763 3406 1978 3478 testimonia.
2035 3406 2115 3478 Pri·

83 3517 147 3596 pto
170 3501 263 3570 collo
285 3523 326 3568 cx
352 3499 491 3594 laqueo.
551 3494 597 3569 Et
617 3501 701 3592 quia
723 3524 830 3570 nemo
853 3503 955 3573 facile
980 3505 1072 3576 iudi.
1126 3524 1223 3569 snum
1248 3515 1287 3571 ut
1309 3505 1450 3593 publica
1474 3504 1722 3593 suffragiorum
1746 3520 1952 3577 nostrorum
1980 3532 2116 3580 renun-

83 3604 180 3676 eium
202 3601 391 3673 universae
417 3599 570 3670 civitatis
599 3601 718 3683 subire
740 3625 845 3672 ausus
867 3615 938 3688 est,
972 3609 1075 3677 annis
1125 3600 1229 3701 ciatio
1252 3604 1332 3693 pius
1354 3604 1552 3675 autoritatis
1577 3598 1741 3692 haberet;
1771 3607 1901 3678 deinde
1928 3611 2026 3680 utin
2048 3608 2115 3683 hae

84 3704 238 3797 amplius
260 3701 440 3785 ducentis,
471 3702 573 3772 nullo
593 3702 755 3771 novalex
778 3705 848 3774 lata
866 3719 928 3778 est.
978 3705 1075 3779 Haec
1123 3702 1321 3794 frequentia
1346 3704 1512 3775 iuventus
1534 3706 1579 3783 de
1602 3706 1803 3777 studiorum
1820 3709 1992 3799 dignitate
2009 3725 2115 3803 atque

83 3798 342 3879 Demosthenes
357 3802 499 3887 recitat,
525 3815 564 3872 ut
584 3803 707 3872 doceat
730 3804 767 3872 in
792 3805 883 3874 bene
900 3809 1073 3880 coustitu—
1123 3803 1277 3873 utilitate
1293 3798 1547 3876 admoneatur.
1570 3804 1693 3898 ltaque
1707 3806 1769 3874 alii
1785 3831 1921 3899 summa
1938 3833 2016 3878 cum
2033 3835 2114 3898 gra·

83 3922 120 3980 ta
139 3904 281 3996 Repub.
304 3903 492 3995 praecipue
511 3898 578 3972 hoc
601 3904 736 3988 caveri,
771 3928 816 3974 ne
835 3919 966 3977 temere
983 3912 1074 3998 leges
1123 3902 1231 3972 vitate
1247 3897 1308 3972 hic
1325 3927 1426 3994 saepe
1442 3908 1487 3971 de
1499 3905 1616 3989 legum
1633 3906 1820 3991 dignitate,
1847 3911 1938 3979 etde
1953 3903 2020 3980 hoc
2040 3903 2123 3983 toto'

82 4021 276 4080 mutentur.
336 4003 492 4075 Proinde
518 4004 636 4074 sciatis
667 4005 785 4086 vobis,
823 4009 1072 4094 adolescentes,
1122 4024 1248 4091 genere
1278 4003 1460 4072 d⁰ciriss³0
1486 4003 1671 4086 dixerunt,
1704 4030 1744 4076 ³⁶
1774 4012 2005 4082 ostenderunt
2026 4009 2113 4085 haec

83 4106 309 4199 nullo-modo
326 4131 405 4189 cum
422 4105 551 4197 ineptis
564 4106 636 4175 illis
655 4105 877 4175 sentiendum
896 4130 987 4193 esse,
1010 4109 1071 4202 qui
1122 4115 1244 4171 nostra
1268 4102 1385 4171 studia
1418 4103 1605 4196 praecipue
1634 4107 1680 4176 ad
1707 4104 1885 4203 Rempub.
1917 4113 2111 4207 pertinere,

82 4211 144 4280 ius
157 4208 339 4299 scriptum,
366 4224 401 4279 et
414 4202 506 4277 hane
521 4206 718 4276 doctrinam
735 4230 839 4298 quam
857 4209 1072 4299 profitemur,
1121 4215 1390 4297 secuturamque
1422 4205 1600 4294 ingentem
1634 4209 1879 4281 confusionem
1908 4238 1948 4284 ac
1979 4216 2111 4288 barba·

82 4335 125 4382 ex
148 4310 225 4380 foro
248 4311 390 4401 explodi
413 4310 549 4382 volunt.
603 4307 700 4396 Quin
719 4308 768 4378 ita
783 4310 953 4397 cogitare,
978 4312 1072 4382 inter
1120 4303 1209 4374 riem
1231 4305 1322 4375 vitae
1347 4299 1553 4392 homiuum,
1585 4308 1615 4377 si
1637 4304 1723 4381 haec
1753 4313 1926 4385 eruditior
1948 4318 2108 4392 doctriua

80 4409 217 4483 caetera
240 4406 386 4483 honesta
411 4410 525 4480 officia
548 4405 616 4479 hoc
636 4433 777 4503 quoque
793 4410 948 4503 requiri,
972 4427 1013 4483 ut
1026 4415 1070 4482 de
1117 4403 1446 4477 iureconsultorum
1474 4411 1661 4484 deleretur.
1713 4411 1786 4481 Nec
1809 4439 1892 4485 vero
1919 4420 2108 4513 quicquam

77 4516 160 4586 iure
190 4537 231 4583 ac
267 4515 402 4604 legibus
429 4526 631 4581 reverenter
653 4512 823 4584 sentiatis.
887 4511 959 4582 Vos
987 4539 1069 4585 vero
1120 4502 1302 4578 honestius
1325 4523 1394 4593 est,
1421 4524 1455 4578 et
1478 4513 1646 4582 omnibus
1667 4514 1773 4584 bonis
1790 4516 1892 4603 viris,
1918 4525 1958 4588 ac
1973 4526 2110 4611 praeci-

77 4610 281 4688 scholastici
296 4613 404 4699 luris,
427 4613 659 4682 memineritis
676 4607 768 4685 hauc
781 4613 978 4683 doctrinam
995 4640 1069 4687 uon
1119 4632 1188 4700 pue
1210 4622 1345 4687 nostro¹
1358 4609 1484 4679 ordine
1500 4612 1660 4701 dignius,
1686 4639 1792 4708 quam
1815 4643 2038 4709 propugnare
2057 4627 2108 4695 le-

78 4717 195 4789 solum
210 4719 254 4785 ad
274 4711 340 4785 hoc
362 4715 473 4799 tradi,
499 4729 538 4784 ut
556 4714 750 4783 causidicos
766 4715 892 4784 efficiat
908 4717 1068 4786 callidio-
1118 4732 1177 4798 ges
1203 4713 1372 4780 adversus
1403 4712 1559 4782 furorem
1589 4715 1646 4783 vel
1670 4717 1812 4806 populi,
1852 4722 1908 4788 vei
1936 4734 2107 4815 tyranno-

77 4842 152 4901 res,
185 4820 247 4887 sed
271 4819 384 4888 multo
414 4818 542 4905 magis,
575 4829 613 4884 ut
639 4815 732 4884 viros
755 4807 931 4886 iustos'ac
954 4818 1068 4887 bonos
1117 4836 1210 4882 rum.
1262 4809 1391 4881 Nullae
1414 4813 1603 4899 victoriae,
1635 4818 1727 4885 nulli
1751 4816 1924 4910 triumphi
1948 4825 2105 4912 plusve.

77 4920 218 4992 efficiat.
284 4917 361 4989 Hoc
394 4919 522 5011 putetis
549 4918 587 4985 in
613 4911 679 4984 hae
712 4918 873 4986 doctrina
899 4920 1067 5011 praecipi,
1117 4937 1176 4981 rae
1195 4913 1312 4981 laudis
1336 4928 1536 4994 merentur,
1568 4940 1674 5010 quam
1705 4914 1791 4988 haec
1827 4923 1986 4994 defensio
2017 4955 2105 5020 pro·-

76 5025 173 5118 quod
190 5035 242 5091 est
257 5023 349 5111 apud
368 5019 704 5109 praestantissimum
721 5016 885 5088 Poetam:
1117 5013 1355 5107 pugnatioque
1379 5017 1467 5084 iuris
1490 5033 1524 5088 et
1540 5019 1740 5104 doctrinae,
1766 5046 1855 5115 quae
1875 5038 1925 5094 est
1948 5018 2104 5121 Reipub.

128 5128 244 5193 Discite
259 5135 404 5191 iustitiam
418 5133 546 5204 moniti,
572 5141 601 5189 et
616 5142 828 5206 uou'spernere
844 5127 940 5188 diros.
1116 5117 1319 5190 necessaria.
1370 5116 1585 5212 Quanquam
1601 5133 1717 5190 autem
1736 5117 1820 5193 haec
1837 5151 1939 5197 causa
1956 5136 2103 5205 summis
2122 5208 2126 5217 ‚

43 5274 46 5279 ·
74 5222 217 5297 Dabitis
239 5227 346 5315 igitur
368 5248 528 5315 operam,
561 5236 599 5293 ut
621 5246 700 5291 cum
719 5223 792 5310 ipsa
814 5222 975 5291 doctrina
990 5234 1065 5289 stu·
1116 5218 1339 5310 eloquentiae
1354 5219 1491 5289 viribus
1510 5226 1672 5310 ornanda
1688 5238 1779 5310 erat,
1805 5240 1923 5298 tamen
1939 5235 2101 5302 omnium

74 5329 177 5399 dium
198 5327 356 5398 iustitiae
383 5338 418 5395 et
440 5325 600 5394 omnium
630 5326 801 5394 virtutum
829 5323 1060 5413 coniungatis.
1115 5321 1292 5390 laudanda
1314 5335 1364 5390 est
1384 5320 1569 5410 voluutas,
1603 5325 1665 5419 qui
1690 5327 1823 5397 etiamsi
1850 5354 1924 5400 non
1954 5349 2102 5422 possunt

1234 2415 1261 2466 in
1275 2415 1394 2470 Servest.
1432 2453 1439 2468 .
1455 2418 1476 2471 l.
1492 2436 1518 2486 p.
1531 2415 1590 2470 226.
1604 2430 1628 2469 et
1642 2416 1713 2483 apud
1727 2417 1853 2470 Richacd.
1869 2419 1902 2473 Τ.
1918 2415 1955 2470 ΙΙ.
1971 2437 1999 2489 p.
2012 2419 2072 2473 ⁵41.
2084 2444 2119 2461 -ι

1232 2481 1297 2551 Quo
1311 2500 1384 2563 auno
1400 2485 1499 2566 scripta
1512 2482 1561 2563 sit,
1579 2482 1688 2535 definiri
1703 2500 1760 2536 non
1777 2493 1882 2552 potest,
1909 2485 1959 2537 nisi
1978 2486 2051 2555 quod
2068 2504 2118 2539 co·

1233 2552 1954 2696 ttttfltttd¹¹t¹5l¹¹ltttlt{idttmaslt'}
1967 2562 2120 2691 :ltlttt

1231 2686 1444 2743 similitudinem.

1129 2850 1258 2920 Oratio
1287 2844 1432 2939 ptdlioe
1458 2844 1591 2919 habito
1616 2847 1874 2945 Witenbery'oe
1896 2855 1939 2920 in
1967 2872 2120 2943 prosm-

1128 2957 1232 3023 stone
1253 2953 1427 3020 Doctora's
1454 2954 1577 3036 luris,
1613 2949 1661 3020 de
1690 2956 1830 3043 scripto
1865 2956 1971 3040 iure,
2005 2953 2118 3025 etde

1243 3048 1430 3145 dignitate
1443 3055 1878 3145 numentanorum
1892 3059 2003 3128 iuris.
