4732 6030
182 306 207 333 ''
240 319 292 398 06
324 315 330 335 '
823 305 988 437 llECL
1019 305 1094 383 DE
1126 305 1458 386 nntnnntco
1490 304 1691 386 ELECT.
2218 309 2272 383 96

242 503 308 587 rit,
333 512 369 569 et
391 494 488 590 quod
505 491 542 560 in
560 509 667 578 regno
683 483 919 556 difficilimum
936 497 1010 570 est,
1033 481 1233 553 retinuerit.
1283 495 1401 578 patre,
1426 482 1641 554 alienissimo
1663 495 1833 572 tempore.
1883 477 2043 558 Coniecit
2064 482 2186 553 oculos
2208 506 2273 576 pa·

244 605 433 676 Praetcreo
470 615 558 687 quae
598 590 636 657 in
672 588 845 658 adeundis
880 585 1047 680 periculis
1076 584 1232 656 conlatio
1283 585 1351 656 tria
1374 585 1413 654 in
1433 585 1579 657 fratrem
1599 597 1720 669 tuum,
1745 583 1842 653 illius
1865 605 1902 652 se
1922 582 2003 652 fidei
2028 595 2104 655 tuto
2126 585 2273 678 quidem

240 705 361 789 fuerit,
386 720 474 793 quae
488 691 685 763 constantia
699 690 737 758 in
751 688 968 780 perferendis
982 686 1100 760 fuerit.
1149 683 1232 756 Non
1283 687 1457 759 committi
1478 687 1604 772 sentit,
1642 685 1702 755 sed
1723 685 1798 777 ipse
1822 685 1926 755 etiam
1949 697 2051 775 putat
2071 707 2107 754 se
2127 687 2183 756 sui
2205 687 2274 756 ali-

245 810 325 881 dico
344 809 477 896 quanta
497 794 651 866 suavitas
673 793 710 860 in
727 790 895 861 familiari
910 810 1099 879 congressu
1114 787 1233 873 fuerit,
1284 813 1390 881 quam
1415 801 1550 881 partem
1574 787 1787 880 perdidisse,
1821 799 1854 857 te
1879 787 2052 871 extincto,
2085 786 2196 856 animi
2217 787 2273 859 tui

243 919 375 1006 quanta
398 901 438 968 in
461 918 622 967 sermone
647 894 848 977 urbanitas,
874 904 1005 987 quanta
1028 889 1162 980 ingenii
1174 913 1232 958 ar·
1284 890 1517 980 praesentiam
1532 904 1567 960 et
1582 890 1694 960 robur
1707 889 1746 957 in
1762 889 1894 979 asperis
1908 888 2075 984 omnibus
2088 889 2195 958 rebus
2211 891 2276 958 de-

242 1010 340 1104 gutia
363 1001 482 1075 fuerit.
532 995 614 1067 Non
638 1018 876 1066 commemoro
900 991 1083 1063 scientiam
1105 991 1156 1059 rei
1179 990 1233 1060 fa·
1284 993 1428 1062 siderat.
1478 989 1548 1060 Hic
1563 988 1714 1063 Senatus
1733 990 1838 1061 etiam
1862 989 2009 1060 ditionis
2031 989 2155 1059 dolore
2176 1015 2275 1060 moe-

242 1107 395 1184 mffiaris
416 1100 683 1192 gubernandae,
714 1120 804 1190 qnae
825 1097 895 1167 fuit
915 1094 953 1163 in
977 1093 1041 1162 illo
1063 1092 1173 1176 mira,
1197 1104 1233 1161 et
1283 1093 1448 1189 stiriaque
1467 1094 1706 1173 exanimatus,
1731 1104 1838 1183 caput
1858 1091 1991 1183 publici
2009 1091 2168 1177 consilii,
2191 1104 2275 1162 tan·

245 1238 315 1310 qna
328 1228 444 1299 nuper
454 1223 634 1274 annonam
650 1199 948 1286 ingravescentem
963 1195 1104 1264 laxavit.
1135 1190 1233 1263 Haec
1285 1219 1392 1290 quam
1423 1195 1462 1263 in
1483 1192 1736 1287 Imperatorem
1766 1184 1937 1265 exercitus
1957 1193 1996 1261 in
2020 1193 2128 1262 dubia
2154 1216 2274 1283 pugna

244 1312 364 1388 omnia
387 1305 508 1376 animo
531 1300 720 1392 repetenda
741 1313 826 1369 sunt
845 1297 964 1382 vobis,
1005 1308 1041 1366 et
1063 1296 1232 1365 memoria
1285 1296 1454 1389 requirit,
1479 1310 1539 1367 tua
1563 1297 1680 1385 signa,
1705 1309 1802 1365 tuam
1823 1320 1946 1365 vocem
1970 1295 2070 1388 sequi
2094 1297 2275 1367 adsuetus.

244 1413 404 1489 omnium
425 1407 524 1477 illius
544 1404 718 1472 virtutum
740 1424 780 1471 ac
800 1399 1010 1469 meritorum
1024 1398 1234 1482 revocanda,

242 1534 284 1592 ιιι
299 1497 502 1607 expendatis
515 1505 680 1596 primum,
705 1515 874 1596 quantam
883 1498 959 1571 Deo
973 1522 1039 1592 pro
1053 1496 1233 1568 taliPrin-

244 1623 322 1712 cipe
343 1610 511 1705 gratiam,
536 1607 665 1677 deinde
685 1617 854 1699 quantam
866 1603 977 1694 ipsius
994 1600 1157 1669 manibus
1172 1602 1234 1668 de·

243 1725 410 1799 beamus,
434 1711 535 1783 nulla
555 1721 648 1779 aetas
668 1731 710 1774 ex
732 1705 860 1775 animis
883 1701 1013 1775 nostris
1027 1702 1233 1771 memoriam

244 1833 364 1896 tantae
379 1811 573 1886 virtutisne
589 1807 841 1879 beneficiorum
857 1806 976 1874 delere
990 1803 1105 1875 debet.
1130 1797 1234 1871 Ami·

191 1934 193 1938 '
245 1926 292 1996 sit
313 1919 427 1998 enim,
457 1913 605 1983 miseros
626 1931 709 1994 nos,
741 1907 854 2000 patria
874 1929 949 1974 non
970 1916 1108 1975 tantum
1128 1901 1234 1973 Prin-

152 2098 158 2107 ,
246 2027 362 2116 cipem
378 2018 505 2090 utilem
519 2037 559 2082 ac
572 2013 781 2094 salutarem,
807 2022 843 2079 ct
858 2008 1048 2077 diuturnae
1062 2005 1157 2094 pacis
1171 2029 1233 2073 cu-

246 2127 404 2206 stodem,
435 2117 496 2188 sed
519 2127 654 2207 patrem
674 2112 777 2182 etiam
803 2133 916 2202 aquo
936 2107 1043 2177 bonis
1067 2107 1235 2176 omnibus

246 2229 353 2300 rebus
377 2230 543 2291 exornata
564 2229 626 2288 est.
677 2210 829 2284 Divinos
849 2205 1004 2291 honores
1026 2220 1235 2278 meruerunt

245 2325 397 2409 alicubi,
421 2320 484 2416 qui
507 2318 680 2388 culturam
703 2336 868 2404 agrorum
892 2311 1141 2381 ostenderunt:
1164 2307 1234 2378 Hic

245 2448 413 2521 agrorum
441 2421 637 2502 culturam,
668 2413 913 2485 educationem
942 2411 1097 2494 sobolis,
1129 2422 1234 2504 atque

244 2525 528 2604 institutionem,
560 2517 839 2607 negociationem
868 2512 1150 2585 constantissime
1177 2527 1233 2582 tn·-

244 2648 340 2706 tatus
363 2641 432 2707 est,
457 2645 541 2716 pace
562 2645 625 2712 per
648 2632 701 2689 ιοι
724 2639 838 2687 annos
859 2628 1074 2686 conservata.
1131 2611 1234 2682 Ami-

248 2742 373 2805 serunt
395 2741 429 2796 et
450 2723 567 2794 studia
587 2733 707 2791 nostra
721 2718 981 2801 Maecenatem,
1006 2737 1111 2784 nemo
1137 2715 1232 2782 enim

245 2831 473 2920 Principum,
500 2823 641 2912 ingenia
659 2834 720 2891 aut
736 2833 839 2889 norat
853 2819 979 2887 melius
995 2830 1056 2886 aut
1069 2816 1157 2886 aluit
1171 2817 1230 2886 be-

184 2916 189 2925 *
244 2935 402 3027 nignius.
454 2922 585 2997 Amisit
608 2923 772 2994 universa
790 2918 982 2990 Germania
1001 2916 1152 2988 Senatus
1166 2919 1235 2985 im-

244 3037 337 3133 perii
350 3030 565 3119 Principem.
619 3023 663 3094 ln
685 3019 754 3092 hoc
774 3022 969 3114 plurimum
989 3019 1096 3089 bonis
1115 3021 1234 3088 omni-

244 3143 314 3212 bus
341 3130 507 3227 praesidii
538 3142 630 3212 erat,
661 3128 704 3196 ad
733 3121 829 3194 hunc
857 3121 1016 3216 proxime
1045 3120 1083 3188 in
1106 3143 1234 3210 magno

247 3234 462 3312 Germaniae
483 3228 686 3298 discrimine
707 3225 906 3296 detulerant
924 3247 1042 3292 rerum
1059 3245 1234 3292 summam

246 3360 371 3414 omnes
399 3332 561 3415 ordines,
594 3325 701 3398 huius
722 3325 931 3416 sapientiam
954 3337 989 3394 et
1012 3324 1233 3394 autoritatem

240 3418 452 3516 iudicabant
464 3456 583 3525 parem
601 3453 673 3500 esse
687 3429 843 3520 gerendo
857 3426 1021 3515 imperio,
1043 3419 1140 3492 ltnnc
1154 3439 1234 3493 tan·

247 3567 355 3640 quarn
382 3536 564 3607 oraculum
591 3532 737 3624 aliquod
759 3530 797 3597 in
821 3527 995 3617 ambiguis
1019 3527 1126 3595 rebus
1150 3550 1234 3596 con·

246 3644 420 3717 sulebant.
471 3632 518 3706 Et
540 3635 688 3704 amissus
707 3645 760 3700 est
777 3626 845 3699 hoc
866 3643 1040 3718 tempore,
1064 3650 1145 3696 cnm
1161 3641 1235 3700 rota

246 3741 441 3819 Germania
457 3738 552 3809 civili
568 3737 661 3806 bello
679 3734 797 3816 ardet,
820 3743 854 3800 et
868 3745 908 3801 ut
924 3731 984 3799 ille
1001 3728 1107 3800 dixit:

350 3849 480 3912 Vicinae
495 3851 591 3928 ruptis
607 3848 684 3906 inter
700 3865 731 3904 se
746 3841 862 3923 legibus
878 3841 967 3901 urbes

347 3951 444 4016 Arma
457 3951 577 4026 ferunt,
590 3949 693 4010 'saevit
708 3957 773 4007 toto
786 3941 866 4005 Mars
881 3945 992 4025 impius
1008 3941 1089 4001 orbe.

244 4052 407 4143 Cumque
433 4048 477 4116 ad
502 4043 755 4115 restituendam
776 4063 914 4130 pacem,
940 4038 984 4107 ad
1006 4037 1123 4127 legum
1149 4032 1234 4102 reli-

245 4153 433 4244 gionisque
454 4144 758 4224 emendationem,
788 4134 896 4207 huius
916 4139 1120 4220 autoritate,
1148 4150 1235 4227 pru-

1285 1396 1356 1469 Sed
1378 1397 1531 1468 nimium
1549 1398 1717 1488 indulgeo
1732 1397 1869 1481 dolori,
1893 1397 1982 1491 quin
1999 1419 2118 1466 recreo
2135 1420 2212 1477 me,
2239 1409 2275 1469 et

1285 1501 1431 1590 colligo,
1471 1523 1561 1594 quae
1593 1500 1728 1570 luctum
1758 1498 1877 1591 aliqua
1907 1523 1946 1567 ex
1976 1512 2074 1588 parte
2099 1498 2275 1574 minuant.

1285 1599 1379 1672 Sunt
1402 1615 1518 1671 autem
1542 1626 1560 1670 a
1587 1601 1806 1693 sapientibus
1826 1600 1911 1669 viris
1934 1602 1978 1669 de
1994 1601 2165 1671 brevitate
2181 1599 2275 1671 vitae

1287 1704 1490 1773 mortalium
1523 1705 1637 1796 deque
1672 1702 1854 1772 communi
1890 1701 2112 1771 nascentium
2149 1702 2276 1773 condi-

1286 1806 1382 1876 tione
1398 1805 1573 1896 dispntata
1591 1806 1632 1872 ad
1650 1804 1928 1873 assuefaciendus
1942 1804 2098 1883 animos,
2123 1817 2163 1873 ιιι
2175 1827 2275 1873 com·

1287 1907 1407 1976 munia
1431 1906 1521 1974 mala
1541 1906 1688 1998 aequius
1707 1907 1850 1975 ferrent.
1902 1903 2003 1992 Quae
2016 1926 2082 1974 nos
2099 1898 2166 1974 boc
2182 1917 2275 1975 tem-

1287 2031 1372 2098 pore
1402 2031 1477 2075 non
1505 2008 1730 2097 attingemus.
1783 2003 1874 2075 Nam
1901 2030 1964 2096 ego
1986 2002 2168 2076 Friderico
2193 2006 2276 2098 ipsi,

1285 2132 1489 2203 quanquam
1513 2122 1547 2178 et
1568 2109 1659 2178 ratio
1680 2121 1713 2177 et
1729 2107 1923 2177 multarum
1939 2131 2058 2177 renim
2073 2130 2158 2179 usus
2172 2109 2275 2178 addi·

1286 2213 1385 2280 derat
1414 2199 1581 2300 magnum
1611 2209 1789 2301 quoddam
1817 2211 1929 2279 robur
1957 2211 2002 2279 ad
2029 2209 2193 2280 ferendas
2219 2234 2275 2279 res

1286 2312 1410 2397 duras,
1435 2324 1552 2381 tamen
1575 2312 1681 2381 aliam
1704 2323 1787 2402 puto
1808 2310 1998 2401 maiorem,
2018 2311 2275 2404 ‚efficaciorem-

1284 2437 1353 2506 que
1375 2438 1531 2498 cansam,
1556 2414 1657 2482 firmo
1677 2413 1797 2483 animo
1813 2414 1996 2482 adeundae
2013 2411 2145 2486 mortis.
2195 2409 2274 2482 No-

1286 2522 1338 2586 rat
1361 2517 1456 2585 enim
1475 2539 1516 2585 ex
1529 2510 1731 2585 Christiana
1753 2514 1935 2601 doctrina,
1958 2527 2107 2614 mortens
2126 2535 2200 2584 esse
2214 2536 2275 2604 ge-

1285 2618 1363 2687 neri
1393 2614 1581 2711 hominum
1610 2616 1783 2686 divinitus
1805 2616 2025 2708 impositam,
2057 2640 2131 2686 non
2155 2616 2274 2703 modo,

1284 2733 1324 2790 ut
1349 2743 1414 2811 pro
1437 2731 1577 2811 peccato
1598 2741 1747 2810 poenam
1763 2717 1958 2800 lueremus,
1985 2719 2080 2812 quod
2097 2729 2172 2789 erat
2189 2738 2274 2788 sane

1286 2821 1472 2905 miserum,
1496 2821 1578 2904 sed,
1604 2820 1699 2912 quod
1716 2819 1784 2911 piis
1801 2843 1874 2888 esse
1888 2830 2088 2912 pergratum
2104 2819 2212 2906 solet,
2233 2833 2274 2890 ut

1285 2938 1399 2994 morte
1426 2923 1626 3014 deponatur
1645 2934 1846 3015 peccatum,
1880 2935 1915 2992 et
1936 2921 2178 3014 ingrediamur
2201 2921 2273 2990 im-

1286 3023 1511 3095 mortalitatis
1532 3022 1611 3095 iter·
1660 3020 1773 3093 Porro
1797 3038 1832 3095 et
1852 3038 1933 3094 ante
1952 3038 2026 3095 acta
2044 3021 2133 3108 vita,
2157 3036 2192 3093 et
2209 3022 2274 3092 illa

1286 3125 1429 3196 demum
1452 3125 1563 3195 animi
1586 3125 1799 3214 praesentia,
1825 3149 1906 3193 cum
1924 3126 1993 3193 iam
2010 3149 2101 3216 pene
2117 3124 2272 3194 animam
2295 3164 2300 3171 -

1286 3239 1421 3317 ageret,
1453 3238 1660 3314 argumento
1683 3237 1767 3291 sunt
1787 3223 1934 3291 sensisse
1954 3247 2054 3290 suam
2077 3225 2153 3295 Deo
2178 3222 2273 3295 salu·

1286 3342 1357 3398 tem
1379 3351 1482 3397 curae
1498 3348 1582 3395 esse.
1633 3321 1722 3391 Nam
1741 3326 2092 3415 praeterquamquod
2111 3327 2274 3416 religiose

1287 3429 1417 3498 muniit
1441 3448 1515 3494 sese
1536 3418 1776 3503 Eucharistia,
1795 3417 1845 3494 =et
1867 3419 2081 3493 Christianis
2096 3427 2275 3516 precibus,

1286 3532 1335 3599 sic
1348 3529 1481 3622 accipio
1495 3525 1717 3617 respondisse
1731 3527 1797 3594 sub
1813 3527 1928 3616 ipsum
1944 3526 2035 3595 vitae
2047 3525 2164 3611 tinem,
2190 3551 2274 3596 curn

1287 3631 1527 3701 consolaretur
1549 3627 1739 3722 quispiam:
1773 3625 1870 3696 Deus
1891 3628 2009 3713 dedit,
2032 3624 2130 3698 Deus
2151 3630 2276 3698 abstu-

1286 3734 1346 3817 lit,
1369 3733 1414 3802 sit
1436 3755 1567 3801 nomen
1590 3727 1738 3798 Domini
1763 3731 2002 3801 benedictum.
2055 3725 2091 3800 Ο
2115 3730 2275 3822 praecla-

1286 3859 1361 3903 ram
1393 3857 1533 3916 vocem,
1565 3845 1599 3903 et
1627 3843 1749 3902 testem
1772 3832 1865 3900 bene
1885 3832 2069 3903 sentientis
2091 3831 2203 3900 animi
2229 3833 2275 3901 de

1286 3934 1371 4005 Deo.
1421 3932 1515 4003 Nam
1536 3928 1627 4002 milii
1650 3935 1771 4020 crede,
1795 3934 1957 4026 quisquis
1979 3934 2026 4003 ita
2042 3934 2198 4003 adfectus
2212 3947 2275 4019 est,

1286 4051 1325 4109 ut
1343 4037 1473 4107 sentiat
1494 4032 1602 4106 huius
1619 4036 1708 4104 lucis
1721 4059 1865 4104 usuram
1884 4037 2056 4105 divinitus
2070 4037 2174 4105 nobis
2188 4059 2276 4106 con-

1286 4161 1416 4210 cessam
1443 4161 1535 4220 esse,
1567 4137 1695 4206 deinde
1720 4159 1784 4202 nos
1804 4160 1877 4203 non
1901 4151 2031 4207 temere
2055 4138 2276 4224 occumbere,

246 4252 367 4324 dentia
394 4262 428 4316 et
458 4243 569 4313 animi
597 4238 842 4329 magnitudine
867 4238 1017 4306 maxime
1037 4257 1126 4324 opus
1148 4250 1234 4307 erat.
1285 4241 1344 4311 sed
1361 4239 1428 4311 Dei
1445 4238 1593 4308 arbitrio
1610 4258 1735 4304 exuere
1748 4232 1816 4305 hoc
1832 4262 1978 4329 corpus,
2005 4254 2182 4331 praeterea
2197 4263 2274 4309 non

245 4353 368 4427 N⁰lim
390 4346 520 4439 patriae
541 4343 632 4411 ¹⁰²¹st
647 4340 817 4422 ⁰¹¹¹i¹¹³¹32
842 4355 878 4410 ³²
894 4353 1014 4408 ῐῐὶθῑῦθ
1031 4350 1164 4418 lamen,
1190 4359 1234 4403 sse
1285 4355 1424 4413 tantum
1441 4339 1570 4429 deponi
1587 4338 1711 4417 vitam,
1723 4340 1798 4433 ‚sed
1811 4336 1888 4409 Deo
1904 4341 1972 4409 iam
1990 4339 2181 4424 committi,
2208 4364 2275 4430 po·

245 4455 344 4527 Deus
363 4451 475 4519 italus
496 4445 598 4516 terris
615 4437 711 4511 hunt
726 4440 915 4531 eripuerit,
940 4463 985 4506 ne
1000 4461 1104 4530 quem
1124 4432 1234 4505 habe·
1285 4457 1414 4513 stremo
1445 4441 1550 4512 etiam
1573 4438 1641 4508 Dei
1673 4462 1803 4508 nomen
1827 4441 1866 4509 in
1890 4456 2043 4511 extremo
2067 4442 2273 4512 discrimine

246 4577 365 4627 remus
386 4552 555 4637 idoneum
582 4543 742 4637 publicae
767 4541 862 4633 Pacis
885 4554 1055 4611 autorem·
1105 4536 1234 4608 Multis
1286 4544 1473 4637 praedicat.
1525 4539 1559 4610 Is
1581 4540 1705 4632 procul
1728 4543 1837 4612 dubio
1862 4544 2111 4612 animadvertit
2135 4558 2273 4633 praesto

246 4661 318 4729 iam
348 4651 521 4748 prodigiis
541 4648 630 4718 iram
652 4668 751 4715 suam
772 4642 981 4732 significavit
1003 4642 1119 4724 Deus,
1153 4653 1234 4710 nata
1285 4647 1403 4715 adesse
1432 4641 1547 4712 Deum
1577 4655 1721 4732 portum
1752 4660 1786 4714 et
1815 4645 2015 4735 profugium
2046 4645 2274 4738 periclitanti,

245 4771 424 4842 monstra,
450 4752 550 4825 Soles
573 4747 771 4838 complures
789 4745 876 4831 visi,
901 4758 1009 4813 noctu
1022 4742 1130 4811 irides
1149 4765 1234 4811 con·
1284 4747 1372 4817 Nam
1397 4745 1505 4834 impia
1526 4766 1626 4811 mens
1647 4746 1758 4817 nescit
1780 4768 1819 4817 se
1840 4747 2013 4816 divinitus
2030 4748 2201 4837 accepisse
2219 4749 2275 4816 vi.

247 4859 401 4954 spect'ae,
426 4856 563 4926 sonitus
585 4853 623 4920 in
647 4873 726 4920 'me
743 4860 993 4941 iyfflP³ss⁰ffl¹1¹
1010 4844 1170 4929 amilius,
1196 4854 1254 4912 ui
1285 4864 1367 4931 tam,
1390 4860 1520 4917 temere
1535 4845 1710 4916 existimat
1724 4872 1760 4917 se
1773 4850 1991 4934 occumbere,
2016 4844 2110 4919 nihil
2123 4850 2160 4917 in
2175 4863 2273 4920 tanta

246 4976 308 5034 aut
329 4982 448 5030 rernm
465 4955 625 5024 omnium
641 4953 720 5022 finis
733 4950 915 5019 videretur
926 4947 1149 5038 impendere,
1174 4957 1234 5012 aut
1285 4950 1481 5018 calamitate
1509 4948 1675 5037 praesidii
1703 4945 1821 5023 habet.
1879 4948 2061 5022 Postremo
2091 4964 2274 5022 execratur

247 5058 436 5151 singularis
459 5053 671 5126 Germaniae
701 5054 828 5125 clades.
887 5044 1043 5118 Accessit
1074 5051 1116 5115 ad
1150 5042 1235 5115 haec
1285 5051 1392 5121 etiam
1418 5049 1540 5119 divina
1568 5051 1688 5120 omnia
1719 5076 1800 5120 cnm
1829 5052 1942 5122 deseri
1972 5079 2009 5123 se
2035 5055 2151 5125 sentit.
2203 5050 2274 5123 Hic

245 5161 418 5236 Friderici
433 5180 544 5240 mors,
570 5177 676 5248 quem
689 5177 803 5222 unum
816 5146 1009 5220 habuimus
1021 5146 1235 5238 Principem,
1273 5177 1368 5221 *vero
1384 5151 1579 5242 implorans
1597 5176 1699 5243 opem
1717 5177 1735 5221 a
1751 5150 1827 5222 Deo
1840 5154 1935 5246 ipso,
1962 5169 1996 5225 et
2012 5158 2210 5248 postulans,
2232 5167 2274 5226 ut

246 5267 347 5338 cuius
375 5259 523 5332 consilio
546 5255 686 5345 publica
709 5255 801 5322 mala
825 5252 941 5321 sanari
961 5262 1134 5343 poterant.
1186 5246 1234 5319 Et
1285 5254 1437 5322 aliorum
1458 5253 1621 5345 precibus
1641 5255 1841 5335 iuvaretur,
1868 5282 1942 5327 nun
1964 5260 2071 5327 semel
2095 5257 2274 5352 professus

245 5380 398 5438 mortem
418 5376 514 5433 tuam
529 5355 709 5427 friderice
731 5379 806 5424 1¹⁰11
822 5351 1054 5425 defleremus?
1079 5374 1153 5418 non
1168 5351 1234 5420 do·
1276 5366 1355 5439 -est,
1380 5354 1467 5446 quid
1486 5369 1660 5446 speraret,
1685 5368 1725 5424 ut
1743 5378 1779 5424 se
1797 5359 1968 5429 reiecisset
1983 5375 2094 5432 totum
2112 5362 2150 5430 in
2165 5354 2275 5430 Cbri-

245 5470 398 5541 letemus
417 5464 530 5536 vicera
548 5471 706 5530 nostram
722 5457 856 5545 orbati,
880 5480 957 5527 non
971 5452 1147 5541 Domino,
1172 5454 1234 5525 sed
1283 5469 1388 5544 ctum,
1408 5455 1552 5529 interim
1567 5456 1672 5527 etiam
1685 5456 1868 5531 verissimo
1881 5462 2160 5559 suavissimoque
2172 5490 2275 5559 prae-
