4732 6030
258 330 354 403 1039
778 320 939 400 DECL.
973 320 1047 399 DE
1077 320 1450 399 NATIVITATE
1482 325 1743 403 cautsrt.

2182 341 2293 419 1040

357 499 493 573 Contra
527 521 613 569 acro
646 498 941 588 execranduscst
969 497 1070 567 furor
1096 519 1244 586 magnae
1295 496 1457 587 plexum,
1481 500 1525 568 de
1541 524 1612 594 quo
1628 494 1687 570 hie
1704 498 1865 572 Psalmos
1881 503 2060 595 praecipit.
2115 507 2202 581 Sine
2218 506 2293 585 hac

258 601 497 673 multitudinis
522 600 560 668 iu
585 623 709 690 genere
725 594 901 685 humano,
926 624 1017 693 quae
1034 624 1106 668 nou
1122 600 1244 669 osculo
1295 600 1456 669 doctrina
1486 602 1529 669 de
1551 602 1636 685 fide,
1668 626 1772 671 nemo
1793 602 1967 695 intelliget
1988 604 2115 697 Angeli
2138 636 2291 703 praeco-

260 704 385 794 excipit
398 698 598 785 Christum,
623 704 684 771 sed
707 701 762 769 vel
783 704 934 792 superbe
950 701 1162 783 contemnit,
1188 700 1246 768 vel
1295 699 1409 770 nium.
1460 697 1552 772 Ecce
1583 704 1764 773 annuncio
1791 707 1894 775 vobis
1912 708 2078 795 gaudium
2100 736 2289 803 magnum.

259 805 450 879 crudeliter
463 804 551 887 odit,
573 817 613 873 ut
623 801 794 886 Herodes,
818 804 935 873 statim
950 803 1012 873 ubi
1029 802 1168 872 rescivit
1181 826 1245 869 na·
1296 802 1402 889 (hand
1427 804 1493 873 crit
1515 806 1682 893 gaudium
1705 806 1903 889 dubilassfis
1935 808 2085 897 sutilem
2109 826 2143 882 ‘l
2163 818 2291 907 “Pel-

258 922 336 979 ῑιῃῃ
359 928 452 990 esse,
478 905 627 997 inquirit
648 918 682 974 et
703 904 897 975 interlicere
918 918 1088 995 conatur,
1113 917 1148 973 et
1165 903 1246 995 qui·
1296 903 1385 972 lenti
1401 906 1622 995 complexum
1639 920 1744 999 atque
1760 910 1920 978 osculum
1936 909 2158 981 liberatoris?
2191 915 2289 990 Vult

259 1012 341 1081 dem
365 1007 404 1075 in
426 1006 536 1097 ipsius
557 1005 718 1099 aequales
736 1006 976 1076 crudelitatem
995 1004 1246 1075 atrocissimam
1295 1029 1315 1073 a
1336 1020 1370 1075 te
1393 1006 1464 1096 pati
1486 1001 1571 1076 haec
1594 1032 1740 1077 munera
1765 1003 1946 1095 Christus,
1972 1010 2077 1082 offert
2101 1016 2288 1089 exanimo

260 1124 405 1179 exercet.
458 1106 509 1178 lta
530 1132 625 1176 nune
645 1108 747 1175 rnulti
771 1108 911 1201 tyranni
933 1120 1006 1177 tolo
1030 1109 1115 1175 orbe
1133 1120 1245 1175 terra·
1296 1107 1371 1174 siue
1395 1107 1467 1175 ulla
1490 1107 1725 1180 simulatione.
1779 1106 1947 1181 decedito
1966 1111 2093 1200 igitur,
2119 1129 2154 1185 et
2170 1116 2291 1189 laetus

258 1236 338 1283 rtrrn
356 1212 393 1277 in
410 1210 567 1277 membra
581 1204 714 1278 Christi
733 1210 903 1279 saeviunt.
958 1207 1062 1277 Multi
1079 1202 1245 1297 Epicurei
1295 1208 1412 1298 accipe
1434 1208 1589 1297 ingentia
1614 1210 1801 1295 beneficia,
1829 1228 1862 1283 et
1882 1212 1922 1281 in
1945 1213 2021 1283 eius
2038 1240 2124 1285 voce
2140 1221 2291 1311 acquie-

259 1312 423 1385 derident
451 1311 490 1377 in
517 1310 720 1379 universnm
753 1334 895 1379 omnem
923 1308 990 1379 Dei
1019 1310 1247 1381 mentionem.
1296 1310 1402 1393 scito,
1434 1322 1466 1379 et
1496 1325 1609 1381 statue
1636 1313 1844 1381 adfuturum
1869 1313 1934 1383 tibi
1958 1308 2054 1385 hunc
2074 1313 2288 1403 Dominum,

260 1412 329 1485 Sed
352 1411 518 1481 omnibus
539 1406 596 1480 his
618 1411 656 1478 iu
684 1407 751 1480 hoe
775 1410 914 1480 Psalmo
937 1435 1003 1479 voa
1024 1408 1089 1479 Dei
1115 1430 1246 1500 poenas
1295 1410 1358 1502 qui
1382 1436 1462 1479 eum
1482 1412 1707 1505 assumpserit
1729 1409 1921 1484 humanam
1942 1429 2125 1502 naturam,
2156 1436 2190 1494 et
2213 1424 2287 1495 tale

258 1513 438 1607 proponit.
482 1512 601 1597 Brevi,
620 1513 748 1604 inquit,
771 1512 822 1579 ira
838 1509 906 1581 Dei
921 1513 1130 1594 exardescet,
1155 1532 1246 1603 quae
1296 1510 1479 1581 nobiseum
1508 1515 1633 1584 foedus
1661 1514 1802 1601 lecerit,
1835 1512 1930 1585 lraud
1961 1519 2070 1592 dubie
2096 1544 2160 1591 nos
2184 1540 2289 1599 curat

257 1616 420 1686 funditus
441 1615 573 1681 delebit
591 1636 716 1681 omues
732 1610 868 1703 impios.
921 1611 993 1682 Nec
1008 1613 1086 1681 ideo
1103 1611 1244 1681 fabulae
1294 1626 1328 1683 et
1346 1612 1474 1701 diligit.

258 1731 343 1786 sunt
366 1718 481 1783 minae
503 1727 726 1783 ³020r¹¹⁰fflffl
750 1714 989 1797 ⁰f⁰⁰5³¹¹¹¹¹¹¹¹2
1014 1714 1097 1805 ‘1⁰5³
1114 1713 1244 1830 clcl‘f·
1395 1746 1491 1817 Haec
1506 1750 1550 1817 de
1565 1749 1686 1819 osculo
1699 1748 1765 1819 filii
1780 1752 2017 1823 adolescentes
2033 1778 2112 1823 cum
2128 1756 2164 1825 in
2181 1764 2287 1831 omni

258 1840 321 1911 pes
344 1830 378 1886 et
392 1812 561 1905 Epicurei
581 1814 633 1882 illi
651 1814 810 1883 deridere
824 1838 882 1884 eas
896 1816 1040 1884 audent.
1091 1814 1159 1885 Sed
1178 1814 1244 1882 ab·
1294 1848 1382 1932 ὼ,
1417 1863 1492 1918 ,um
1526 1873 1609 1919 vem
1639 1852 1677 1920 gn
1706 1846 1762 1921 hp,
1793 1854 1890 1922 serp,
1918 1856 2070 1924 maxime
2095 1860 2288 1947 cogitanda

157 2021 162 2032 Ι
259 1933 393 2012 ‘iuml‘
414 1930 494 2009 P⁰st
514 1914 743 2033 ‘¹P0‘i⁰‚¹¹¹¹¹f‚
756 1916 823 2006 i{²⁵i
839 1910 1033 2033 ¹¹⁰⁵‚m3ffi
1046 1940 1122 2035 ¹¹⁰⁰,
1138 1915 1245 1985 sulm
1294 1963 1395 2029 stant,
1421 1964 1455 2019 et
1475 1965 1610 2021 mentes
1632 1955 1676 2021 ad
1699 1953 1864 2045 pietatem
1886 1958 1981 2027 etad
2002 1981 2120 2028 veram
2135 1961 2286 2034 invoca-

257 2020 393 2089 inancs.
445 2015 582 2087 Multos
602 2030 710 2087 ettam
732 2041 771 2085 cn
793 2012 861 2087 hac
879 2030 952 2085 vata
975 2019 1124 2108 exempli
1142 2039 1244 2086 causa
1294 2053 1427 2121 ,ponem
1446 2053 1649 2122 efflandae
1665 2068 1758 2124 ,ung

257 2122 351 2212 rapit
373 2116 470 2189 Deus
490 2120 534 2187 ad
556 2117 788 2210 supplicium,
820 2132 861 2189 ut
880 2118 1098 2208 Caligulam,
1129 2117 1244 2189 Nero-

256 2245 359 2308 nem,
383 2234 417 2290 et
434 2218 521 2290 2110,
536 2218 824 2292 innumerabiles.
1395 2182 1479 2254 Dixi
1495 2186 1648 2255 breviter
1662 2211 1725 2257 cur
1739 2186 1906 2260 tiliusDei
1921 2191 2048 2263 missus
2061 2196 2117 2276 sit,
2144 2208 2178 2266 et
2192 2222 2288 2290 quo.

1295 2287 1400 2355 modo
1424 2287 1468 2355 sit
1489 2287 1733 2378 excipiendus,
1756 2290 1922 2362 videlicet
1944 2318 2017 2362 non
2033 2297 2139 2366 modo
2154 2310 2194 2367 ut
2208 2300 2287 2371 Do-

360 2370 409 2445 Ut
428 2387 544 2443 autem
570 2372 688 2463 impiis
706 2395 838 2462 poenae
853 2374 1052 2464 propositae
1069 2386 1169 2459 sunl,
1197 2372 1245 2443 ἷῑὲ
1294 2403 1386 2473 ctor,
1419 2402 1458 2457 ut
1480 2388 1631 2468 Moises,
1664 2404 1724 2460 aut
1744 2391 1805 2459 alii
1827 2390 2043 2485 Prophetae,
2079 2400 2138 2467 sed
2164 2411 2202 2470 ut
2226 2425 2286 2469 re-

258 2503 277 2548 e
296 2490 417 2546 contra
434 2476 502 2567 piis
518 2487 552 2544 et
569 2474 861 2564 amplectentibus
875 2471 1082 2555 Christum,
1104 2490 1246 2544 aeterna
1295 2493 1478 2579 (temptor,
1508 2490 1681 2581 placator,
1709 2494 1863 2564 dunestor
1883 2498 2099 2594 remissionis
2121 2514 2283 2588 peccato.

258 2579 392 2648 iustitia
422 2591 456 2647 et
483 2576 555 2645 vita
583 2578 758 2667 donatur,
797 2590 837 2648 ut
869 2574 927 2646 hic
957 2576 1103 2648 dicitur:
1144 2574 1245 2645 Beati
1294 2617 1393 2676 mm,
1440 2591 1597 2659 insciciae
1632 2606 1665 2660 et
1702 2593 1795 2663 ,vitae
1824 2612 1993 2667 aeternae,
2058 2594 2155 2667 Haec
2184 2602 2285 2673 bona

259 2677 782 2771 omnesquiconfiduntineo.
833 2676 928 2747 Haec
944 2680 1050 2747 rerba
1066 2677 1246 2748 declarant
1295 2693 1449 2784 primum
1486 2686 1676 2762 aChristo
1709 2697 1857 2785 petenda
1888 2711 1924 2767 et
1953 2698 2158 2789 accipienda
2186 2718 2283 2780 sunt,

258 2782 431 2852 osculum·
483 2773 1018 2868 Vtssllffllrssfflsadintllgnffls
1043 2780 1246 2871 ³d0PPr28·
1295 2794 1402 2881 Quod
1432 2805 1472 2861 ut
1501 2792 1577 2872 fiat,
1609 2795 1646 2861 in
1678 2796 1806 2866 animis
1834 2798 1983 2868 existant
2007 2800 2138 2887 agnitio
2162 2805 2283 2898 aliqua

257 2906 314 2954 sos
330 2894 469 2973 peccato
484 2894 517 2949 et
531 2893 664 2965 morte,
688 2882 749 2949 sed
765 2904 830 2950 nos
845 2881 1048 2950 dulcissimo
1063 2882 1247 2971 complexu
1296 2908 1499 2964 nostrorum
1530 2896 1706 2965 matorum
1738 2911 1772 2967 et
1800 2901 2027 2985 poenitentia,
2097 2899 2186 2970 Nam
2214 2908 2281 2997 qui

258 3006 321 3055 suo
345 2985 390 3053 ‹td
414 2981 528 3053 Deum
553 2995 712 3065 telmai,
747 2983 855 3052 d⁰¹¹³l
878 2983 1048 3053 iustitiam
1068 2995 1105 3052 ei
1126 2982 1245 3055 Vitam·
1268 2985 1273 3064 l
1297 3009 1447 3087 pergunt
1461 3019 1562 3063 ruere
1575 3011 1697 3067 contra
1711 3002 1975 3087 conscientiam,
2001 2998 2038 3070 hi
2053 3017 2284 3079 contemnunt
2354 3050 2358 3087 ,-

259 3084 425 3173 Quihus?
474 3082 557 3152 Non
580 3084 841 3173 defugientibus
857 3084 1015 3154 osculum
1033 3108 1094 3153 ⁸⁸1¹
1112 3083 1248 3174 ample·
1268 3070 1273 3139 Ι
1295 3096 1429 3180 Deum,
1455 3110 1488 3166 et
1505 3092 1572 3165 hoc
1587 3099 1790 3169 mirandum
1807 3103 1932 3171 foedus
1949 3103 2092 3171 divinae
2107 3119 2140 3175 et
2157 3101 2285 3175 huma-

257 3210 361 3262 xum,
395 3186 455 3251 sed
485 3184 611 3252 fiducia
639 3180 746 3255 huius
770 3186 969 3256 liber'dwrls
991 3186 1246 3277 aecipifflllblss
1296 3212 1533 3267 naenaturae.
1580 3199 1650 3268 Sed
1666 3225 1745 3269 vcra
1761 3204 1976 3292 poenitentia
1990 3206 2100 3273 animi
2114 3205 2283 3278 adDeum

250 3282 342 3357 haec
359 3307 518 3356 munera.
1297 3301 1456 3369 conversi
1475 3300 1693 3391 acquiescent
1711 3302 1747 3368 in
1764 3301 2102 3393 complequhristi,
2127 3322 2160 3378 et
2173 3330 2284 3397 agno·

1296 3415 1393 3468 scent
1422 3424 1540 3468 reram
1571 3425 1642 3471 esse
1666 3426 1798 3470 rocem.
1858 3400 1950 3473 Ecce
1975 3408 2156 3478 annuncio
2182 3411 2284 3482 robis

360 3432 556 3509 A¹¹d'⁸h¹⁰
576 3460 614 3503 ¹¹¹
631 3432 771 3504 p⁸³¹¹¹¹⁰
794 3436 992 3507 d⁰⁰u¹⁰³m
1018 3436 1247 3527 defidepw
1296 3522 1464 3590 maguum
1488 3504 1666 3590 gamlium.
1715 3502 1842 3573 Postea
1863 3505 1967 3575 ctiam
1992 3511 2227 3597 praesentiam
2248 3526 2283 3583 et

256 3542 361 3634 poni,
384 3562 570 3634 quaecum
592 3537 655 3604 diu
676 3536 823 3607 iacuerit
837 3560 1002 3629 oppressa
1020 3538 1174 3607 tenebris
1187 3560 1247 3606 er-

257 3666 408 3725 ronum,
442 3664 538 3709 nune
562 3637 631 3709 Dei
653 3638 822 3707 beneficio
848 3661 968 3708 rursus
992 3639 1137 3731 depulsa
1158 3639 1246 3709 cali·

258 3746 340 3833 gine
363 3745 453 3812 lucet
474 3742 515 3809 in
530 3736 696 3809 Ecclesiis
717 3740 859 3814 nostris.
909 3737 958 3809 Et
973 3741 1073 3811 Deus
1089 3741 1245 3810 orandus

258 3859 328 3927 est,
353 3868 398 3912 ne
420 3838 510 3911 hanc
535 3842 647 3909 hrcern
666 3842 825 3930 extingui
842 3841 949 3914 sinat.
1001 3842 1123 3912 Donat
1138 3838 1245 3911 Chri-

257 3962 332 4017 stus
345 3944 588 4015 remissionem
603 3956 837 4033 peceatorum.
886 3940 956 4011 Hic
971 3944 1000 4011 si
1016 3943 1153 4032 affingis
1166 3944 1245 4033 opi-

257 4049 384 4117 niones
407 4069 446 4115 ex
471 4046 545 4135 lege
569 4045 660 4112 male
682 4044 859 4114 intellecta
882 4037 1044 4128 haustas,
1075 4045 1246 4115 dubitan-

256 4150 343 4220 dum
359 4171 449 4229 esse,
470 4171 516 4215 an
532 4148 641 4215 donet
656 4145 897 4214 remissionem
912 4158 1155 4236 peecatorum,
1179 4170 1246 4214 nee

255 4251 548 4343 acquiescendum
570 4270 645 4315 esse
669 4247 706 4315 in
721 4240 885 4329 Christo,
910 4271 975 4336 pro
997 4247 1117 4317 osculo
1134 4248 1195 4315 das
1211 4246 1243 4315 ei

255 4345 457 4441 colaphum.
506 4344 539 4416 E
561 4361 682 4416 contra
706 4348 815 4433 igitur
837 4349 979 4417 statuite
997 4371 1080 4417 vere
1093 4348 1158 4417 tibi
1178 4350 1244 4415 do-

254 4456 333 4524 nari
351 4450 593 4521 remissionem
610 4462 843 4539 peccatorum,
870 4463 1012 4539 propter
1024 4445 1243 4519 huncfilium

253 4556 326 4628 Dei
357 4553 483 4644 gratis,
518 4573 592 4618 non
623 4564 767 4641 propter
794 4562 892 4619 tuam
919 4551 1149 4638 dignitatem,
1182 4562 1244 4619 atat

252 4672 331 4729 tuas
354 4658 512 4726 virtutes.
562 4646 611 4721 Et
632 4645 699 4720 hac
721 4652 849 4721 fiducia
873 4654 915 4721 ad
934 4649 1050 4723 Deum
1074 4652 1243 4720 acceden-

252 4760 337 4829 dum
361 4771 429 4827 est:
455 4754 553 4826 Deus
573 4752 793 4822 invocandus
811 4764 880 4837 est,
903 4767 938 4823 et
952 4755 997 4822 ab
1015 4777 1055 4822 eo
1070 4755 1164 4822 bona
1182 4776 1243 4844 pe-

1295 3604 1465 3672 auxilium
1479 3598 1611 3673 Christi
1627 3604 1664 3673 in
1681 3606 1842 3693 regendis
1858 3607 2014 3676 moribus
2030 3623 2066 3680 et
2079 3612 2171 3680 vitae
2188 3612 2283 3703 peri-

1294 3705 1384 3774 culis
1414 3706 1645 3794 experiamur.
1706 3703 1789 3774 Ideo
1818 3721 1959 3797 regnat,
1991 3722 2031 3778 ut
2052 3712 2145 3782 adsit
2168 3714 2282 3797 nobis,

1295 3821 1335 3877 ut
1354 3807 1537 3883 exandiat.
1571 3806 1666 3877 iuret
1688 3821 1722 3877 et
1747 3822 1843 3898 regat
1867 3810 2090 3895 invocantes,
2112 3813 2198 3882 sicut
2221 3815 2281 3880 in-

1295 3908 1387 3999 quit:
1415 3907 1599 4000 erirlquid
1628 3909 1795 3999 petieritis
1818 3924 1951 4002 patrem
1975 3912 2012 3979 in
2031 3914 2170 3981 nomine
2186 3937 2284 3997 meo,

1295 4004 1362 4078 hoc
1386 4009 1523 4078 laeiam.
1581 4008 1682 4078 Talis
1705 4010 1774 4080 vita
1799 4036 1939 4081 carmen
1955 4008 2174 4101 Angelorum
2198 4037 2283 4106 per-

1294 4125 1399 4202 petuo
1421 4110 1531 4178 canit:
1559 4107 1684 4180 Gloria
1709 4112 1748 4180 in
1762 4113 1903 4183 excelsis
1918 4112 2010 4198 Deo,
2036 4113 2077 4181 io
2093 4126 2186 4186 terra
2203 4140 2283 4209 pax,

1292 4224 1328 4281 et
1343 4206 1550 4281 hominihus
1567 4212 1713 4282 laeticia.

1397 4342 1524 4415 Gloria
1545 4359 1596 4415 est
1617 4370 1659 4417 ex
1675 4346 1793 4415 animo
1808 4348 1965 4420 tribuere
1980 4348 2056 4419 Deo
2071 4348 2208 4418 laudem
2224 4372 2283 4420 sa-

1293 4446 1464 4536 pientiae,
1509 4448 1703 4537 potcntiae,
1751 4446 1906 4520 iustitiae
1942 4464 1977 4521 et
2012 4450 2284 4527 misericordiae.

1293 4546 1376 4617 Non
1404 4548 1513 4636 igitur
1543 4550 1666 4619 tribuit
1699 4548 1840 4618 laudem
1861 4548 2059 4643 Epicurus,
2090 4552 2153 4645 qui
2179 4552 2285 4644 fingit

1290 4649 1450 4718 ociosum
1475 4674 1564 4720 esse:
1592 4673 1664 4718 non
1680 4648 1811 4737 Stoici,
1837 4654 1899 4745 qui
1922 4654 2061 4743 fingunt
2083 4677 2157 4722 non
2180 4678 2282 4747 posse

1291 4774 1374 4819 eum
1390 4751 1492 4822 aliter
1508 4775 1627 4840 agere,
1652 4750 1721 4820 nisi
1738 4766 1779 4822 ut
1793 4768 1939 4826 movent
1954 4778 2076 4824 causae
2092 4757 2283 4827 secundae:

251 4862 360 4929 tenda
382 4874 417 4929 et
439 4857 654 4949 expectanda
677 4870 771 4926 sunt.
823 4852 919 4924 Haec
937 4855 1065 4923 fiducia
1085 4855 1243 4946 reliquae
1293 4875 1367 4920 non
1389 4850 1475 4924 Saul
1498 4865 1533 4920 et
1552 4853 1678 4923 caeteri
1700 4854 1813 4943 ignari
1834 4850 2035 4947 Evangelii.
2084 4852 2163 4928 Etsi
2186 4858 2284 4928 enim

250 4959 473 5032 obedientiae
503 4958 724 5049 praeluceat,
758 4956 849 5025 sicut
877 4958 920 5024 ad
945 4952 1123 5028 Romad.
1156 4954 1243 5024 scri·
1292 4955 1449 5024 fatentur
1464 4978 1543 5023 eum
1557 4955 1686 5045 punire
1701 4970 1850 5046 peccata,
1873 4970 1991 5028 tamen
2004 4957 2285 5030 misericordiam

248 5079 351 5155 ptum
384 5072 452 5127 est:
498 5058 680 5129 iustificati
711 5058 780 5126 fide
808 5082 929 5149 pacem
961 5052 1132 5126 habemus
1162 5079 1242 5146 erga
1293 5056 1470 5143 ignorant.
1521 5054 1692 5126 Nesciunt
1714 5057 1809 5127 enim
1831 5062 2012 5151 quomodo
2035 5072 2096 5130 aut
2113 5063 2287 5133 curreci-

245 5162 384 5247 Deum,
409 5183 474 5254 per
496 5160 694 5228 Dominum
722 5172 884 5228 nostrum
910 5156 1024 5227 lesum
1047 5152 1243 5242 Christum,
1292 5181 1376 5247 pere
1397 5157 1563 5245 indignos
1587 5158 1685 5230 velit.
1735 5156 1900 5231 Nascitur
1921 5184 2004 5251 ergo
2025 5156 2207 5247 Christus,
2240 5176 2285 5233 ut

246 5290 310 5359 per
340 5289 447 5360 quem
478 5274 515 5332 et
543 5283 719 5329 accessum
747 5254 919 5329 habemus
942 5260 1011 5327 fide
1031 5259 1068 5326 in
1092 5260 1241 5349 gratiam
1264 5232 1269 5326 i
1293 5259 1433 5350 patebat
1460 5257 1722 5345 misericordia,
1756 5262 1947 5355 auditaque
1969 5258 2157 5353 Evangelii
2183 5288 2287 5351 voce,

247 5364 352 5442 hanc.
404 5364 506 5437 Hauc
531 5358 696 5434 fiduciam
721 5362 784 5454 qui
802 5361 945 5432 accendi
964 5362 1001 5429 in
1016 5359 1242 5431 invocatione
1265 5355 1269 5412 l
1294 5374 1369 5429 tum
1395 5360 1539 5430 demum
1562 5361 1697 5450 integra
1720 5362 1831 5450 gloria
1855 5360 1924 5433 Dei
1947 5364 2129 5439 tribuitur.
2196 5364 2285 5438 ldeo

250 5470 425 5555 sentiunt,
457 5463 498 5538 hi
521 5486 602 5537 vere
627 5461 833 5553 intelligunt
852 5464 1015 5536 osculum
1038 5475 1144 5557 atque
1166 5486 1241 5535 am·
1293 5484 1390 5532 nunc
1418 5474 1550 5535 canunt
1568 5462 1697 5553 Angeli
1728 5458 1825 5535 hunc
1852 5454 2047 5562 hymnum,
2079 5489 2121 5538 ac
2140 5467 2287 5556 docent,
