4732 6030
173 325 249 398 777
648 318 808 399 DECL.
848 318 922 397 DE
953 317 1159 398 DICTO:
1200 321 1280 399 SlS
1311 320 1609 398 INTENTUS
1637 341 1724 396 nro.
1866 393 1878 404 .
2144 325 2218 398 778

171 496 282 568 tentia
298 491 560 585 gravissimam,
584 494 766 567 sedetiam
783 492 1063 568 consolationem
1081 493 1164 566 dul·
1217 517 1346 587 paucas
1362 495 1571 580 evolvimus,
1597 509 1632 566 et
1648 495 1799 585 legimus
1813 494 1891 566 sine
1906 494 2111 581 attentione,
2137 496 2213 567 sine

173 598 370 680 cissimam,
399 596 444 666 iis
462 597 525 690 qui
539 610 684 689 propter
696 597 813 668 studia
832 610 917 669 sunt
933 598 973 666 in
997 597 1102 683 odio,
1131 610 1166 670 et
1215 595 1427 687 cogitatione
1446 596 1588 666 divinae
1608 597 1824 680 voluntatis,
1849 597 1998 689 perinde
2018 611 2058 669 ut
2078 596 2211 688 ignavi,

143 766 145 769 .
171 697 308 790 magnis
324 699 504 769 aerumnis
519 713 736 771 exercentur.
792 696 856 769 Me
877 699 1023 793 quidem
1047 699 1164 791 ipsum
1214 712 1248 770 et
1267 694 1410 770 hebetes
1423 699 1546 790 legunt
1561 701 1734 789 poiimata.

172 823 272 889 saepe
304 800 344 868 in
373 796 431 869 his
461 801 593 871 nostris
619 800 785 891 perieulis
813 814 848 872 et
875 800 1029 870 miseriis
1054 801 1163 871 erexit
1316 798 1368 872 Ut
1383 800 1491 890 igitur
1505 814 1647 890 pectora
1661 815 1781 871 nostra
1796 800 2035 868 accendantur
2046 798 2090 867 ad
2107 821 2206 870 amo-

164 895 257 987 ,haec
272 901 348 992 ipsa
365 903 678 989 commonefactio,
710 902 949 992 disputantem
968 927 1032 974 cur
1046 901 1162 972 studia
1212 925 1288 971 rem
1312 903 1441 982 studii,
1473 902 1659 991 infigamus
1682 901 1821 971 animus
1845 894 1913 969 hoc
1930 898 2031 969 Pauli
2054 900 2205 970 dietum:

170 1002 353 1074 doctrinae
386 1003 520 1088 colam,
563 1028 654 1096 quae
685 1002 827 1074 irritent
852 1004 934 1074 odia
961 1000 1162 1089 hominum,
1212 1001 1271 1074 Sis
1284 1002 1441 1093 intentus
1455 1004 1620 1088 lectioni,
1647 1006 1743 1096 quod
1759 1017 1800 1073 ut
1819 1001 1960 1094 planius
1975 1001 2206 1090 intelligatur,

169 1127 250 1172 cum
268 1099 442 1194 possimus
459 1104 497 1172 in
514 1105 774 1198 tranquillitate
793 1118 826 1175 et
844 1104 1016 1195 dignitate
1032 1106 1162 1190 vivere,
1212 1105 1370 1175 continet
1386 1104 1481 1174 enim
1499 1105 1772 1176 eruditissimam
1797 1104 2041 1194 partitionem,
2074 1105 2204 1173 addam

167 1202 282 1274 literis
298 1205 464 1286 omnibus
481 1206 652 1277 abiectis?
685 1204 779 1276 Huic
795 1203 1063 1298 reprehensioni
1079 1230 1160 1276 cum
1211 1203 1490 1290 enarrationem,
1515 1218 1557 1275 ut
1572 1229 1694 1297 spero,
1717 1230 1793 1275 non
1807 1205 1981 1294 ingratam
1998 1202 2177 1274 studiosis.

167 1329 313 1397 oppono
330 1308 536 1376 mandatum
545 1305 633 1390 Dei,
657 1308 721 1400 qni
734 1308 905 1400 praecipit
919 1309 1007 1399 legi,
1032 1309 1160 1394 audiri,
1312 1305 1400 1377 Tria
1415 1308 1575 1378 membra
1593 1320 1692 1377 sunt:
1719 1305 1823 1378 Iubet
1841 1308 1975 1396 legere,
1997 1308 2146 1392 docere,
2167 1319 2202 1374 et

166 1407 344 1496 cognosci,
366 1409 475 1477 amari
491 1409 603 1479 libros
611 1405 808 1499 Evangelii,
830 1433 952 1480 rursus
967 1409 1159 1501 acquiesco,
1209 1408 1398 1481 consolari.

167 1520 203 1578 et
218 1530 293 1579 non
308 1508 423 1579 solum
439 1510 595 1580 delector
618 1511 758 1595 studio,
791 1512 853 1580 sed
875 1511 979 1581 etiam
1002 1504 1158 1580 humana
1312 1503 1517 1580 (iurantem
1535 1506 1721 1579 electione
1737 1507 1899 1578 orditur?
1930 1506 2000 1578 Hic
2017 1521 2052 1578 et
2068 1507 2200 1580 discer-
2324 1552 2329 1560 ι

166 1609 289 1679 omnia
306 1613 549 1702 postponenda
566 1635 638 1681 esse
654 1610 797 1684 lectioni
816 1613 1020 1682 coelestium
1045 1612 1158 1681 libro·
1208 1611 1263 1679 nit
1278 1611 1464 1681 coelestem
1485 1610 1715 1681 doctrinama
1733 1603 1986 1700 Philosophia,
2021 1623 2056 1680 et
2077 1621 2200 1679 monet

165 1733 268 1794 rum,
294 1724 328 1782 et
344 1705 400 1780 his
418 1712 544 1782 studiis
559 1712 699 1785 fortiter
716 1727 843 1787 statuo.
903 1707 1069 1805 Mihique
1082 1712 1157 1803 ipse
1208 1710 1387 1801 alligatam
1403 1734 1476 1781 esse
1493 1707 1686 1780 Ecclesiam
1708 1711 1752 1778 ad
1778 1711 1890 1780 libros
1915 1705 2140 1801 propheticos
2163 1723 2200 1779 et

166 1810 317 1881 subiicio
343 1808 411 1881 hoc
428 1811 532 1883 Pauli
553 1814 704 1884 dictum:
739 1814 796 1886 Sis
818 1813 978 1884 intentus
1000 1813 1157 1895 lectioni,
1208 1812 1432 1903 apostolicos.
1493 1805 1659 1882 Caeterae
1676 1823 1787 1895 artes,
1820 1827 1861 1883 ut
1877 1808 2131 1894 Arithmetica,
2164 1822 2199 1880 et

165 1924 202 1982 et
224 1912 305 1983 illas
326 1935 429 1983 voces
451 1914 547 1983 idem
568 1915 840 2007 praecipientes:
886 1912 956 1983 llic
982 1927 1034 1984 est
1063 1914 1157 1984 lilius
1208 1913 1325 2002 legum
1359 1912 1519 1983 doctrina
1553 1925 1766 1982 extruuntur
1792 1935 1833 1981 ex
1859 1913 2045 2004 principiis
2071 1925 2198 1981 natura

165 2035 267 2081 meus
283 2013 453 2098 dilectus,
480 2011 577 2085 hunc
592 2017 723 2090 audite.
771 2015 879 2088 ltem:
912 2012 987 2103 Qui
1002 2038 1075 2083 non
1092 2039 1157 2083 au-
1208 2014 1321 2099 notis,
1348 2037 1422 2082 non
1438 2027 1583 2084 sumunt
1608 2012 1751 2083 initium
1776 2037 1797 2083 a
1819 2013 1989 2097 lectione,
2025 2015 2085 2083 sed
2113 2037 2198 2104 pro·

165 2113 291 2198 dierit,
317 2136 380 2204 ego
394 2115 492 2186 ultor
506 2141 579 2191 ero.
624 2115 789 2210 Denique
805 2129 941 2188 constat
956 2115 1157 2207 saepissime
1202 2115 1328 2202 missio
1342 2109 1528 2205 Evangelii
1550 2114 1711 2207 propria,
1744 2117 1923 2187 decretum
1938 2110 2007 2184 Dei
2029 2137 2197 2185 arcanum

165 2213 354 2304 repetitum
370 2237 443 2286 esse
460 2212 526 2288 hoc
543 2231 766 2310 praeceptum
789 2219 834 2287 de
852 2216 1019 2287 discendo
1035 2213 1158 2288 Evan-
1206 2217 1292 2302 fuit,
1328 2216 1454 2306 procul
1483 2238 1589 2306 supra
1611 2230 1646 2287 et
1666 2228 1761 2286 extra
1786 2229 2012 2309 conspectum
2034 2215 2197 2286 omnium

165 2315 270 2405 gelio.
1207 2314 1428 2410 Angelorum
1461 2330 1495 2388 et
1528 2312 1717 2387 bominum
1749 2319 1926 2409 positum,
1973 2319 2069 2410 quod
2095 2330 2196 2409 pate-

267 2415 311 2484 In
331 2411 396 2485 hac
411 2417 624 2508 cogitatione
638 2420 745 2491 simul
759 2420 864 2491 etiam
887 2432 1014 2490 tetram
1036 2420 1157 2510 ingra-
1206 2419 1336 2490 factum
1347 2421 1447 2490 Dens
1460 2419 1608 2489 tradidit
1621 2417 1787 2489 Patribus
1804 2433 1837 2489 et
1844 2413 2052 2510 Prophetis,
2074 2442 2115 2488 ac
2133 2441 2196 2485 vo-

163 2516 354 2587 titudinem
370 2531 405 2588 et
418 2523 673 2592 contumaciam
689 2522 827 2612 generis
843 2517 992 2592 humani
1008 2522 1155 2613 deploro
1206 2520 1276 2591 luit
1291 2518 1453 2591 mandari
1468 2519 1601 2605 literis,
1626 2532 1661 2590 et
1683 2518 1859 2590 librorum
1882 2520 2196 2590 custodiendorum

165 2633 200 2688 et
223 2621 394 2706 detestor,
424 2645 504 2692 cum
528 2622 708 2714 singulare
730 2638 764 2696 et
787 2643 966 2695 summum
987 2623 1157 2694 bonitatis
1205 2645 1326 2691 curam
1341 2619 1519 2692 Ecclesiae
1533 2644 1615 2690 suae
1631 2620 1823 2692 mandavit.
1874 2621 2009 2700 Immo,
2037 2619 2116 2689 ideo
2132 2641 2198 2709 po·

164 2719 308 2789 divinae
333 2722 510 2811 specimen
539 2724 602 2804 sit,
643 2726 740 2817 quod
766 2750 807 2795 er
834 2748 961 2794 arcana
987 2748 1049 2796 sua
1074 2727 1157 2793 sede
1205 2723 1300 2793 litias
1316 2723 1452 2815 aliquas
1470 2735 1604 2808 servat,
1631 2734 1671 2792 ut
1687 2722 1760 2791 sint
1775 2722 1871 2791 velut
1887 2715 2125 2792 bibliothecae
2141 2741 2198 2788 sa-

164 2821 352 2911 prodiens,
375 2825 479 2893 nobis
492 2849 529 2893 se
543 2825 726 2914 patefecit,
752 2849 818 2894 nos
838 2827 1040 2894 dulcissime
1064 2825 1156 2894 allo·
1206 2848 1348 2895 crorum
1364 2824 1607 2909 voluminum,
1639 2836 1681 2894 ut
1694 2822 1818 2913 politia
1835 2820 1955 2917 Moysi
1971 2821 2077 2891 annis
2097 2820 2198 2888 mille

163 2923 305 3015 quitur,
344 2937 380 2994 et
408 2925 539 3013 profert
567 2924 777 3013 sapientiam
805 2925 960 3012 ignotam
988 2926 1156 2994 omnibus
1206 2925 1412 3017 quingentis¹
1423 2920 1488 2992 has
1504 2925 1550 2994 ob
1568 2947 1687 2994 causas
1700 2925 1862 3008 defensa,
1895 2935 2049 3007 servata,
2082 2934 2117 2991 et
2138 2921 2196 2989 di-

162 3023 353 3106 creaturis,
378 3046 468 3113 quae
485 3023 588 3092 unica
603 3023 801 3092 remedium
819 3037 953 3093 certum
980 3037 1013 3093 et
1036 3025 1156 3094 efficax
1205 3027 1298 3097 vinis
1315 3025 1526 3097 testimoniis
1543 3039 1667 3096 ornata
1684 3039 1747 3108 est,
1772 3014 1813 3096 rit
1829 3038 1862 3095 et
1872 3019 2087 3096 bibliotheca
2106 3035 2196 3091 esset

162 3137 215 3192 cst
229 3121 427 3210 ingentium
442 3123 618 3192 malorum
634 3124 773 3212 generis
789 3119 949 3195 humani.
982 3121 1052 3193 Hic
1068 3125 1156 3216 quid
1205 3128 1366 3197 codicum
1392 3122 1702 3218 propheticorum,
1727 3140 1760 3197 et
1776 3128 1873 3198 testis
1890 3137 1997 3205 esset,
2023 3123 2198 3194 divinitus

162 3236 214 3292 est
227 3221 427 3312 indignius,
453 3248 558 3317 quam
567 3221 683 3293 Deum
698 3249 764 3294 nos
778 3226 1017 3319 alloquentem
1032 3227 1156 3296 audire
1205 3242 1381 3319 acceptam
1398 3249 1472 3298 esse
1490 3251 1566 3297 eam
1584 3229 1795 3300 doctrinam.
1846 3223 1938 3297 Cum
1954 3225 2063 3315 igitur
2072 3221 2196 3294 Eccle-

161 3323 282 3407 nolle,
306 3346 347 3393 ac
362 3337 494 3394 tantam
512 3325 706 3396 bonitatem
722 3327 930 3419 aspernari?
964 3351 1054 3421 quae
1069 3352 1156 3397 con·
1204 3329 1274 3401 siae
1287 3330 1448 3398 doctrina
1469 3352 1543 3397 non
1566 3329 1703 3399 oriatur
1727 3351 1747 3397 a
1771 3329 1850 3399 luce
1871 3326 2008 3417 ingenii
2033 3321 2195 3410 humani,

160 3425 311 3516 spiritur
324 3420 389 3494 hac
400 3424 474 3514 ipsa
491 3427 529 3494 in
548 3450 603 3509 re,
628 3430 725 3521 quod
740 3429 846 3525 toties
862 3442 934 3498 tam
954 3428 1155 3500 illustribus
1203 3432 1264 3499 sed
1286 3454 1327 3498 ex
1351 3452 1437 3498 voce
1452 3423 1518 3496 Dei
1545 3430 1710 3500 mandata
1735 3429 1848 3499 literis
1868 3430 2109 3518 cognoscenda
2137 3428 2194 3506 sit,

161 3525 374 3596 testimoniis
394 3549 430 3595 se
449 3527 640 3619 patefecit?
694 3526 786 3616 Quis
808 3523 902 3598 hanc
925 3531 1154 3620 ingratitudi-
1204 3531 1518 3601 necessariamesse
1534 3529 1720 3598 lectionem
1735 3531 1959 3598 manifestum
1981 3543 2051 3612 est,
2083 3541 2117 3597 et
2138 3551 2194 3596 sa-

160 3650 244 3696 nem
266 3651 340 3696 non
365 3627 539 3699 existimet
561 3629 705 3717 dignam
729 3651 802 3698 esse
823 3629 1050 3699 atrocissimis
1069 3652 1154 3719 poe·
1203 3632 1340 3723 pienter
1371 3629 1505 3699 Paulus
1544 3629 1700 3719 primum
1743 3631 1787 3698 de
1822 3631 1972 3700 lectione
2013 3629 2194 3720 praecipit.

161 3728 242 3799 nis?
291 3725 346 3799 Ac
372 3729 556 3818 multiplex
577 3743 629 3800 est
654 3729 889 3817 ingratitudo,
924 3730 1030 3800 multi
1045 3725 1155 3801 Athei
1203 3728 1311 3821 Quod
1328 3754 1408 3800 cum
1423 3730 1472 3800 ita
1487 3729 1551 3813 sit,
1581 3729 1850 3800 assuefaciamus
1868 3744 1904 3802 et
1924 3755 1989 3800 nos
2013 3732 2127 3821 ipsos,
2160 3743 2196 3799 et

160 3829 393 3901 audacissime
416 3830 593 3901 affirmant
617 3830 798 3901 fabulosos
824 3855 899 3902 esse
930 3831 1043 3901 libros
1070 3856 1155 3924 pro-
1201 3846 1361 3910 nostros,
1380 3843 1422 3901 ut
1436 3827 1594 3899 studiose
1609 3830 1764 3919 legamus
1780 3831 1922 3900 divinos
1935 3833 2058 3902 libros.
2083 3827 2194 3901 Cum-

161 3927 322 4022 pheticos
338 3945 373 4002 et
389 3932 622 4023 apostolicos,
647 3954 776 4024 eosque
791 3933 858 4022 legi
877 3927 1089 4024 prohibent,
1114 3947 1155 4003 ut
1202 3955 1272 4025 que
1286 3953 1427 4000 neeesse
1443 3930 1489 3998 sit
1502 3929 1656 4014 servari,
1687 3943 1723 3999 et
1737 3931 1806 4021 legi
1821 3927 1886 4002 hos
1903 3933 2033 4016 libros,
2068 3931 2194 4001 litera-

160 4028 379 4101 Politianum
397 4034 504 4103 audio
520 4034 666 4117 dixisse,
690 4033 945 4122 interrogatum
961 4059 1006 4103 an
1024 4035 1155 4123 legeret
1203 4056 1281 4101 rum
1298 4031 1414 4101 studia
1431 4052 1589 4099 amemus
1605 4044 1639 4101 et
1655 4030 1823 4106 colamus.
1874 4031 1922 4104 Et
1937 4057 2137 4128 quanquam
2155 4033 2194 4102 in

161 4153 279 4201 saeros
291 4132 425 4202 libros?
449 4136 557 4207 semel
574 4159 611 4207 se
628 4134 768 4225 legisse,
793 4159 861 4206 nec
875 4148 1013 4227 tempus
1022 4136 1096 4204 ulla
1114 4135 1153 4204 in
1202 4131 1286 4203 odio
1300 4145 1405 4217 sunt,
1429 4145 1547 4203 tamen
1566 4146 1706 4227 nostros
1723 4133 1862 4203 labores
1876 4132 1953 4205 Deo
1972 4136 2127 4226 placere,
2160 4149 2195 4204 et

161 4232 315 4305 lectione
328 4233 478 4323 peiusse
493 4237 661 4330 posuisse.
710 4231 758 4306 Et
773 4236 863 4307 alius
879 4238 1024 4331 quidam
1040 4237 1152 4307 inter·
1202 4258 1305 4304 curae
1323 4256 1397 4304 esse
1412 4233 1573 4303 sciamus.
1633 4230 1730 4304 Haec
1750 4236 1946 4307 consolatio
1971 4260 2074 4327 saepe
2098 4234 2195 4324 cogi-

162 4347 305 4423 rogatus
320 4334 365 4403 dc
378 4338 485 4406 sacris
498 4340 619 4423 libris,
644 4332 755 4423 nihil,
781 4339 918 4433 inquit,
943 4364 1029 4409 curo
1046 4339 1153 4433 quin·
1202 4337 1309 4408 tanda
1326 4351 1359 4410 et
1374 4336 1564 4427 repetenda
1582 4349 1652 4421 est,
1674 4337 1757 4429 quia
1776 4339 1894 4406 minus
1907 4338 2028 4407 suavia
2045 4339 2134 4409 liunt
2149 4336 2194 4404 li-

161 4460 233 4529 que
261 4435 374 4505 libros
403 4434 542 4532 Moysi,
585 4436 654 4509 hoc
686 4463 792 4524 curo,
837 4443 1016 4534 quomodo
1046 4463 1153 4532 pagos
1201 4453 1357 4510 terarum
1372 4437 1488 4508 studia
1506 4429 1573 4504 hoc
1586 4450 1756 4528 tempore,
1775 4463 1856 4508 cum
1873 4464 1947 4508 non
1963 4441 2078 4508 solum
2094 4461 2196 4530 prae-

161 4536 322 4631 quinque
337 4534 426 4608 meis
440 4539 593 4628 praediis
608 4542 736 4611 addere
752 4541 894 4633 possim.
947 4540 1045 4612 Talis
1068 4566 1154 4612 ron·
1201 4539 1272 4610 mia
1290 4541 1390 4610 nulla
1403 4552 1489 4609 sunt
1505 4532 1745 4609 honestissimi
1761 4539 1905 4625 laboris,
1931 4543 1991 4610 sed
2007 4541 2112 4610 etiam
2130 4563 2196 4630 po-
2285 4583 2289 4589 »
2327 4631 2330 4639 ¹

161 4651 315 4728 temptus
331 4660 406 4707 non
423 4631 539 4709 solum
553 4641 771 4728 ingratitudo
790 4658 860 4724 est,
892 4647 957 4714 sed*
970 4640 1153 4713 horribilis
1202 4654 1339 4714 tentum
1364 4654 1399 4711 et
1420 4639 1618 4729 sapientum
1652 4639 1793 4709 iudiciis
1825 4655 2056 4730 premuntur,
2091 4653 2124 4710 et
2155 4641 2195 4707 in

160 4741 262 4810 furor
289 4754 323 4811 et
348 4737 585 4832 blasphemia,
626 4765 718 4835 quae
748 4745 932 4837 praecipua
958 4768 1062 4816 carisa
1102 4758 1154 4814 est
1201 4744 1324 4813 odium
1339 4743 1584 4821 adducuntur,
1610 4739 1673 4832 qui
1691 4739 1811 4809 literas
1836 4742 1971 4811 semina
1997 4765 2070 4811 esse
2092 4743 2197 4809 dissi-

161 4841 401 4913 calamitatum
418 4844 652 4934 publicarum
678 4844 719 4912 in
745 4838 810 4915 hac
836 4848 926 4932 vita,
963 4862 998 4917 et
1022 4846 1153 4917 deinde
1202 4844 1344 4913 diorum
1366 4840 1562 4912 clamitant.
1624 4839 1808 4911 Adversus
1829 4841 1913 4912 talia
1938 4842 2069 4913 iudicia
2093 4867 2197 4934 prae-

159 4943 238 5013 sine
257 4943 331 5013 ulla
358 4943 581 5015 dubitatione
605 4943 791 5038 suppliciis
811 4949 964 5019 aeternis
985 4972 1153 5041 compen·
1202 4943 1313 5034 ceptis
1328 4944 1393 5015 Ilei
1411 4965 1477 5011 nos
1502 4941 1747 5027 consolemur,
1780 4967 1871 5035 qnae
1892 4944 2003 5014 libros
2022 4967 2137 5036 sacrm
2162 4958 2196 5014 et

159 5044 309 5116 sahitur.
1201 5045 1271 5136 legi
1287 5060 1323 5117 et
1338 5042 1502 5135 cognosci
1519 5042 1738 5113 severissime
1752 5044 1888 5118 iubent.

265 5144 399 5216 Verum
428 5170 504 5216 non
532 5160 669 5219 tantum
690 5142 887 5237 Epicureos
910 5151 992 5225 illos
1011 5169 1153 5220 accuse·
1230 5227 1236 5234 ⁸
1302 5144 1387 5218 Dixi
1401 5168 1507 5237 snpra
1524 5142 1751 5235 partitionem
1769 5146 1944 5219 eruditam
1965 5172 2057 5234 esse,
2083 5159 2117 5217 et
2131 5169 2197 5215 cur

159 5271 256 5332 mus,
288 5249 349 5317 sed
374 5261 536 5319 nostrum
557 5250 668 5341 frigus
690 5249 795 5319 etiam
816 5272 1063 5339 agnoscamus,
1103 5272 1151 5317 ne
1201 5246 1358 5338 primum
1372 5249 1461 5318 facta
1478 5245 1522 5316 sit
1543 5245 1678 5316 mentio
1703 5245 1882 5336 lectionis,
1914 5249 2071 5321 breviter
2088 5270 2197 5336 expo-

159 5370 226 5416 nos
240 5349 384 5443 quidem
398 5352 562 5421 ardemus
576 5353 694 5423 studio
706 5351 848 5440 legendi
861 5366 897 5424 et
910 5349 1152 5428 meditationis
1201 5349 1269 5418 snit
1294 5372 1298 5378 ·
1325 5344 1467 5421 Addam
1490 5361 1523 5419 et
1545 5360 1680 5418 caetera
1704 5351 1875 5421 membra.
1932 5348 2014 5420 Non
2035 5349 2117 5419 satis
2143 5361 2195 5419 est

157 5470 264 5537 arra,
292 5451 383 5522 sicut
407 5453 532 5523 ardere
546 5478 616 5525 nos
632 5454 828 5547 oportebat.
881 5452 981 5528 Raro
998 5451 1151 5549 pagellas
1200 5450 1315 5542 legere
1327 5474 1445 5523 sacros
1458 5450 1581 5536 libros,
1605 5450 1667 5519 sed
1684 5451 1826 5523 accedat
1840 5451 2013 5522 doctrina.
2065 5447 2106 5520 ld
2126 5461 2194 5520 est:
