4732 6030
129 359 201 436 5„
800 351 959 432 unca.
1000 350 1075 472 nu
1108 348 1481 431 POLYCARPO.
2078 376 2156 457 sos
2225 467 2229 473 ,

129 526 876 618 „011,ulumutexplorarenturingenia,
907 527 1116 610 voluntates,
1167 535 1285 593 tamen
1321 524 1446 594 talium
1478 526 1636 596 virorum
1667 533 1915 625 suffragatione
1943 544 2093 620 adiuvur
2117 568 2153 626 et

130 633 260 714 studia,
287 652 402 699 mores
415 653 536 696 eorum
552 629 612 720 qui
628 629 670 697 ad
687 628 867 704 doctrinae
890 627 1116 717 gubernatio·
1165 624 1368 694 confirmor.
1420 624 1523 696 Nunc
1547 653 1629 698 vero
1650 627 1817 727 Episcopi
1843 642 1995 731 allegant
2016 673 2152 723 succes·

128 757 208 800 nem
231 731 401 799 accessuri
426 743 525 815 sunt,
557 733 617 798 sed
643 730 746 797 etiarn
770 743 811 798 ut
837 730 939 816 longa
962 731 1116 798 nssuela-
1164 724 1300 793 sionem
1321 728 1554 813 ordinariam,
1579 743 1745 824 tanquam
1764 762 1910 810 nervum
1927 771 2010 815 suae
2025 765 2153 840 poten-

128 833 243 902 ctione
259 832 487 901 erudirentur
502 844 534 898 et
550 831 803 900 excolerentur.
854 828 956 901 Hanc
970 832 1017 900 ob
1031 853 1114 899 cau·
1164 825 1249 911 tiae,
1273 827 1454 897 doctrinae
1470 854 1553 900 vero
1570 834 1685 903 studia
1702 839 1824 910 multis
1839 842 1908 911 iam
1925 850 2050 919 seculis
2064 878 2152 924 con-

127 956 200 1002 sam
217 933 336 1017 initio,
362 926 501 1000 scholae
516 931 701 1000 adiunctae
717 933 860 1001 fuerunt
875 929 1061 1016 Ecclesiis,
1081 942 1116 999 et
1164 939 1344 1013 temnunt,
1371 929 1455 998 dnm
1475 931 1623 1022 imperia
1644 936 1816 1029 appetunt
1836 956 1870 1011 et
1889 943 2028 1037 Regum
2052 976 2150 1027 more

126 1036 215 1105 utile
233 1047 285 1103 est
307 1028 403 1102 hunc
427 1055 561 1101 morem
586 1032 801 1102 conservari.
853 1030 974 1120 Quare
997 1030 1112 1100 Deum
1164 1027 1407 1103 dominantur.
1470 1029 1543 1101 Nos
1573 1047 1691 1105 autem
1724 1043 1969 1135 antiquitatem
2007 1069 2151 1144 propter

126 1157 273 1227 precor,
293 1149 334 1205 ut
347 1134 421 1222 ipse
437 1146 473 1202 et
485 1133 600 1202 studia
617 1147 730 1222 regat,
757 1145 789 1202 et
807 1126 872 1202 hos
890 1128 1115 1202 scholasticos
1165 1127 1285 1196 divina
1308 1130 1508 1200 testimonia
1528 1136 1769 1227 requiramus,
1793 1144 1840 1213 ita
1860 1159 1975 1218 tamen
1998 1167 2038 1223 ut
2055 1156 2152 1227 dele-

128 1249 321 1305 conventus
337 1247 369 1303 et
382 1231 556 1303 Ecclesias
571 1247 724 1303 tueatur:
748 1230 817 1303 hoc
833 1234 923 1302 veris
939 1247 974 1303 et
986 1235 1115 1303 ardeu-
1165 1242 1242 1298 clus
1258 1224 1479 1304 a<ll¹lbt³²¹l¹1l0

128 1338 222 1407 tibus
240 1335 331 1405 votis
344 1358 364 1403 a
380 1331 455 1402 Deo
472 1349 588 1424 pem,
605 1359 728 1405 omn„
742 1358 805 1403 ,05
820 1337 930 1404 decet,
1265 1326 1348 1398 Non
1372 1332 1493 1399 eadem
1514 1334 1649 1422 puritas
1672 1350 1723 1408 est
1736 1343 1895 1413 omnium
1915 1364 2085 1441 aetatum,
2112 1383 2150 1429 ac

211 1429 1115 1529 1130ᾳυί11111ιάοωἱηῑῡθηδῆὓῦΰθῦθῑΰπῑάθΡῦ·
1164 1453 1209 1497 ne
1248 1431 1390 1524 quidem
1429 1435 1539 1504 unius
1569 1437 1691 1506 aetatis
1724 1444 1885 1513 omnium
1927 1455 2151 1547 scriptorum.

126 1538 229 1608 blicis
246 1537 409 1628 periculis
426 1536 551 1625 cogito,
574 1561 614 1606 ac
628 1549 747 1627 repeto
763 1536 934 1605 memoria
952 1536 1114 1604 omnium
1165 1528 1282 1618 Quam
1297 1532 1409 1602 multa
1428 1535 1522 1602 enim
1539 1536 1691 1606 absurda
1714 1539 1880 1631 leguntur
1897 1550 1933 1619 in
1948 1548 2150 1646 Origenicis

127 1652 278 1709 aetatum
304 1637 527 1728 superiorum
555 1639 732 1730 exempla,
766 1649 955 1729 metuoque
981 1636 1114 1705 similes
1164 1631 1277 1725 libris.
1327 1627 1381 1702 Ac
1403 1637 1558 1724 prolecto
1578 1641 1743 1728 temporis
1766 1644 1863 1715 illius
1883 1655 2063 1726 audaciam
2081 1663 2151 1730 mi-

126 1737 304 1810 Ecclesiae
318 1738 562 1829 dissipationes
578 1753 755 1825 venturas,
779 1738 939 1830 undique
955 1749 1113 1829 quassata
1164 1755 1244 1812 ror,
1271 1757 1347 1824 quo·
1357 1734 1485 1804 licebat
1506 1737 1545 1804 in
1559 1732 1716 1810 Ecclesia
1738 1754 1809 1815 tam
1833 1740 2048 1825 monstrosas
2070 1762 2151 1850 opi-

126 1838 344 1933 Republfffl,
380 1862 470 1932 pene
498 1840 697 1925 exanimor,
737 1862 803 1907 nec
836 1838 1130 1911 consolationem,
1148 1831 1289 1915 ,stiones
1304 1834 1445 1923 publice
1461 1859 1640 1927 spargere,
1666 1841 1740 1910 sive
1763 1845 1837 1935 ipse
1860 1862 1911 1919 est
1930 1871 2051 1942 autor,
2076 1862 2149 1934 sive

126 1936 235 2011 uum
251 1938 608 2033 humanamrepcrio·
648 1940 778 2011 sedad
797 1935 1114 2007 hancunamcou.
1164 1930 1373 2022 impostores
1388 1935 1501 2028 aliqui
1523 1942 1749 2028 suppositicia
1767 1951 1939 2038 quaedam
1959 1955 2061 2028 libris
2075 1963 2150 2035 eius

126 2042 244 2129 fugio,
270 2028 366 2133 quod
389 2041 483 2109 filius
505 2041 572 2111 Dei
593 2041 731 2132 lnquit,
757 2062 793 2109 se
817 2061 1022 2108 mansurum
1046 2062 1114 2107 no-
1163 2033 1437 2105 admiscuerunt.
1466 2036 1535 2107 Sed
1554 2064 1697 2133 quoquo
1713 2048 1820 2116 modo
1838 2044 1922 2121 haec
1938 2060 2151 2151 acciderunt,

127 2143 264 2212 hiscum
289 2143 468 2234 usquead
492 2142 767 2212 mundibnemt
794 2163 968 2232 nusquam
994 2147 1111 2210 autem
1164 2132 1362 2224 deploravit
1382 2135 1456 2227 ipse
1477 2162 1652 2212 suamscu
1670 2146 1936 2236 negligentiam,
1961 2175 2150 2234 110111110-
2228 2228 2232 2235 .

126 2243 196 2314 nisi
226 2243 320 2312 inter
341 2238 526 2330 Evangelii
550 2242 742 2332 discipulos
771 2240 940 2312 manebit.
992 2239 1113 2329 Quare
1163 2234 1302 2305 ritatem
1316 2235 1385 2305 iam
1402 2240 1572 2327 grandior
1585 2257 1683 2316 natu.

125 2366 309 2412 mansuras
330 2364 402 2412 esse
426 2343 593 2436 reliquias
608 2339 786 2412 Ecclesiae
800 2364 997 2433 speremus,
1023 2355 1058 2411 et
1072 2354 1113 2412 ut
1265 2333 1371 2407 F0rle
1402 2340 1496 2408 enlm
1525 2366 1605 2411 ‘⁰¹¹¹
1631 2345 1668 2413 5¹¹
1691 2343 1848 2422 Ecclesia
1878 2356 2062 2431 lecll⁰¹¹⁸¹¹¹
2092 2363 2150 2432 5¹¹·

126 2446 214 2537 ipsi,
240 2457 360 2513 coetus
376 2443 439 2515 ille
460 2444 587 2529 simus,
610 2444 728 2514 studia
745 2439 932 2532 Evangelii
955 2465 1113 2512 amemus
1163 2432 1354 2507 choaturus
1368 2453 1473 2524 esset,
1498 2444 1589 2513 sedit
1605 2446 1667 2515 diu
1691 2469 1834 2536 gemens
1855 2477 1895 2523 ac
1913 2457 2150 2554 lachrymans,

126 2559 160 2615 et
174 2546 407 2629 retineamus,
433 2559 467 2614 ,t
482 2545 552 2635 pii,
567 2545 726 2615 moribus
740 2567 918 2619 ornemus,
990 2635 992 2639 Ι
1163 2562 1202 2606 ac
1219 2540 1361 2608 tandem
1376 2541 1555 2616 exclamat.
1601 2542 1781 2619 Peccatori
1799 2566 1915 2623 autern
1932 2561 2020 2630 dixit
2036 2559 2147 2635 Deus:

226 2644 338 2715 Porro
358 2659 397 2715 111
413 2648 552 2715 redeam
578 2647 622 2715 ad
641 2647 843 2717 institutum
866 2669 1005 2731 meum,
1031 2669 1112 2714 cum
1163 2636 1282 2726 Quare
1298 2664 1439 2711 enarras
1458 2643 1613 2714 iusticias
1628 2650 1748 2717 meas?
1792 2649 1894 2725 Hanc
1911 2683 2030 2729 vocem
2048 2685 2149 2756 saepe

125 2748 272 2817 dixerim
305 2742 397 2816 hanc'
420 2748 724 2817 renunciationem
752 2747 887 2837 publici
918 2746 1112 2816 testimonii
1163 2753 1335 2830 repetens,
1355 2756 1499 2835 questus
1515 2761 1564 2816 est
1580 2771 1616 2817 se
1631 2747 1741 2820 multa
1754 2752 2012 2830 inconsiderate
2026 2765 2150 2856 dispu-

125 2871 247 2938 graves
264 2871 384 2929 causas
404 2842 555 2932 habere,
580 2848 695 2916 favere
713 2870 776 2914 vos
797 2843 853 2914 his
869 2848 1112 2935 congressibus
1163 2854 1264 2926 tasse,
1290 2866 1329 2911 ac
1346 2845 1485 2914 veniam
1502 2861 1697 2919 erratorum
1715 2877 1789 2923 non
1806 2858 1920 2925 solum
1936 2884 1956 2929 a
1974 2859 2061 2947 Deo,
2088 2868 2149 2936 sed

82 2934 86 2940 ’
125 2952 238 3018 decet:
266 2962 301 3016 et
317 2946 485 3039 quoniam
506 2941 565 3012 hic
580 2945 636 3012 vel
651 2947 694 3013 de
709 2946 889 3029 doctrina,
914 2948 970 3013 vel
985 2948 1029 3014 de
1045 2950 1113 3016 bo-
1163 2944 1270 3035 etiam
1291 2945 1336 3012 ab
1350 2941 1507 3014 Ecclesia
1524 2949 1663 3036 petivit,
1691 2977 1780 3046 quae
1796 2957 1953 3027 assidens
1967 2965 2042 3031 seni
2051 3016 2064 3049 ,
2096 2968 2149 3037 la·

125 3051 181 3118 nis
197 3048 357 3116 moribus
373 3044 509 3136 aliquid
524 3043 595 3112 dici
610 3045 709 3129 solet,
734 3047 777 3114 ad
794 3044 1112 3115 commonefacien-
1163 3037 1318 3136 chrymis
1346 3044 1547 3119 declarabat
1576 3073 1612 3118 se
1642 3051 1740 3123 luctu
1767 3055 1877 3145 ipsius
1902 3063 2013 3132 adlici.
2066 3064 2149 3137 Non

125 3152 206 3219 dam
230 3149 466 3228 iuventutem,
491 3145 655 3237 egoquia
677 3147 818 3234 longam
836 3146 1112 3236 disputationem
1163 3145 1256 3210 enim
1287 3143 1376 3213 aliae
1402 3142 1596 3242 Erinnyes,
1630 3175 1704 3220 non
1736 3155 1827 3225 alius
1861 3161 1965 3229 dolor
1991 3163 2028 3232 in
2055 3167 2150 3239 bona

125 3272 222 3316 nunc
239 3248 381 3338 quidem
406 3245 590 3315 instituere
609 3269 683 3315 non
703 3247 822 3337 potui,
848 3242 1030 3317 historiam
1053 3244 1112 3319 hic
1162 3256 1279 3312 mente
1303 3245 1418 3314 acrior
1444 3247 1590 3349 existere
1615 3265 1750 3342 potest,
1779 3281 1885 3349 quam
1908 3263 1970 3353 qui
1998 3291 2038 3334 ex
2062 3292 2148 3338 con-

125 3349 270 3418 recime
286 3345 424 3427 malui„
878 3389 882 3400 .
1161 3343 1305 3414 scientia
1336 3349 1594 3420 contaminatae
1622 3353 1782 3426 coelestis
1811 3360 1992 3432 doctrinae
2023 3371 2148 3440 oritur.
2261 3438 2264 3445 ,

225 3448 297 3518 Nec
316 3450 505 3518 obscurum
530 3461 581 3517 est
602 3448 796 3538 plurimum
819 3450 1016 3519 conducere
1041 3447 1111 3540 piis
1160 3442 1259 3535 Ergo
1278 3457 1312 3515 et
1333 3445 1393 3516 ille
1416 3471 1489 3517 non
1514 3451 1589 3520 sine
1613 3477 1714 3523 causa
1736 3452 1994 3554 lachrymabat,
2027 3481 2062 3537 et
2082 3495 2148 3540 nos

124 3553 169 3620 ad
193 3549 421 3619 iudicandum
439 3550 483 3616 de
500 3549 659 3616 doctrina
681 3563 717 3619 et
736 3551 782 3617 ad
796 3553 966 3638 regendos
984 3574 1110 3635 mores,
1161 3546 1319 3635 exemplo
1344 3549 1472 3618 moniti
1491 3551 1601 3621 simus
1626 3554 1964 3649 circumspectiores,
1989 3579 2023 3636 et
2038 3574 2147 3642 auda-

124 3648 352 3721 historiarum
367 3664 402 3720 et
416 3649 636 3741 antiquitatis
651 3648 897 3745 cognitionem.
947 3647 1044 3719 Utile
1059 3663 1111 3719 est
1161 3647 1250 3713 ciam
1265 3648 1641 3740 fingendiopinionu,
1668 3669 1701 3724 tl
1721 3660 1911 3731 cavillandi
1936 3680 2046 3738 rectas
2067 3697 2148 3740 sen-

123 3755 218 3822 enim
237 3775 404 3844 quaerere
420 3743 556 3832 animo,
584 3749 670 3840 quid
688 3748 749 3816 illa
772 3749 884 3839 prima
902 3759 995 3816 aetas
1012 3746 1110 3839 Apo·
1160 3748 1286 3814 tentius
1300 3748 1493 3836 fugiamus,
1515 3765 1550 3821 et
1566 3776 1778 3825 execrentur.

123 3856 221 3924 stolis
237 3851 395 3943 proxima
410 3851 567 3920 senserit.
605 3847 708 3917 Hanc
721 3851 767 3918 ob
782 3873 922 3919 causam
938 3851 1108 3919 successio
1258 3842 1484 3915 Adhibentur
1506 3852 1611 3918 etiam
1643 3854 1681 3920 in
1706 3855 1856 3927 lectione
1877 3876 2033 3934 veterum
2060 3896 2148 3961 pru-

122 3956 315 4026 illustrium
343 3952 500 4021 virorum
518 3951 698 4042 quondam
722 3950 823 4018 valde
846 3950 1017 4020 celebrata
1041 3963 1108 4020 est:
1160 3943 1281 4012 <lentie
1307 3958 1343 4014 et
1370 3948 1541 4036 quaedam
1564 3973 1721 4027 censura.
1773 3955 1845 4029 Nec
1867 3977 1906 4032 ut
1927 3967 2070 4056 quidam
2087 3998 2148 4043 ve-

123 4056 317 4148 quaesitum
343 4054 403 4146 qui
426 4052 559 4121 luerint
580 4049 775 4147 coaetanei,
807 4049 937 4142 quibus
961 4051 1109 4119 testibus
1160 4058 1274 4113 terum
1290 4058 1483 4114 statuarum
1499 4049 1740 4140 admiratores,
1755 4062 1882 4132 rudera
1899 4067 2002 4134 etiam
2018 4095 2146 4163 magno

124 4156 251 4245 scripta
275 4153 530 4247 Apostolorum
553 4153 597 4220 ad
627 4162 785 4240 posteros
806 4150 1007 4219 transmissa
1028 4152 1110 4235 sint,
1160 4158 1298 4214 emunt:
1325 4145 1373 4216 ita
1397 4168 1462 4216 nos
1484 4150 1737 4239 amplectamur
1756 4184 1877 4231 omnes
1899 4169 2058 4239 omnium
2083 4199 2148 4244 ne-

123 4281 143 4326 a
166 4256 295 4348 quibus
319 4255 502 4327 autoribus
521 4275 601 4324 suas
623 4252 772 4346 quisque
799 4251 989 4320 sententias
1012 4275 1110 4322 acce.
1160 4246 1248 4330 nias,
1273 4249 1379 4315 modo
1394 4254 1733 4325 commendationem
1750 4255 1901 4335 habeant
1915 4271 2147 4363 antiquitatis.

122 4359 240 4450 pisgeg
1159 4347 1241 4416 Non
1256 4349 1370 4416 solum
1386 4363 1538 4420 vetustas
1554 4355 1822 4430 admirationem
1837 4368 2067 4458 scriptoribus
2081 4402 2145 4467 pa.

223 4444 277 4526 Ac
295 4454 449 4527 arbitror
469 4480 509 4524 eo
523 4454 631 4525 vitam
652 4464 875 4544 prorogatam
891 4474 964 4519 esse
979 4451 1109 4544 aliqui-
1159 4449 1244 4527 riat,
1277 4451 1336 4517 sed
1361 4449 1478 4537 vides,
1509 4452 1548 4521 in
1573 4457 1804 4546 explicatione
1826 4466 2024 4558 diligentia,
2059 4501 2146 4546 con.

122 4561 191 4630 bus
214 4556 471 4648 praestantibus
493 4554 600 4639 viris,
627 4567 666 4623 ut
685 4554 820 4623 diutius
843 4569 1110 4622 conservaretur
1159 4573 1280 4619 sensus
1303 4575 1381 4618 cum
1409 4546 1595 4641 Prophetis
1619 4572 1654 4626 et
1676 4556 1875 4651 Apostolis,
1914 4594 2019 4663 super
2041 4601 2145 4670 quos,

122 4662 305 4731 doctrinae
326 4657 479 4748 puritas,
506 4667 541 4723 et
562 4668 655 4724 aetas
675 4654 848 4744 posterior
872 4650 1018 4724 haberet
1033 4677 1108 4723 cer·
1156 4665 1198 4756 nt
1213 4652 1263 4720 ait
1279 4650 1427 4732 Paulus,
1454 4667 1609 4725 extructa
1628 4673 1677 4727 est
1692 4658 1857 4738 Ecclesia.

123 4777 177 4835 tos
203 4776 238 4832 et
262 4760 351 4828 lidos
365 4770 467 4826 testes
480 4755 672 4824 sententiae
685 4755 904 4845 apostolicae.
952 4753 1013 4823 Me
1027 4755 1108 4846 qui·
1260 4749 1373 4818 Venio
1399 4752 1505 4839 igitur
1524 4755 1569 4822 ad
1594 4755 1779 4852 Polycarpi
1800 4761 1993 4845 historiam.
2053 4774 2145 4850 Nam

123 4867 203 4934 dem
222 4863 326 4931 valde
340 4858 550 4929 confirmant
564 4849 693 4922 horum
710 4857 822 4939 dicta,
847 4881 925 4925 cum
943 4853 1109 4924 irenaeus
1159 4846 1254 4919 hunc
1271 4852 1490 4941 potissimum
1517 4878 1558 4922 eo
1576 4860 1707 4946 delegi,
1731 4866 1814 4956 quia
1833 4892 1912 4938 cum
1932 4875 2034 4944 toties
2057 4879 2143 4950 cite-

122 4967 226 5035 toties
250 4973 398 5033 testatur
418 4981 454 5027 se
469 4954 656 5052 Polycarpi
672 4957 816 5044 vestigia
840 4958 957 5050 sequi,
986 4970 1019 5025 et
1038 4954 1107 5024 Po·
1158 4964 1217 5019 1111
1229 4952 1560 5043 sedisapostolicae
1574 4959 1765 5047 doctrinae,
1782 4972 1924 5057 prodest
1935 4998 2014 5044 eum
2029 5003 2143 5070 quan.

122 5067 304 5161 lycarpum
328 5063 490 5133 adfirmat
512 5057 709 5127 auditorem
731 5057 836 5126 luisse
850 5057 993 5128 loannis
1007 5054 1107 5147 Apo·
1160 5064 1234 5121 turn
1250 5053 1323 5122 fieri
1348 5068 1462 5145 potest
1486 5071 1610 5127 notum
1626 5085 1698 5130 esse
1711 5069 1878 5140 studiosis
1895 5089 1928 5144 et
1944 5076 2023 5167 piis.
2074 5081 2142 5152 At-

122 5169 225 5251 stoli,
258 5167 374 5258 ipsum
402 5161 569 5232 loannem
594 5157 886 5244 audire'videor,
918 5157 1107 5252 Polycarpi
1158 5155 1377 5244 queutinam
1399 5180 1472 5225 non
1488 5169 1625 5230 tantum
1643 5157 1734 5234 hanc
1748 5167 1891 5242 brevem
1912 5170 2142 5269 historiolam,

121 5285 183 5340 ,ut
201 5267 337 5338 lrenaej
356 5262 557 5335 testimonia
576 5259 733 5332 audiens,
1158 5278 1263 5345 quam
1286 5257 1457 5336 recitabo,
1484 5260 1621 5332 adferre
1643 5289 1797 5356 possem,
1823 5277 1883 5343 sed
1908 5277 2017 5368 ipsius
2034 5281 2141 5352 etiam

223 5368 342 5458 Quare
368 5366 432 5436 etsi
456 5364 578 5432 literae
592 5359 846 5452 Apostolorum
870 5359 952 5428 satis
971 5357 1107 5448 perspi·
1159 5350 1322 5426 exhibere
1344 5368 1592 5448 monumenta,
1622 5366 1805 5460 inquibus
1827 5378 2027 5465 complexus
2051 5383 2141 5453 dici-

121 5496 186 5542 cue
209 5495 275 5541 nos
296 5471 340 5538 de
354 5466 421 5538 Dei
443 5465 516 5534 filio
542 5477 577 5533 ct
604 5464 649 5532 de
664 5460 802 5555 Spiritu
814 5459 944 5531 Sancto
968 5463 1108 5545 docent,
1159 5472 1218 5527 tur
1241 5482 1413 5529 summam
1438 5462 1619 5536 doctrinae
1640 5463 1879 5558 Christianae,
1914 5500 2003 5567 quae
2024 5478 2141 5557 adhue

172 5577 351 5644 llssasrn.
370 5573 473 5639 Om.
500 5567 664 5639 1101111.
820 5664 823 5668 y
1104 5632 1108 5638 ,
1463 5563 1511 5633 36
