4732 6030
165 235 242 314 '1²59
839 228 1002 306 DECh
1033 227 1112 303 DE
1144 227 1520 307 DIALECTICA.
2131 241 2205 314 too

161 413 232 485 ocii
254 411 567 503 voluptatumque,
592 430 667 476 non
684 406 805 478 volent
819 404 1004 475 formicam
1020 404 1156 489 audire,
1206 403 1351 477 versari.
1408 401 1519 473 Vetus
1534 398 1621 472 hacc
1636 403 1831 475 multorum
1847 405 2026 478 bonorum
2044 410 2204 483 vimmm

163 529 270 609 atque
292 514 444 596 imitari,
468 512 512 579 ad
535 533 642 602 quam
665 506 774 578 aDeo
794 521 964 601 tanquam
981 509 1026 577 ad
1041 506 1156 596 magi·
1207 506 1350 600 querela
1371 519 1440 590 est,
1465 506 1525 574 sed
1549 505 1718 598 quoniam
1740 501 1809 576 hoc
1825 521 1984 600 tempore
1998 512 2096 585 velut
2110 514 2150 583 in
2165 539 2204 587 re

162 632 255 689 stros
276 616 373 683 missi
396 625 497 695 sunt,
522 606 562 679 hi
583 611 695 682 sciant
718 636 755 682 se
775 609 999 700 gravissimas
1023 632 1155 700 poenas
1207 608 1384 699 praesenti
1413 607 1509 692 vidi,
1539 629 1646 700 quam
1677 608 1853 680 inutiliter
1884 612 2021 684 discant
2044 616 2204 706 quidam,

164 698 381 805 contemptae
418 713 623 804 magistrae,
669 714 741 782 imo
773 710 967 801 contempti
995 711 1155 780 coelestis
1208 706 1434 781 vehementer
1457 709 1558 778 dolui
1580 708 1692 778 vicem
1709 724 1878 798 vestram,
1904 718 2114 807 quareduxi
2132 715 2203 791 hoc

161 815 324 889 mandari
340 817 483 886 daturos
497 839 581 900 esse,
602 814 677 886 odit
693 814 788 882 enim
804 815 921 883 ocium
929 810 1035 897 Deus,
1054 813 1155 882 ideo·
1207 813 1246 880 in
1261 813 1338 882 loco
1355 835 1418 883 vos
1432 834 1505 881 esse
1520 811 1577 880 vel
1591 812 1852 896 admonendos,
1878 819 1934 884 vel
1950 817 2055 887 etiam
2073 821 2202 894 obiuro

162 945 230 1014 que
251 942 326 989 non
350 942 463 989 unum
481 917 688 989 calamitatis
706 940 816 1007 genus
832 939 872 984 ex
889 914 966 984 ocio
985 914 1155 988 nascitur.
1206 916 1352 1004 gandos.
1404 912 1497 983 Nam
1525 929 1742 986 monuerunt
1772 939 1837 985 vos
1865 911 1932 987 hac
1960 921 2004 988 de
2035 945 2073 990 re
2097 936 2201 994 ante·

160 1021 257 1092 Dixi.
1207 1040 1308 1108 saepe
1340 1027 1584 1108 praeceptores
1614 1015 1742 1100 vestri,
1768 1019 1829 1086 sed
1861 1020 1979 1090 nescio
2010 1046 2081 1114 quo
2106 1027 2201 1098 mala

1205 1119 1278 1190 lato
1300 1118 1379 1204 liat,
1403 1129 1443 1187 ut
1468 1140 1584 1210 neque
1603 1119 1792 1188 autoritate
1813 1120 1977 1209 illorum,
2002 1146 2119 1217 neque
2141 1154 2202 1198 ve-

174 1254 1147 1286 ..-..-..--·.--..-.-..-.-----------·---
1207 1233 1298 1290 strae
1319 1218 1484 1290 utilitatis
1506 1232 1667 1311 respectu
1689 1222 1916 1298 moveamini.
1969 1221 2086 1313 Quam
2106 1231 2200 1301 enirn

1206 1323 1397 1394 utilitatem
1414 1336 1476 1392 aut
1489 1344 1553 1391 vos
1568 1321 1655 1412 ipsi,
1679 1335 1740 1392 aut
1755 1321 1914 1414 Respub.
1934 1350 1975 1395 ex
1991 1323 2058 1398 hoc
2074 1352 2202 1419 genere

985 1467 1033 1508 m,
1050 1445 1146 1509 1528,
1206 1425 1389 1495 doctrinae
1406 1423 1538 1516 capiet,
1563 1426 1661 1516 quod
1678 1425 1779 1518 sequi
1796 1427 1933 1513 soletis,
1957 1428 1995 1498 in
2011 1455 2082 1523 quo
2100 1435 2201 1507 nulla

976 1534 1149 1565 Μ
1206 1527 1320 1598 solida
1334 1550 1373 1597 ac
1388 1526 1489 1596 firma
1504 1525 1658 1597 eruditio
1676 1525 1786 1611 inest,
1813 1543 1848 1599 et
1862 1542 1902 1599 ut
1918 1532 1961 1599 de
1976 1532 2113 1621 privata
2128 1538 2201 1608 uti-

1124 1651 1129 1658 ·
1206 1629 1305 1700 litate
1329 1653 1402 1698 nou
1426 1629 1560 1713 dicam,
1585 1644 1636 1700 est
1658 1629 1751 1697 enim
1771 1628 1929 1701 liberalis
1944 1632 2098 1722 ingenii,
2124 1652 2200 1711 stu-

1206 1731 1265 1800 dia
1282 1756 1345 1802 sua
1362 1733 1407 1800 ad
1425 1730 1604 1822 publicam
1621 1730 1811 1802 utilitatem
1830 1734 2008 1820 conferre,
2035 1740 2120 1831 quid
2139 1765 2201 1811 ex·

1206 1846 1344 1923 pectare
1372 1833 1430 1901 vel
1458 1829 1623 1914 consilii,
1653 1834 1709 1901 vel
1741 1834 1835 1925 opis,
1870 1833 2028 1929 Respub.
2052 1841 2096 1908 ab
2121 1841 2201 1913 istis

1206 1948 1330 2026 potest,
1356 1935 1418 2028 qui
1436 1957 1517 2003 cum
1529 1935 1606 2003 sine
1624 1936 1774 2025 perfecta
1791 1938 1954 2010 doctrina
1970 1939 2112 2012 titulum
2130 1945 2200 2014 do-

1205 2037 1340 2107 ctrinae
1364 2049 1482 2106 tamen
1504 2030 1676 2121 habeant,
1702 2038 1788 2129 quid
1811 2038 1910 2109 aliud
1932 2065 2039 2136 quam
2061 2067 2199 2137 purpu-

1205 2152 1299 2209 ratae
1324 2138 1447 2208 simiae
1463 2139 1534 2207 dici
1552 2139 1705 2231 queant?
1755 2139 1810 2211 De
1825 2143 1987 2212 maximis
2004 2147 2129 2231 rebus,
2153 2151 2198 2220 de

159 1446 301 1572 Q.

474 1663 551 1748 De
582 1662 842 1748 dialectica.

229 1844 314 1916 Apud
335 1844 408 1899 Crat.
426 1838 497 1912 Myt.
538 1839 610 1893 ‚407
628 1858 658 1909 sq
678 1877 702 1903 .,
726 1837 754 1891 in
769 1838 923 1893 Declamat.
947 1839 982 1894 T.
995 1837 1018 1895 l.
1043 1858 1070 1910 p.
1083 1840 1155 1910 400„

264 1916 292 1969 in
305 1915 423 1970 Serrest.
436 1911 459 1966 l.
472 1927 499 1980 p.
548 1910 589 1970 6..
613 1907 647 1960 Ri
683 1908 740 1964 ard.
754 1909 774 1962 l.
788 1927 815 1977 p.
829 1909 888 1963 226.

160 2112 291 2183 Oratio
317 2103 479 2178 iacobi
504 2098 720 2186 Milichie·
753 2099 800 2172 de
825 2100 1051 2188 dialectica,
1085 2099 1154 2172 lao-

178 2211 258 2286 otta
277 2216 318 2283 in
331 2209 563 2302 promotione
579 2206 870 2299 Maptstrorum,
904 2226 1003 2276 anno
1023 2202 1134 2278 1528.

159 2408 258 2494 Cum
283 2410 424 2484 scholae
446 2408 665 2479 consuetudo
689 2406 790 2476 vobis
811 2419 896 2476 nota
917 2407 982 2494 sit,
1006 2431 1078 2476 non
1097 2431 1155 2478 ar-

157 2520 318 2592 bitrabar
333 2509 423 2583 mihi
438 2536 526 2602 opus
543 2532 616 2579 esse
631 2509 739 2599 longa
755 2509 977 2593 defensione,
1003 2533 1067 2579 cur
1083 2504 1155 2580 huc

160 2626 205 2694 ad
228 2619 418 2690 dicendum
442 2610 657 2683 accesserim.
715 2609 874 2700 lmponit
896 2606 987 2681 mihi
1011 2611 1154 2681 dicendi

159 2722 398 2796 necessitatem
420 2739 498 2784 mos
520 2712 703 2805 publicus,
730 2712 789 2781 cui
812 2712 843 2779 si
857 2712 979 2792 {nolim
993 2714 1154 2806 obsequi,

158 2850 233 2899 non
250 2822 333 2894 satis
348 2818 546 2908 intelligere
563 2814 701 2894 videar,
723 2813 809 2906 quid
828 2816 872 2882 ad
889 2815 977 2883 boni
991 2814 1060 2884 viri
1074 2817 1153 2885 olfi-

159 2932 255 3002 cium
277 2923 460 3017 pertineat.
514 2912 633 3010 Atque
648 2916 784 2985 utinam
801 2917 970 3007 quoniam
986 2942 1061 2988 non
1076 2941 1154 2988 sus-

160 3031 238 3122 cepi
259 3022 328 3096 hoc
351 3021 506 3095 officium
532 3019 670 3110 privato
693 3018 862 3104 consilio,
888 3020 949 3087 sed
965 3020 1103 3109 legibus
1120 3033 1154 3090 et

34 3170 36 3174 ⁴
160 3126 333 3204 institutis
358 3122 699 3215 sapientissimorum
723 3115 930 3205 hominum,
961 3122 1024 3215 qui
1048 3123 1153 3193 nobis

159 3259 225 3329 per
255 3250 381 3299 manus
410 3221 508 3294 huuc
539 3246 676 3292 morem
706 3222 948 3307 tradiderunt,
993 3236 1153 3309 coactus,

158 3339 240 3432 plus
261 3327 460 3402 autoritatis
478 3327 522 3395 ad
540 3348 604 3394 vos
620 3323 733 3394 oratio
750 3348 827 3393 mea
841 3320 988 3408 habeat,
1014 3351 1084 3419 quo
1099 3326 1153 3395 la-

160 3440 263 3513 cilius
299 3435 336 3502 id
365 3430 460 3524 quod
491 3428 593 3509 volo,
640 3428 850 3518 Persuadere
868 3426 983 3496 ¹vobis
1009 3428 1152 3517 possim.

80 3620 81 3625 ἵ
158 3542 296 3611 Verum
320 3549 372 3605 est
389 3533 481 3602 illud
503 3530 631 3601 veteris
643 3526 789 3600 Poetae:
815 3525 952 3598 Eadem
972 3530 1086 3598 oratio
1107 3531 1151 3599 ab

160 3646 312 3716 obscuro
329 3651 363 3707 et
379 3633 494 3704 nobili
510 3632 623 3717 dicta,
646 3654 720 3699 non
735 3631 829 3699 idem
844 3632 946 3705 valet.
999 3630 1071 3704 Vos
1087 3655 1151 3701 au-

159 3762 229 3819 tem
256 3736 459 3813 iudicabitis
475 3730 569 3805 hanc
587 3757 660 3802 non
677 3746 748 3803 tam
764 3757 896 3819 meam,
920 3733 1152 3825 quamtotius

161 3861 302 3920 senatus
318 3839 548 3923 Academiae,
574 3837 646 3906 imo
661 3837 780 3928 legum
795 3859 917 3905 vocem
936 3859 1020 3910 esse.

1205 2240 1302 2326 iure,
1328 2242 1372 2309 de
1394 2240 1565 2329 religione
1582 2254 1795 2331 provocatur
1811 2245 1856 2312 ad
1872 2244 2044 2317 iudicium
2063 2262 2200 2336 torum,

1205 2343 1267 2436 qui
1289 2342 1384 2412 docti
1399 2355 1582 2414 vocantur.
1636 2339 1735 2430 Quid
1751 2358 1868 2416 autem
1885 2347 2057 2420 iudicabit
2073 2352 2117 2420 de
2133 2354 2200 2423 ob-

1204 2444 1414 2514 scurissimis
1437 2445 1687 2516 controversiis
1711 2446 1759 2527 is,
1789 2448 1853 2541 qui
1877 2473 1952 2520 non
1976 2451 2116 2542 penitus
2140 2456 2199 2524 in-

1203 2547 1373 2638 trospexit
1403 2548 1517 2616 bonas
1548 2561 1661 2631 artes,
1695 2550 1755 2617 sed
1783 2549 1900 2620 obiter
1922 2553 2118 2642 degustavit
2140 2580 2199 2626 eas

1202 2648 1361 2737 lugiens,
1394 2650 1494 2718 velut
1523 2672 1626 2718 canes
1647 2673 1666 2717 c
1688 2647 1771 2720 Nilo
1794 2652 1948 2722 bibunt?
1979 2652 2064 2747 ‘Est
2086 2658 2198 2746 igitur

1203 2751 1364 2820 discendi
1387 2750 1478 2821 ratio
1503 2752 1583 2822 talis
1607 2751 1842 2838 instituenda,
1868 2777 2054 2848 perquam
2073 2781 2195 2828 earum

1203 2853 1352 2936 artium,
1383 2854 1428 2921 ad
1452 2877 1540 2945 quas
1563 2854 1778 2925 contulimus
1800 2855 1974 2943 studium,
2004 2859 2195 2948 perfectam

1203 2954 1385 3025 scientiam
1418 2979 1689 3049 consequamur:
1731 2956 1768 3026 id
1796 2957 1845 3027 ita
1871 2956 1946 3044 fiet,
1977 2958 2008 3026 si
2030 2962 2195 3032 ordinem

1203 3058 1381 3150 quendam
1403 3057 1442 3125 iu
1465 3059 1635 3127 discendo
1658 3060 1854 3130 servabitis.
1903 3058 2085 3132 Praeclare
2106 3064 2198 3137 dixit

1203 3153 1407 3250 Xenophon
1438 3159 1477 3227 in
1500 3155 1764 3244 Oeconomico,
1796 3156 1889 3230 nihil
1922 3162 2049 3231 ordine
2078 3189 2196 3259 neque

1202 3255 1406 3343 honestius,
1440 3282 1555 3350 neque
1578 3258 1702 3329 utilius
1722 3283 1805 3329 esse.
1866 3258 1978 3332 Cuius
2004 3270 2197 3340 sententiae

1203 3362 1275 3430 vim
1296 3385 1379 3430 cum
1399 3360 1439 3428 in
1461 3359 1629 3430 omnibus
1651 3360 1730 3429 aliis
1751 3363 1858 3432 rebus
1874 3366 2098 3454 experimur,
2120 3382 2197 3442 tum'

1201 3460 1352 3532 maxime
1380 3461 1418 3530 in
1447 3461 1575 3533 studiis
1596 3462 1792 3533 literarum.
1844 3461 1938 3533 Vide
1961 3469 2057 3538 enim
2080 3496 2197 3563 quan-

1201 3577 1277 3636 tum
1291 3579 1515 3655 praepostera
1530 3565 1691 3634 discendi
1709 3567 1800 3634 ratio
1815 3561 1943 3637 habeat
1959 3570 2197 3648 incommodi:

1202 3666 1300 3758 prius
1330 3661 1564 3756 Theologiam
1587 3681 1648 3737 aut
1665 3665 1851 3737 lus‘civile
1874 3669 2014 3741 discunt
2034 3673 2200 3764 quidam,

1202 3792 1307 3862 quam
1339 3779 1485 3838 teneant
1506 3768 1750 3854 Dialecticen,
1787 3783 1820 3840 et
1847 3770 1915 3840 alia
1940 3765 2198 3866 Philosophiae

1202 3871 1392 3940 elementa:
1427 3869 1497 3939 Hic
1526 3871 1649 3963 plane,
1686 3886 1727 3942 ut
1752 3869 1876 3942 Cicero
1902 3873 2043 3967 inquit,
2075 3878 2198 3954 claudi

264 3978 329 4052 Est
351 3977 447 4048 euim
470 3970 562 4043 mihi
587 3974 778 4042 dicendum
800 3974 844 4042 de
869 3974 1006 4043 ratione
1029 3996 1069 4044 ac
1093 3972 1151 4043 via
1200 3996 1299 4042 more
1325 3972 1435 4064 pilam
1459 3985 1593 4048 tenent.
1646 3971 1813 4044 Tractare
1836 3998 1894 4043 eas
1916 3990 2026 4059 artes,
2051 3978 2089 4046 in
2114 3988 2198 4077 qui.

160 4083 337 4165 discendi,
368 4102 409 4146 ac
431 4075 652 4166 perniciosus
674 4077 899 4166 quorundam
924 4100 1024 4146 error
1048 4075 1153 4147 casti·
1201 4077 1268 4145 bus
1283 4089 1487 4157 versantur,
1514 4076 1616 4146 nullo
1631 4078 1737 4146 modo
1753 4089 1917 4168 possunt,
1943 4102 2119 4173 nusquam
2137 4112 2196 4158 nr.

160 4188 315 4280 gandus,
339 4179 401 4273 qui
417 4177 577 4246 ordinem
594 4175 634 4242 in
651 4175 818 4242 discendo
830 4191 1056 4265 pervertunt,
1082 4201 1152 4270 qua
1201 4178 1291 4248 tium
1308 4178 1423 4248 lontes
1439 4178 1636 4269 pervidere,
1659 4201 1732 4245 non
1749 4203 1839 4272 quae
1853 4175 2077 4269 cohaereant,
2103 4214 2195 4281 quae

160 4294 199 4360 in
230 4311 268 4356 re
298 4282 455 4375 profecto
481 4291 516 4347 et
540 4276 701 4347 omnium
725 4290 991 4366 praeceptorum
1016 4292 1152 4348 vestro·
1202 4279 1412 4349 dissentiant
1433 4279 1526 4349 inter
1549 4301 1604 4359 se,
1631 4295 1790 4351 cernunt.
1843 4278 1893 4349 Hi
1919 4307 1999 4353 cum
2016 4290 2196 4376 prodeunt

159 4417 260 4473 rum,
284 4400 317 4454 et
339 4379 536 4453 multorum
557 4380 742 4447 doctorum
763 4371 951 4445 hominum
967 4379 1152 4466 sententia,
1202 4382 1240 4451 in
1272 4382 1457 4471 publicum
1482 4394 1517 4450 et
1539 4381 1721 4450 doetrinae
1744 4382 1949 4475 opinionem
1974 4391 2194 4479 magnificam

160 4495 217 4566 vel
241 4487 383 4585 querela
406 4483 543 4576 potius,
570 4504 648 4550 mea
671 4492 839 4571 tanquam
863 4481 1048 4571 praeconis
1067 4506 1151 4551 voce
1202 4506 1319 4553 secum
1333 4483 1517 4568 adferunt,
1538 4476 1595 4550 hic
1611 4483 1765 4572 primum
1780 4480 2112 4579 deprehenduntur,
2137 4491 2197 4570 hic

159 4597 262 4668 vobis
288 4588 494 4683 exponenda
520 4598 581 4654 est.
632 4580 737 4653 Scitis
761 4583 890 4670 gradus
906 4604 996 4676 quos
1013 4598 1151 4666 vocant,
1201 4585 1379 4655 inscitiam
1402 4584 1582 4675 produnt,
1609 4584 1638 4653 si
1660 4587 1746 4679 quid
1766 4587 2196 4675 estdefiniendum,·n0n

161 4696 375 4772 aveteribus
392 4689 573 4760 institutos
589 4708 681 4768 esse,
703 4696 743 4754 ut
758 4700 1000 4777 praeceptores
1016 4687 1060 4755 de
1077 4699 1152 4757 stu·
1202 4685 1325 4756 vident
1353 4685 1418 4755 ubi
1448 4685 1511 4766 sit,
1547 4684 1576 4753 si
1608 4688 1696 4780 quid
1720 4701 1771 4758 est
1794 4688 2039 4779 partiendum,
2073 4703 2198 4774 omnia

160 4804 229 4874 diis
255 4793 449 4869 iuventutis
473 4789 577 4860 certis
599 4787 819 4875 temporibus
841 4787 1038 4877 periculum
1060 4789 1152 4858 lacc-
1202 4787 1433 4880 unuspulnis,
1448 4787 1477 4855 si
1487 4790 1584 4881 quod
1593 4792 1805 4860 nectendum
1815 4811 2072 4883 argumentum,
2087 4826 2197 4893 qnam

160 4919 259 4986 rent,
285 4913 319 4968 et
334 4911 374 4967 ut
389 4894 522 4966 iudicio
539 4903 804 4981 praeceptorum
819 4884 874 4974 hi,
900 4912 1052 4982 quorum
1067 4914 1152 4982 pro·
1202 4903 1400 4959 monstrosa
1417 4891 1531 4961 forma
1548 4892 1741 4986 syllogismi
1756 4892 1825 4962 sit?
1849 4892 1879 4962 si
1893 4899 1988 4989 quod
2007 4922 2198 4990 argumen.

160 5011 271 5078 fectus
293 4999 533 5093 probabatur,
558 4995 597 5061 in
618 4993 705 5062 alias
727 4991 851 5060 classes
871 4993 1152 5066 traducerentur.
1203 5007 1279 5063 tum
1295 4993 1560 5066 dissolvendum
1576 5007 1638 5079 cst,
1663 4993 1715 5063 ibi
1730 5019 1826 5079 vero,
1852 4996 1922 5065 nisi
1937 5000 2011 5069 sola
2025 5024 2060 5069 se
2076 5005 2199 5100 impu.

159 5110 233 5181 Nos
259 5105 377 5194 itaque
405 5102 490 5169 dum
515 5091 585 5164 hoc
608 5107 767 5186 tempore
790 5088 919 5164 horum
945 5094 1153 5164 adolescen-
1203 5095 1322 5165 dentia
1338 5108 1522 5178 tueantur,
1548 5096 1685 5166 abiecto
1701 5097 1823 5190 clypeo
1839 5099 1992 5189 fugiunt.
2034 5101 2104 5177 Hic
2119 5113 2198 5204 pri.

159 5214 271 5292 tium,
292 5203 421 5298 quibus
433 5197 631 5288 Magisterii
645 5198 788 5267 titulum
805 5199 1056 5277 concedemus,
1077 5208 1153 5267 stu·
1203 5220 1301 5266 mum
1318 5198 1475 5289 poenitet
1489 5221 1549 5268 eos
1563 5199 1741 5286 neglectae
1757 5197 1981 5287 Dialectices,
2008 5230 2197 5297 quaecum

159 5318 217 5386 dia
234 5305 494 5401 cognoscimus,
519 5299 834 5370 animadvertimus
845 5323 1009 5386 magnam
1026 5299 1152 5368 iuven·
1201 5299 1248 5370 sit
1260 5323 1335 5381 ars,
1360 5314 1401 5371 ut
1415 5299 1515 5370 Plato
1531 5300 1597 5384 ait,
1623 5302 1787 5371 tradendi
1801 5317 1836 5373 ct
1850 5304 2044 5393 accipiendi
2061 5330 2201 5388 sermo-

159 5419 244 5490 tutis
270 5424 427 5506 partem,
451 5404 527 5474 sine
551 5403 688 5474 ratione
712 5416 816 5495 atque
838 5402 966 5473 ordine
988 5401 1027 5469 in
1040 5401 1152 5474 literis
1202 5426 1276 5483 nes,
1302 5426 1374 5475 una
1390 5403 1498 5473 tradit
1513 5401 1607 5475 vlam
1624 5415 1658 5473 et
1675 5417 1768 5474 recte
1784 5405 1943 5478 discendi
1961 5422 1996 5479 et
2010 5419 2199 5509 perspicue
