4732 6030
124 173 203 259 sss
559 167 722 247 onon
772 167 848 245 nn
879 166 1217 261 occursura
1260 166 1709 265 asarotos-tau.
2074 172 2153 265 sos

124 341 321 431 cholicam,
346 340 443 414 lovis
455 353 709 435 temperatum,
733 338 862 413 Martis
883 336 1114 421 abataticum,
1163 363 1243 413 rare
1263 341 1441 427 naturales
1464 341 1754 437 significationes,
1787 368 1875 441 quas
1898 343 1996 419 Deus
2018 368 2152 464 propo-¹

127 446 224 523 Solis
238 446 435 531 vivificum,
457 441 629 515 Mercurii
651 443 797 529 siccius,
822 442 970 513 Veneris
988 456 1023 514 et
1038 441 1113 513 Lu·
1164 440 1253 525 suit,
1275 454 1316 511 ut
1329 466 1396 512 nos
1413 443 1656 532 vigilantiores
1670 449 1812 532 reddat,
1837 461 1871 519 et
1886 470 2005 518 curam
2023 470 2064 517 ιιι
2083 446 2153 517 no-

106 562 195 621 'nae
209 543 402 622 humidius.
452 540 502 616 Ει
516 539 603 616 haec
618 547 713 615 varie
731 543 845 637 posita
861 546 969 615 miras
983 545 1115 614 mixtu·
1165 542 1220 613 bis
1242 557 1357 628 acutat,
1391 544 1490 635 pium
1510 561 1544 617 et
1560 547 1648 616 utile
1670 560 1735 617 est.
1786 545 1857 618 Sed
1880 549 2062 617 videamus
2077 548 2153 638 pri-

127 673 184 721 ras
198 649 375 734 efficiunt,
400 659 441 719 ul
464 672 544 723 cum
558 645 596 717 iu
620 645 884 717 medicamentis
899 647 1015 715 variae
1032 638 1116 715 her·
1164 657 1264 715 vatos
1284 666 1411 719 mores.
1470 645 1512 717 si
1527 647 1605 740 quis
1620 661 1768 719 naturae
1785 671 1870 719 suae
1884 649 2154 719 inclinationem

126 754 192 823 bae
206 752 411 835 miscentur,
436 750 476 818 in
490 764 595 819 cantu
613 754 732 819 voces:
759 745 857 819 Haec
872 749 946 818 dixi
963 748 1116 830 brevius,
1165 745 1349 835 intelligit,
1375 747 1469 816 alere
1483 748 1576 818 bona
1593 761 1628 819 et
1641 751 1867 832 confirmare,
1894 763 1928 821 et
1940 751 2052 821 vitare
2068 748 2155 820 vitia

126 877 201 925 non
212 843 330 922 solum
344 852 440 945 quod
458 846 621 923 habenda
642 850 712 923 luit
725 849 817 920 ratio
841 850 1030 943 temporis,
1054 849 1115 917 sed
1166 847 1349 937 diligentia
1366 872 1405 918 ac
1418 850 1557 920 ratione
1573 864 1698 940 potest.
1739 850 1873 921 Verum
1888 864 1940 921 est
1952 852 2047 920 enim
2059 850 2157 943 quod

127 954 234 1028 etiam
249 956 347 1048 quod
362 953 464 1023 vobis
482 953 694 1023 doctissimis
710 947 916 1022 hominibus
932 950 1016 1023 satis
1032 973 1115 1043 pro·
1165 949 1214 1019 ait
1231 947 1469 1020 Ptolemaeus:
1497 951 1646 1043 Sapiens
1667 954 1787 1022 anima
1806 954 1951 1023 adiuvat
1970 953 2156 1022 coelestem

125 1059 208 1129 hau
237 1079 312 1126 csse
343 1055 553 1126 arbitrabar.
613 1052 729 1123 Venio
758 1054 868 1143 igitur
893 1055 938 1123 ad
971 1053 1115 1123 alteram
1165 1050 1424 1141 operationem,
1471 1056 1769 1145 quemadmodum
1808 1057 1964 1146 optimus
2004 1052 2158 1143 agricola

127 1172 276 1253 partem,
300 1156 475 1241 videlicet,
500 1169 541 1225 ut
553 1156 599 1225 de
614 1155 766 1227 utilitate
782 1156 909 1225 dicam.
944 1152 1017 1224 Nec
1033 1176 1116 1223 vero
1167 1153 1300 1221 arando
1330 1158 1627 1247 expurgandoque
1655 1158 1800 1229 adiuvat
1830 1170 2003 1226 naturam.
2077 1151 2158 1223 Hoc

127 1260 290 1335 existimo
312 1279 514 1353 quenquam
535 1259 626 1328 adeo
653 1257 935 1348 superstitiosum
960 1280 1053 1339 esse,
1077 1267 1118 1324 ut
1168 1255 1236 1323 late
1250 1266 1346 1345 patet
1362 1254 1401 1321 in
1415 1279 1499 1325 cura
1515 1257 1746 1340 valetudinis,
1770 1258 1809 1325 iu
1826 1258 2014 1348 deligendo
2029 1277 2157 1344 genere

128 1361 286 1453 uegetin
301 1360 475 1429 medendo
493 1360 688 1429 conducere
707 1359 989 1429 observationem
1013 1358 1116 1452 syde-
1167 1356 1277 1438 vitae,
1308 1356 1438 1441 studii,
1476 1356 1516 1424 in
1542 1357 1776 1449 suscipiendis
1797 1360 1952 1448 negociis
1979 1357 2037 1427 vel
2066 1355 2159 1449 aptis

128 1487 228 1534 rum·¹
274 1458 434 1554 Cumque
451 1461 494 1529 de
514 1454 633 1531 hacre
656 1473 691 1530 et
713 1474 897 1552 praecepta
919 1472 1055 1542 extent,
1084 1472 1118 1526 et
1167 1456 1223 1526 vel
1251 1452 1526 1529 abhorrentibus
1553 1461 1598 1527 ab
1619 1459 1774 1548 ingenio.
1841 1460 1881 1531 si
1898 1457 2065 1530 Curionis
2096 1470 2158 1527 aut

128 1577 213 1637 nota
227 1563 275 1633 sit
286 1561 517 1653 experientia,
541 1585 615 1632 non
630 1586 691 1633 ero
706 1562 857 1651 longior.
909 1558 1052 1650 Quanto
1068 1572 1118 1629 est
1168 1554 1319 1628 Antonii
1336 1575 1498 1648 parentes
1512 1561 1596 1630 satis
1611 1562 1868 1631 intellexissent
1882 1573 2046 1630 naturam
2064 1560 2159 1629 lilio-

126 1680 245 1747 autem
266 1665 328 1735 illa
350 1664 464 1733 maior
483 1663 635 1749 utilitas,
668 1686 741 1733 non
762 1666 878 1734 solum
902 1663 941 1730 iu
967 1661 1116 1752 aegrotis
1167 1683 1265 1744 rum,
1290 1659 1431 1732 flectere
1456 1662 1628 1752 singulari
1645 1675 1719 1733 arte
1735 1664 1818 1732 lero·
1831 1678 1866 1735 et
1882 1663 2043 1754 inquieta
2058 1662 2159 1751 ingo·

126 1766 352 1858 corporibus,
378 1767 438 1834 sed
453 1764 566 1834 multo
589 1765 698 1855 magis
721 1764 758 1833 in
773 1765 985 1855 Rebuspub.
1001 1761 1119 1832 consi·
1167 1760 1226 1829 nia
1242 1762 1286 1829 ad
1301 1758 1578 1833 moderationem
1595 1765 1804 1855 potuissent.
1851 1759 2061 1855 Philippum
2076 1761 2160 1831 Ms-

128 1870 250 1938 derare
279 1867 517 1936 mutationum
550 1866 782 1936 maximarum
814 1888 877 1934 seu
903 1886 1023 1932 causas
1056 1886 1118 1931 seu
1169 1862 1337 1929 cedonem
1371 1865 1568 1954 accepimus
1590 1865 1725 1955 Regem
1753 1867 1792 1935 in
1825 1865 1949 1956 primis
1979 1863 2174 1948 callidum,

126 1968 414 2058 significationes,
430 1979 471 2036 ut
483 1969 750 2036 accommodare
764 1967 808 2033 ad
826 1987 883 2033 eas
897 1976 1017 2031 nostra
1033 1987 1118 2032 con·
1168 1985 1248 2030 cum
1266 1962 1571 2035 animadvertisset
1594 1968 1634 2034 in
1661 1968 1736 2036 lilio
1759 1964 1962 2038 Alexandro
1986 1989 2061 2034 nou
2076 1987 2161 2034 sane

128 2071 207 2141 silia
220 2067 410 2159 possimus,
433 2080 467 2137 et
486 2080 561 2136 arte
580 2067 742 2156 mitigare
759 2065 996 2137 incommoda.
1026 2063 1118 2133 Vere
1169 2085 1331 2150 pravam,
1367 2067 1428 2134 sed
1456 2079 1573 2136 umen
1603 2068 1816 2160 asperiorem
1847 2081 1882 2138 et
1915 2067 2161 2157 impatientem
2220 2108 2223 2113 ·

128 2171 225 2241 enim
250 2167 369 2262 iuquit
384 2167 504 2251 Plato,
528 2170 694 2261 syderum
721 2166 889 2239 circuitus
906 2165 1041 2235 cllicere
1056 2189 1118 2234 va·
1168 2163 1309 2254 imperii
1330 2179 1494 2236 naturam
1520 2191 1612 2255 esse,
1648 2170 1853 2263 videretque
1875 2192 1956 2240 eum
1986 2191 2062 2238 non
2084 2165 2161 2259 pati

126 2271 199 2341 rias
214 2270 319 2349 vices,
341 2292 418 2338 non
433 2269 548 2337 solum
565 2269 799 2365 animantium
815 2268 1035 2359 corporibus,
1056 2267 1118 2335 sed
1170 2265 1381 2335 domitorem
1397 2292 1580 2360 asperum,
1607 2273 1725 2363 coepit
1742 2270 1931 2343 consilium
1947 2271 2109 2341 doctrina
2126 2281 2162 2341 et

128 2373 231 2443 etiam
255 2371 442 2440 universae
464 2372 613 2439 naturae
636 2392 774 2455 rerum,
804 2369 897 2438 vitae
920 2362 1119 2451 hominum,
1169 2362 1400 2459 Philosophia
1418 2371 1585 2441 flectendi
1607 2396 1688 2442 euru
1710 2376 1754 2443 ad
1770 2373 1978 2443 suavitatem
1999 2385 2033 2442 et
2049 2368 2162 2441 corni-

128 2473 291 2565 lmperiis
326 2484 360 2541 ct
385 2468 673 2561 Rebuspublicis.
698 2506 701 2513 ·
726 2468 775 2541 Ut
807 2483 924 2539 autem
955 2469 1119 2560 agricolis
1169 2482 1288 2542 tatem.
1338 2467 1415 2540 Hac
1435 2473 1572 2541 ratione
1589 2475 1677 2542 adeo
1698 2475 1850 2544 excoluit
1869 2474 1969 2542 illam
1984 2487 2160 2555 naturam,

126 2574 359 2669 praecipitur,
382 2585 423 2643 ut
446 2575 692 2664 tempestatum
717 2572 815 2667 signa
832 2571 1042 2653 observent,
1068 2572 1116 2640 ita
1168 2580 1211 2638 ut
1234 2570 1272 2637 in
1297 2570 1374 2661 ipso
1395 2596 1500 2642 cursu
1522 2573 1751 2644 victoriarum
1773 2575 1831 2642 vix
1849 2575 2035 2667 quisquam
2054 2571 2161 2641 luerit

126 2677 245 2767 magui
262 2676 330 2743 viri
345 2670 535 2764 inRepub.
552 2674 790 2743 mutationum
804 2675 903 2765 signa
918 2672 1117 2762 intelligere
1167 2694 1326 2763 unquam
1341 2669 1533 2745 humanior
1544 2698 1584 2744 ac
1598 2676 1826 2746 moderatior.
1880 2671 1933 2744 lta
1948 2673 2092 2764 prodest
2105 2672 2161 2739 vis

128 2777 397 2851 etconsiderare
415 2776 562 2867 debent,
611 2771 661 2845 Et
678 2775 822 2867 quidem
841 2776 880 2842 iu
898 2775 1036 2865 scriptis
1054 2799 1118 2868 po·
1169 2775 1272 2857 dere,
1304 2798 1376 2865 quo
1397 2800 1598 2869 quenquam
1621 2780 1727 2849 ducat
1741 2791 1888 2857 natura,
1913 2787 1954 2845 ιιι
1972 2773 2160 2865 disciplina

126 2880 233 2951 liticis
254 2878 474 2965 colliguntur
497 2874 596 2960 signa
619 2887 758 2963 surnpta
779 2898 798 2941 a
821 2876 982 2943 moribus
1003 2890 1038 2944 et
1053 2900 1119 2943 vo·
1169 2875 1296 2943 idonea
1312 2876 1356 2944 ad
1371 2877 1538 2947 virtutem
1555 2879 1734 2964 flectatur,
1761 2893 1795 2949 et
1809 2904 1829 2947 a
1845 2879 1941 2949 vitiis
1952 2877 2162 2947 abducatur.

126 2980 342 3060 luntatibus,
369 2976 460 3043 sicut
473 2971 610 3040 Medici
624 2974 768 3040 morbos
780 2995 823 3039 ex
838 2973 1119 3063 intemperantia,
1168 2975 1311 3045 Possem
1336 2990 1370 3046 et
1397 2979 1483 3047 alias
1509 2979 1680 3050 utilitates
1710 2979 1952 3049 oeconomicas
1983 2977 2162 3066 colligere,

126 3098 189 3156 aut
205 3074 434 3165 corruptione
448 3067 639 3140 humorum
655 3072 873 3161 praedicunt.
907 3070 976 3143 Sed
991 3098 1118 3164 magno
1169 3079 1227 3145 sed
1247 3073 1322 3145 has·
1334 3081 1495 3171 persequi
1512 3080 1658 3169 longum
1672 3083 1789 3152 luerit.
1851 3079 1925 3150 Vos
1940 3079 2050 3167 igitur
2064 3076 2161 3148 Can-

129 3199 166 3254 et
192 3176 344 3268 sapienti
369 3173 446 3242 viro
469 3194 682 3261 magnopere
711 3175 1007 3273 prodestpetiam
1033 3170 1119 3245 haee
1168 3178 1299 3258 didati‚
1325 3179 1407 3271 quia
1422 3181 1491 3248 iam
1507 3177 1761 3273 Philosophiae
1779 3206 1841 3253 vos
1865 3180 2009 3273 publice
2025 3178 2161 3251 addici·

130 3279 294 3354 coelestia
320 3276 418 3362 signa
448 3275 748 3358 animadvertere,
783 3287 824 3345 ut
849 3298 968 3364 regere
997 3276 1117 3371 aliquo
1168 3279 1233 3363 tis,
1261 3293 1300 3349 ut
1320 3280 1475 3373 reliquas
1499 3296 1617 3373 partes
1640 3309 1704 3375 pro
1729 3284 1825 3354 virili
1849 3283 2031 3375 amplecti,
2057 3305 2159 3352 exco-

129 3383 236 3453 modo
257 3379 437 3448 fortunam
461 3387 495 3444 et
515 3398 637 3443 cavere
656 3398 774 3443 saevas
796 3387 1035 3467 tempestates,
1062 3380 1118 3447 vel
1170 3380 1258 3462 lere,
1289 3394 1323 3449 et
1353 3406 1480 3452 ornare
1504 3384 1660 3471 debetis,
1691 3387 1739 3456 ita
1773 3385 2025 3465 memineritis,
2066 3379 2159 3452 hanc

127 3497 220 3554 certe
238 3478 397 3567 mitigare
413 3477 532 3566 possit.
582 3472 692 3546 Recte
709 3477 802 3545 enim
821 3478 954 3548 dictum
973 3494 1040 3550 est:
1166 3504 1308 3573 quoque
1321 3496 1457 3574 partem
1469 3487 1660 3554 amandam
1676 3512 1760 3558 esse.
1811 3486 1894 3556 Nou
1910 3474 2024 3555 solum
2040 3483 2157 3553 stulti·

184 3586 250 3669 Qui
266 3591 362 3669 sapit,
385 3588 438 3645 ille
452 3586 586 3645 animum
608 3584 746 3645 fortunae
762 3599 915 3666 praeparat
933 3593 1028 3665 omni,
1166 3582 1238 3661 cia,
1266 3586 1324 3652 sed
1345 3587 1554 3674 perversitas
1578 3600 1647 3670 est,
1673 3588 1840 3678 aucupari
1865 3585 2159 3678 ingeniilaudem

227 3686 460 3770 Praevisumque
476 3699 573 3767 potest
587 3698 648 3746 srts
664 3689 762 3746 levare
776 3691 902 3750 matum.
1167 3705 1207 3750 ex
1233 3684 1464 3754 insectatione
1487 3688 1663 3757 bonarum
1681 3690 1820 3758 artium.
1871 3687 1963 3758 Nam
1980 3688 2076 3756 viros
2092 3687 2159 3753 bo-

123 3785 270 3861 Etenim
297 3783 326 3852 si
348 3781 620 3870 significationes
644 3781 726 3850 illae
749 3806 823 3850 non
848 3794 930 3851 sunt
953 3779 1116 3849 conside·
1166 3806 1232 3851 nos
1246 3787 1363 3869 decet,
1390 3789 1584 3876 praeclaras
1602 3802 1692 3857 artes
1709 3804 1742 3860 et
1756 3790 1862 3857 utiles
1872 3790 1964 3856 vitae
1979 3812 2043 3877 pru
2061 3784 2157 3852 virili

125 3889 276 3970 randae,
308 3907 372 3953 cur
393 3882 564 3951 divinitus
586 3882 624 3948 in
648 3882 745 3950 coelo
768 3882 918 3973 scriptae
943 3896 976 3950 et
1005 3882 1117 3970 pictae
1166 3907 1314 3967 ornare,
1337 3889 1430 3953 utad
1448 3911 1567 3955 earum
1581 3889 1697 3956 studia
1715 3913 1821 3979 quam
1837 3887 1986 3977 plurimi
2001 3885 2157 3955 inviten-

125 3989 234 4062 suut?
277 3983 369 4056 Cum
403 3996 520 4052 autern
547 3979 644 4051 Deus
675 3977 739 4050 has
772 3997 874 4053 notas
900 3981 1117 4071 impresserit
1168 3997 1237 4054 tur.
1288 3982 1384 4054 Dixi.

127 4090 245 4174 coelo,
268 4103 310 4157 ut
330 4082 540 4175 Rebuspub.
564 4083 795 4151 denunciaret
820 4084 979 4169 ingentes
1004 4103 1116 4163 casus,

128 4191 288 4281 impietas
306 4201 373 4269 est,
400 4186 540 4255 animos
557 4186 600 4252 ab
622 4178 687 4253 hac
708 4184 955 4253 observatione
973 4204 1115 4273 prorsus
1173 4231 1216 4240 .-

126 4306 294 4363 avertere.
351 4283 520 4378 Eclipses,
543 4285 821 4368 coniunctiones,
846 4283 1019 4377 prodigia,
1043 4296 1115 4351 tra-

124 4394 310 4474 iectiones,
341 4404 517 4473 cometae,
549 4387 634 4480 quid
665 4399 749 4456 sunt
776 4386 845 4454 nisi
866 4385 932 4456 Dei
960 4383 1114 4464 oracula,
1164 4413 1294 4485 Nmffi
1983 4453 2021 4492 m
2059 4431 2141 4497 1535

124 4496 187 4592 qui
202 4493 389 4563 minitatur
403 4490 494 4562 vitae
519 4482 705 4557 hominum
723 4487 883 4577 ingentes
901 4485 1114 4556 calamitates
1166 4470 1306 4579 ws'
1352 4520 1357 4529 ·
1972 4477 2153 4550 ...ἑν-ἐ

122 4591 419 4669 aemulationes?
450 4588 547 4660 Haec
562 4589 590 4657 si
605 4589 684 4681 quis
707 4587 922 4671 coutemnit,
948 4583 1013 4656 Dei
1037 4610 1114 4655 mo·
1401 4615 1478 4699 De
1506 4643 1662 4701 amm
1689 4622 1910 4705 veritati&

106 4698 222 4771 ¹uitus
250 4707 473 4788 aspernatur,
529 4686 713 4778 Quatenus
744 4703 860 4761 autem
889 4684 976 4759 haec
1003 4687 1114 4758 metui
1553 4771 1559 4783 ι
1727 4772 1734 4787 ⁸

123 4800 294 4877 aucant,
320 4810 493 4888 quantum
516 4791 664 4862 omnino
687 4791 916 4861 tribuendum
939 4791 985 4861 ⁸³¹
1000 4789 1110 4859 ⁰⁰⁸¹*
1232 4767 2152 4913 '‘tlttt'llt‘ltttltt.e·ittaillitttall'll‘ldltlt

121 4902 238 4973 stibus
251 4896 380 4987 signis,
403 4896 513 4967 discet
527 4893 622 4962 idem
638 4892 700 4961 ille
712 4892 769 4961 vir
782 4909 931 4982 magnus
952 4915 992 4960 ex
1006 4889 1113 4959 sacris
1265 4906 1413 4989 stactam,
1440 4907 1566 4961 vastata.
1587 4919 1612 4960 a
1635 4909 1696 4961 atio
1715 4911 1877 4979 quibusdam
1905 4914 1986 4969 tonis
2010 4926 2037 4972 a
2063 4919 2152 4976 tout.

123 5002 259 5087 literis,
290 5022 336 5067 ne
356 4997 504 5088 obrepat
527 4995 647 5064 animo
676 4993 785 5081 impia
808 4993 867 5064 vel
890 4990 1113 5073 confidentia,
1266 4993 1350 5098 '¹¹:2⁸3
1362 4972 1886 5103 2¹¹¹,ssfflilgftxlgxgpfflmsj¹ff
1917 4982 2005 5105 pepla
2019 4985 2151 5075 Quassus

124 5105 184 5174 vel
204 5098 412 5193 desperati&
466 5096 514 5168 Ui
537 5097 576 5164 in
590 5093 823 5184 mimum,
847 5094 885 5165 ln
902 5094 1113 5186 ssdvlgdssdQ
1264 5063 1370 5165 abediens
1383 5120 1424 5166 est
1434 5112 1506 5167 iuter
1518 5062 1706 5183 Tyianpnitem
1720 5069 2151 5195 οιῙ)ειιιοοιι·1ιῐιίιιιι.Ιῖιιιξῖἑῐιιῖἰοᾳιιυε1

123 5218 275 5278 nonest
302 5199 538 5289 irreligiosum
562 5200 749 5268 observare
774 5197 996 5286 prognostica
1023 5208 1113 5264 tem·
1263 5178 1455 5322 {3⁰⁸”lg¹¹’',92⁸·,
1473 5180 1998 5327 “fflssssffi'fssffff{¹¹59gffm32⁸
2018 5193 2150 5318 Μξῖῗ·

124 5319 319 5402 pestatum,
350 5302 398 5373 ita
422 5302 461 5370 in
484 5297 790 5370 administratione
812 5320 931 5369 recum
950 5297 1113 5368 conside-
1259 5316 1378 5393 puts..
1403 5319 1474 5391 apua
1489 5317 1616 5377 matut.
1631 5321 1653 5376 ι.
1670 5341 1699 5394 p.
1715 5320 1777 5378 aas.
