4732 6030
244 300 318 377 ιιι
848 287 1007 372 nucu.
1041 290 1118 368 uu
1151 287 1294 366 vrri
1322 285 1666 377 auousruu.
2203 297 2281 377 ιω

246 472 458 547 al'raefccto
472 468 636 543 Romano
651 464 913 552 Mediolanum,
938 478 979 537 ut
995 479 1170 537 exerceret
1185 465 1237 536 ibi
1289 473 1476 552 postquam
1498 459 1589 531 vidit
1609 461 1702 532 serio
1722 456 1791 531 hoc
1814 474 1934 553 petere
1952 458 2205 561 Episcopum,
2219 476 2286 544 ob·
2333 539 2345 549 ,

248 578 485 648 adolescentes
506 572 543 638 in
566 569 729 639 diceudo.
790 566 1004 661 Quanquam
1027 581 1143 639 autem
1160 568 1239 638 ani·
1291 575 1471 651 temperat.
1533 561 1587 630 lbi
1608 587 1689 631 cum
1711 554 1945 643 Manichacus
1960 579 1996 637 et
2011 565 2218 644 Donatistae
2235 577 2287 647 ita

250 703 308 753 mo
335 677 404 744 iam
427 685 501 742 erat
523 671 695 740 alieniore
718 665 994 756 aManichaeis,
1020 684 1137 739 tamen
1155 693 1238 760 por·
1290 664 1490 747 refutasset,
1515 677 1556 733 ut
1578 664 1737 758 plerique
1754 664 1912 734 redirent
1935 668 1980 737 ad
1995 671 2200 759 sanitatem,
2228 703 2287 748 re-

251 792 327 848 tum
342 786 462 843 tenere
482 772 621 841 nullum
642 767 759 842 adhuc
775 762 923 862 poterat.
975 767 1024 841 Et
1038 796 1078 840 ex
1097 772 1239 841 dubita·
1291 765 1381 857 liqui
1399 788 1481 834 vero
1497 764 1629 856 oppido
1645 770 1869 850 excederent,
1897 769 2089 843 constituta
2106 781 2288 872 tranquil.

250 877 346 947 tione
362 873 443 957 illa,
468 886 509 943 ut
524 875 580 958 fit,
605 873 643 941 iu
660 869 887 943 Academicas
901 872 1087 964 opiniones
1104 873 1241 957 incidit,
1291 866 1388 934 litate
1410 866 1485 934 eius
1507 862 1701 951 Ecclesiae,
1735 865 1900 937 Valerius
1921 893 1958 939 se
1975 871 2057 942 vivo
2074 892 2175 947 curat
2189 875 2289 951 hunc

250 978 314 1047 diu
346 971 439 1044 nibil
469 976 648 1043 affirmans
677 974 720 1042 de
749 974 931 1063 religione.
998 972 1116 1063 Quam
1136 973 1241 1044 multi
1292 967 1373 1055 eligi
1393 963 1629 1056 Episcopum,
1664 980 1704 1037 ut
1726 969 1941 1059 prospiceret
1975 966 2084 1043 huius
2108 975 2289 1051 Ecclesiae

251 1101 348 1148 nunc
371 1099 512 1169 quoque
535 1099 615 1144 cum
638 1098 675 1144 se
695 1076 857 1144 evolvere
881 1099 921 1145 ex
943 1075 1242 1166 disputationibus
1293 1067 1527 1136 incolumitati
1544 1067 1648 1137 etiam
1663 1070 1701 1137 in
1716 1066 1907 1160 posterum.
1961 1068 2000 1141 ld
2026 1100 2155 1148 munus
2171 1084 2288 1150 admi-

253 1203 328 1248 uon
345 1189 511 1268 possunt,
537 1199 680 1267 prorsus
696 1175 785 1245 liunt
800 1173 934 1248 tideus?
984 1175 1054 1247 Sed
1070 1176 1242 1246 divinitus
1295 1168 1459 1238 nistravit
1481 1167 1620 1238 circiter
1634 1172 1866 1261 quadraginta
1886 1196 2018 1258 annos,
2044 1203 2114 1269 quo
2129 1193 2286 1273 tempore

254 1305 296 1350 ex
316 1276 384 1348 hoc
398 1278 582 1366 naufragio
599 1274 819 1365 Augustinus
841 1290 980 1370 ereptus
997 1291 1068 1362 est,
1094 1279 1190 1369 quod
1210 1289 1244 1346 et
1295 1269 1391 1338 varia
1415 1268 1448 1337 ei
1469 1293 1547 1338 cum
1568 1272 1690 1341 multis
1711 1267 1897 1343 haereticis
1919 1278 2112 1348 certamina
2129 1282 2285 1355 fuerunt.

253 1380 376 1450 matris
400 1374 601 1471 lachrymae
630 1401 695 1467 pro
719 1400 760 1448 eo
784 1378 1074 1470 interpellabant,
1101 1391 1135 1448 et
1159 1379 1245 1470 ipse,
1295 1369 1464 1459 Magnam
1480 1370 1746 1443 multitudinem
1764 1399 1805 1445 ex
1814 1369 1978 1473 Ethnpicis
1987 1378 2091 1448 etiam
2110 1381 2155 1450 ad
2164 1380 2285 1454 Evan-

255 1505 458 1575 quanquam
481 1480 520 1546 iu
543 1478 765 1549 dubitatione
794 1481 1016 1561 versabatur,
1048 1480 1172 1550 audire
1191 1495 1245 1550 ta.
1295 1472 1426 1562 gelium
1454 1473 1643 1563 pertraxit,
1676 1499 1765 1568 quos
1784 1476 1923 1546 facilius
1946 1478 2061 1564 flexit,
2086 1504 2168 1552 cum
2186 1486 2285 1556 vide-

255 1607 339 1653 men
362 1583 477 1651 bonos
494 1577 684 1663 Doctores,
717 1603 757 1649 ac
778 1580 891 1670 legere
907 1605 1021 1652 sacras
1036 1580 1155 1652 literas
1170 1605 1244 1651 non
1296 1585 1375 1642 rent
1391 1573 1466 1643 eius
1482 1573 1678 1643 doctrinam
1702 1575 1873 1646 divinitus
1894 1581 2116 1669 comprobari
2133 1585 2287 1657 miracu-

256 1683 402 1754 destitit.
452 1679 580 1751 Narrat
594 1704 630 1750 sc
647 1694 731 1751 tunc
748 1680 927 1754 inPlotini
944 1684 1055 1755 libros
1069 1683 1246 1768 incidisse,
1295 1675 1351 1744 lis.
1401 1673 1541 1744 Delevit
1554 1674 1720 1768 reliquias
1739 1674 1973 1748 Arriauorum
1997 1681 2035 1748 in
2055 1695 2127 1752 tota
2143 1687 2285 1772 vicinia,

256 1785 295 1852 in
319 1783 448 1876 quibus
470 1782 602 1851 fuerint
622 1783 794 1874 quaedam
825 1785 869 1851 de
892 1797 1017 1854 natura
1046 1781 1113 1852 Dei
1140 1796 1173 1852 et
1201 1785 1246 1852 de
1296 1774 1436 1867 publice
1459 1773 1644 1845 revincens
1665 1775 1840 1848 Foelicem
1861 1775 2051 1850 Attianum
2066 1807 2184 1852 coram
2200 1785 2284 1856 Ma-

256 1886 366 1954 verbo
391 1895 553 1963 aeterno,
584 1906 673 1976 quac
699 1883 828 1953 imitati
855 1899 939 1955 sunt
954 1878 1182 1974 Philosophi,
1212 1897 1246 1954 et
1296 1876 1452 1965 gistratu.
1502 1873 1709 1967 Profligavit
1728 1893 1761 1950 et
1771 1875 2015 1958 Manichaeos:
2041 1886 2101 1952 sed
2117 1887 2283 1956 omnium

257 1999 369 2057 astute
385 1985 640 2056 transtulerunt
656 1986 699 2053 ad
712 2007 803 2070 sese,
827 1980 1097 2055 utCheistianae
1113 1985 1247 2056 dactri-
1297 1976 1525 2046 durissimum
1547 1992 1722 2051 certamen
1745 1980 1777 2051 ei
1794 1981 1863 2054 fuit
1886 2006 1965 2053 cum
1980 1981 2194 2070 Donatistis,
2220 1989 2283 2079 qui

258 2112 324 2157 nae
349 2086 520 2157 autoritas
541 2099 798 2157 extenuaretur.
849 2084 919 2157 Sed
942 2100 1060 2157 tamen
1076 2081 1247 2176 Augusti·
1297 2102 1372 2147 non
1388 2091 1524 2148 tautum
1540 2081 1771 2154 concionibus
1795 2096 1830 2153 et
1852 2083 1991 2175 scriptis
2007 2087 2199 2156 turbabant
2214 2085 2285 2157 Ec-

257 2212 325 2258 nus
340 2190 390 2258 ait
408 2211 443 2256 se
460 2182 676 2277 deprehensa
695 2187 838 2270 fraude,
864 2211 923 2257 eos
944 2187 1054 2258 libros
1069 2188 1246 2258 abiecisse,
1297 2179 1438 2265 clesias,
1456 2181 1517 2249 sed
1530 2182 1713 2254 manifesta
1730 2185 1766 2253 vi
1780 2186 2041 2273 grassabantur.
2082 2183 2284 2258 Eratfactio

257 2287 394 2359 Mirum
408 2302 582 2357 certamen
599 2289 637 2355 in
662 2287 727 2357 hac
743 2283 890 2356 historia
906 2288 1122 2380 conspicitur
1135 2288 1246 2358 animi
1297 2278 1652 2368 Circumcellionum,
1679 2286 1741 2379 qui
1752 2307 1817 2377 per
1828 2286 1926 2355 illam
1941 2311 2041 2356 oram
2052 2285 2193 2358 Africae
2205 2314 2285 2380 pas-

256 2390 426 2482 inquieti,
453 2389 572 2457 omnia
587 2389 803 2480 exquirentis
814 2402 847 2459 et
867 2390 1097 2481 explorantis,
1123 2402 1163 2460 ut
1184 2414 1246 2459 ve·
1297 2382 1362 2451 sim
1379 2382 1542 2452 seditiose
1557 2385 1790 2474 vagabantur,
1809 2400 1842 2457 et
1857 2411 1875 2456 a
1890 2409 1927 2457 se
1942 2388 2186 2459 dissentientes
2195 2391 2285 2460 alios

255 2491 397 2560 ritatem
426 2489 596 2561 iuveniat,
652 2487 769 2558 Multa
797 2506 918 2561 mouet
940 2486 1009 2561 hae
1037 2491 1246 2581 exemplum,
1298 2482 1572 2573 interficiebant,
1597 2500 1660 2557 aut
1683 2490 1774 2558 male
1797 2490 2027 2563 mulctabant
2085 2487 2133 2558 lli
2148 2492 2285 2560 tumul-

256 2590 440 2673 videlicet,
462 2589 623 2659 doctrina
638 2602 672 2658 et
685 2589 914 2661 meditatione
927 2615 1015 2684 opus
1032 2615 1124 2673 esse,
1150 2606 1185 2662 et
1201 2593 1243 2661 ad
1296 2598 1353 2655 tus
1385 2585 1507 2656 edictis
1538 2601 1573 2657 et
1600 2589 1783 2661 severitate
1805 2589 2079 2682 Imperatorum,
2115 2591 2173 2660 vix
2202 2605 2284 2662 1³1¹-

256 2691 514 2781 aguosccndam
541 2703 574 2759 et
597 2691 641 2758 ad
665 2692 885 2761 retinendam
914 2694 1108 2762 veritatem.
1167 2688 1245 2763 Au·
1297 2687 1376 2754 dem
1399 2687 1509 2757 sedati
1532 2703 1625 2761 sunt.
1684 2688 1839 2762 Maxime
1852 2702 1977 2761 'autem
2001 2688 2201 2780 Augustino
2224 2694 2285 2760 in-

258 2796 359 2864 diens
383 2792 491 2880 igitur
512 2789 742 2863 Ambrosium
767 2804 899 2863 attente
913 2817 953 2863 ac
969 2795 1050 2880 diu,
1075 2819 1155 2863 cum
1173 2817 1244 2863 una
1296 2787 1375 2856 festi
1399 2802 1501 2858 erant
1522 2790 1746 2873 Donatistae,
1780 2807 1814 2864 ei
1838 2791 1920 2886 quia
1940 2793 1985 2862 ab
2008 2792 2085 2880 ipso
2112 2794 2284 2862 acerrime

256 2908 344 2966 esset
367 2894 472 2964 etiam
499 2906 628 2973 mater,
666 2896 809 2962 tandem
835 2889 1081 2965 Manichaeam
1115 2907 1243 2964 sectam
1296 2889 1558 2976 refutabantur,
1596 2905 1630 2962 et
1658 2893 1740 2988 quia
1771 2894 1845 2963 eius
1874 2893 2053 2982 diligentia
2086 2894 2282 2982 perfectum

256 3009 376 3087 aperte
398 2995 584 3087 relinquit,
619 3007 653 3064 et
675 2996 884 3068 sententiam
906 2993 1094 3088 Evangelii
1111 2997 1244 3088 ample·
1296 3003 1388 3070 erat,
1414 3004 1453 3060 ut
1466 2989 1661 3084 lmperator
1674 2995 1856 3066 saevitiam
1870 3018 1991 3064 eorum
2007 2988 2223 3074 coherceret,
2246 3008 2282 3065 et

257 3098 374 3169 ctitur.
425 3093 562 3184 Cogitat
581 3097 684 3166 etiam
701 3098 745 3167 de
762 3097 923 3167 ducenda
938 3123 1066 3184 ttxore,
1088 3097 1244 3187 ablegata
1296 3092 1477 3161 facultates
1492 3117 1579 3186 quas
1592 3091 1771 3167 Ecclesiae
1785 3098 1944 3188 ipsorum
1957 3095 2141 3178 tenebant,
2165 3107 2282 3164 trans-

258 3195 468 3266 concubina.
520 3191 714 3286 Aliquanto
729 3212 810 3288 post
824 3198 943 3269 relicta
958 3202 1043 3270 artis
1056 3200 1246 3290 professio-
1296 3194 1471 3263 ferrentur
1493 3197 1538 3265 ad
1564 3197 1639 3286 pias
1659 3195 1851 3280 Ecclesias,
1879 3221 1925 3265 ne
1946 3195 2048 3288 impii
2063 3191 2234 3266 Doctores
2249 3210 2284 3266 et

192 3355 197 3362 .
259 3321 304 3366 ne
332 3308 446 3364 totum
470 3317 506 3362 se
530 3296 627 3366 dedit
643 3318 820 3367 sacrarum
837 3299 1019 3369 literarum
1035 3301 1180 3384 studiis,
1211 3315 1245 3368 et
1297 3317 1419 3364 eorum
1450 3299 1634 3384 satellites,
1667 3300 1729 3391 qui
1756 3298 1792 3366 in
1811 3297 1995 3388 provincia
2025 3298 2285 3385 grassabantur,

258 3398 351 3468 veris
380 3391 570 3489 lachrymis
597 3397 757 3487 deplorat
786 3407 919 3488 priores
958 3424 1038 3469 suas
1074 3401 1244 3471 tenebras.
1296 3395 1367 3463 illis
1380 3395 1592 3470 fruerentur.
1642 3396 1732 3469 Cum
1755 3412 1872 3468 autem
1895 3421 1998 3487 saepe
2015 3423 2096 3468 cum
2113 3398 2185 3467 illis
2199 3424 2285 3471 con-

257 3498 350 3569 Tam
373 3498 436 3566 diu
457 3513 568 3568 mater
591 3522 662 3566 una
686 3513 823 3579 manet,
850 3502 963 3570 donec
981 3501 1155 3591 baptismo
1174 3501 1244 3570 ini·
1296 3517 1432 3583 gressus
1446 3499 1741 3590 sit'Augustinu's,
1765 3501 1979 3589 disputando
1994 3500 2032 3567 in
2048 3500 2199 3590 publicis
2215 3499 2285 3594 Sy-

257 3600 339 3670 tiari
364 3597 477 3667 filium
503 3598 602 3671 vidit.
654 3598 778 3671 Postea
803 3596 882 3672 cum
904 3602 1019 3672 redire
1037 3604 1075 3672 in
1093 3602 1242 3694 patriam
1296 3597 1400 3666 nodis
1426 3613 1461 3670 et
1489 3627 1607 3671 coram
1632 3602 1915 3693 Magistratibus,
1949 3625 2029 3670 cum
2061 3623 2161 3689 saepe
2191 3598 2282 3669 insi·

257 3713 418 3793 cuperet,
450 3723 524 3769 non
548 3701 661 3770 voluit
687 3702 760 3793 ipse
783 3704 1035 3772 abeadivelli.
1083 3701 1244 3797 Cumque
1295 3698 1363 3767 diis
1386 3699 1455 3769 vita
1477 3705 1551 3773 eius
1573 3705 1678 3794 petita
1702 3705 1763 3788 sit,
1796 3699 1882 3772 haec
1906 3703 2047 3792 negocia
2068 3714 2100 3769 et
2124 3700 2283 3790 pericula

198 3864 201 3876 ,
256 3817 368 3873 mater
391 3801 429 3870 in
449 3801 576 3872 itinere
598 3817 737 3872 mortua
759 3818 864 3890 esset,
904 3806 1014 3875 multa
1038 3805 1136 3896 prius
1163 3830 1243 3875 cum
1295 3801 1432 3871 duriter
1455 3828 1534 3872 eum
1565 3795 1806 3876 exercuerunt.
1859 3801 1979 3891 Quare
2003 3826 2074 3871 non
2101 3800 2283 3870 existime-

256 3905 329 3975 filio
346 3906 388 3972 de
409 3903 689 3987 immorttlitate,
714 3907 758 3974 de
778 3907 938 3977 doctrina
954 3900 1175 3991 Christiana,
1199 3908 1244 3976 de
1295 3924 1375 3970 mus
1390 3903 1496 3974 fuisse
1512 3907 1670 3977 ociosum
1685 3904 1921 3998 Episcopum,
1946 3917 2006 3974 aut
2022 3915 2157 3973 tantum
2181 3923 2282 3970 cere-

255 4000 432 4075 Ecclesiae
449 4005 629 4073 aerumnis
646 4007 838 4089 collocuta,
862 4009 936 4099 ipse
956 4023 1153 4099 susceptum
1177 4011 1245 4078 iter
1295 4003 1425 4073 moniis
1446 4009 1519 4076 suis
1542 4021 1763 4100 occupatum.
1823 4008 1946 4097 Longe
1963 4004 2064 4075 aliter
2085 4004 2129 4071 de
2144 4026 2185 4071 eo
2201 4003 2283 4073 viro

256 4131 331 4177 non
344 4105 482 4188 omisit,
507 4106 717 4196 rediensque
732 4106 769 4174 in
786 4103 942 4178 Africam
957 4135 1038 4179 cnm
1053 4111 1124 4180 suis
1140 4111 1242 4179 soda-
1295 4104 1517 4178 sentiendum
1540 4124 1610 4191 est,
1644 4110 1705 4203 qui
1728 4125 1812 4180 tunc
1840 4111 1911 4179 fere
1932 4108 2028 4177 solus
2057 4106 2096 4174 in
2126 4104 2284 4174 excubiis

257 4207 370 4289 libus,
403 4206 441 4271 in
474 4206 586 4293 patria
613 4206 823 4296 aliquandiu
846 4221 1013 4299 tanquam
1043 4213 1081 4279 in
1108 4233 1244 4280 secessu
1294 4208 1362 4276 fuit
1381 4231 1446 4297 pro
1461 4208 1617 4283 Ecclesia
1633 4205 1787 4291 Christi,
1820 4212 1882 4304 qui
1899 4210 2085 4300 puritatem
2101 4205 2282 4275 doctrinae

257 4307 356 4376 vixit.
407 4301 496 4373 lude
514 4320 657 4394 propter
671 4306 852 4376 doctrinae
870 4308 1000 4376 famam
1016 4324 1178 4380 evocatus
1194 4325 1245 4381 cst
1295 4321 1418 4378 contra
1442 4323 1495 4382 tot
1519 4312 1644 4403 impias
1666 4312 1856 4397 factiones,
1882 4335 1971 4404 quae
1994 4307 2223 4380 multitudine
2248 4319 2283 4376 et

262 4409 307 4475 ab
323 4400 499 4492 Episcopo
523 4403 748 4494 Hipponensi
765 4406 906 4476 Valerio
930 4410 973 4476 ad
998 4434 1126 4480 munus
1147 4434 1245 4502 pres-
1295 4412 1451 4498 potentia
1464 4414 1654 4484 instructae
1668 4426 1786 4496 erant,
1811 4427 1940 4484 etcum
1963 4410 2031 4503 piis
2051 4410 2230 4480 assiduum
2247 4420 2283 4480 et

258 4505 403 4601 hyterii:
431 4504 469 4572 in
492 4530 559 4597 qua
576 4506 757 4575 functione
774 4532 853 4576 cum
876 4504 1016 4578 scholae
1033 4509 1244 4582 eiusEccle-
1295 4508 1499 4587 ἅσπονδιον
1518 4514 1653 4585 bellum
1677 4515 1864 4604 gerebant,
1896 4512 2075 4598 defendit,
2108 4511 2172 4604 qui
2195 4533 2282 4580 con-

257 4611 329 4678 siae
345 4621 533 4700 praeesset,
557 4608 688 4678 dicitur
700 4608 865 4679 sodalitio
880 4610 978 4680 illam
995 4612 1150 4701 regulam
1166 4639 1243 4683 mo·
1281 4611 1371 4681 'silia
1380 4611 1519 4688 Ducum
1538 4629 1572 4685 et
1581 4613 1836 4705 Imperatorum
1852 4616 1889 4683 iu
1904 4613 2025 4684 multis
2039 4614 2167 4692 rebus,
2190 4634 2285 4702 quae

258 4736 338 4781 rum
368 4725 398 4780 et
428 4709 672 4779 exercitiorum
703 4712 983 4803 praescripsisse,
1023 4737 1113 4806 quae
1140 4727 1242 4785 extat.
1294 4713 1338 4781 ad
1355 4716 1529 4804 publicam
1547 4736 1666 4806 pacem
1682 4702 1924 4809 pertinebant,
1946 4713 2164 4803 gubernavit
2205 4708 2284 4782 Ex-

257 4809 330 4883 Nec
352 4812 557 4883 aliudtunc
577 4812 645 4883 fuit
670 4812 760 4882 illud
786 4809 1005 4904 Collegium,
1038 4815 1110 4886 nisi
1124 4829 1244 4886 coetus
1293 4820 1369 4899 tant
1385 4818 1479 4886 enim
1494 4819 1625 4889 multae
1638 4820 1714 4889 eius
1730 4821 1773 4887 ad
1789 4817 1964 4910 praesides
1981 4817 2146 4906 epistolae
2162 4812 2285 4902 gravi-

257 4909 501 4995 scholasticus,
527 4939 567 4983 ex
583 4940 655 5007 quo
668 4915 821 4984 liberum
838 4915 1052 4986 eratdiscere
1067 4917 1243 5001 omnibus,
1294 4928 1348 4986 ter
1364 4919 1529 5009 scriptae:
1561 4920 1661 4991 cuius
1685 4920 1856 4990 iudicium
1878 4931 1912 4988 et
1931 4915 2070 4988 ltalicos
2083 4911 2283 5006 Episcopus

256 5014 317 5106 qui
335 5015 430 5082 aliud
448 5016 539 5085 vitae
555 5037 664 5104 genus
677 5017 899 5107 appetebant.
950 5013 1030 5087 Etsi
1044 5033 1160 5090 autem
1176 5020 1243 5089 soli
1293 5021 1462 5091 reveritos
1483 5043 1556 5090 csse
1579 5020 1751 5094 videmus.
1809 5018 1860 5091 Ut
1878 5019 1987 5108 igitur
2002 5018 2180 5089 Homerus
2194 5014 2284 5087 boui

254 5111 425 5204 Episcopi
443 5117 745 5190 concionabantur
760 5119 1016 5204 comederant,
1040 5132 1159 5191 tamen
1169 5118 1241 5191 Va·
1292 5116 1468 5211 Principis
1480 5123 1593 5193 officia
1611 5122 1812 5214 complexus
1827 5134 1880 5192 est
1895 5115 1962 5190 hoc
1978 5119 2169 5190 versiculo:

254 5215 364 5286 lerius
388 5214 489 5285 iussit
508 5210 767 5305 Augustinum,
801 5243 841 5290 se
869 5233 1068 5310 praesente,
1093 5222 1243 5314 *concio-
1334 5214 1524 5305 Ᾱμφότερον
1534 5213 2073 5302 destitisti&redistuavtuisvt
2088 5211 2253 5298 alucitae,

254 5319 350 5388 nari:
386 5317 482 5409 qnod
507 5341 708 5410 quanquam
724 5322 894 5410 gravatim
908 5321 1057 5392 faciebat
1071 5317 1242 5414 Augusti·
1291 5323 1341 5394 sic
1356 5327 1509 5398 debono
1525 5323 1702 5420 Episcopo
1717 5325 1789 5395 dici
1811 5337 1943 5418 potest:

253 5443 339 5508 nus,
363 5442 410 5492 oe
422 5414 592 5513 Episcopi
605 5419 1100 5511 existimationemminueret,
1123 5437 1242 5497 tamen
1333 5434 1528 5527 Αμφότερον
1543 5436 1670 5514 συνετὸς
1680 5433 1848 5521 nouissima
1861 5432 1912 5520 ἧδ’
1926 5429 2093 5520 ἀγορητὴς.
