<?xml version="1.0" encoding="UTF-8"?>
<!DOCTYPE html PUBLIC "-//W3C//DTD XHTML 1.0 Transitional//EN"
    "http://www.w3.org/TR/xhtml1/DTD/xhtml1-transitional.dtd">
<html xmlns="http://www.w3.org/1999/xhtml" xml:lang="en" lang="en">
 <head>
  <title>
</title>
<meta http-equiv="Content-Type" content="text/html;charset=utf-8" />
  <meta name='ocr-system' content='tesseract 3.04.00' />
  <meta name='ocr-capabilities' content='ocr_page ocr_carea ocr_par ocr_line ocrx_word'/>
</head>
<body>
  <div class='ocr_page' id='page_1' title='image "./philippimelanth21melagoog/philippimelanth21melagoog_0382.png"; bbox 0 0 4732 6030; ppageno 0'>
   <div class='ocr_carea' id='block_1_1' title="bbox 161 352 2194 450">
    <p class='ocr_par' dir='ltr' id='par_1_1' title="bbox 161 352 2194 450">
     <span class='ocr_line' id='line_1_1' title="bbox 161 352 2194 450; baseline -0 -15"><span class='ocrx_word' id='word_1_1' title='bbox 161 362 238 439; x_wconf 76' lang='lat' dir='ltr'>tat</span> <span class='ocrx_word' id='word_1_2' title='bbox 294 440 297 447; x_wconf 60' lang='grc'>,</span> <span class='ocrx_word' id='word_1_3' title='bbox 613 397 617 403; x_wconf 86' lang='grc'><em>·</em></span> <span class='ocrx_word' id='word_1_4' title='bbox 758 352 922 433; x_wconf 80' lang='lat' dir='ltr'>DECL.</span> <span class='ocrx_word' id='word_1_5' title='bbox 955 352 1032 429; x_wconf 83' lang='lat' dir='ltr'>DE</span> <span class='ocrx_word' id='word_1_6' title='bbox 1064 354 1207 430; x_wconf 70' lang='lat' dir='ltr'>vt&#39;rn</span> <span class='ocrx_word' id='word_1_7' title='bbox 1236 352 1596 433; x_wconf 78' lang='lat' dir='ltr'>trtunorttntt</span> <span class='ocrx_word' id='word_1_8' title='bbox 1702 445 1705 450; x_wconf 22' lang='lat'>¹</span> <span class='ocrx_word' id='word_1_9' title='bbox 2119 361 2194 438; x_wconf 76' lang='grc'>788</span> 
     </span>
    </p>
   </div>
   <div class='ocr_carea' id='block_1_2' title="bbox 129 523 2194 2643">
    <p class='ocr_par' dir='ltr' id='par_1_2' title="bbox 129 523 2194 2643">
     <span class='ocr_line' id='line_1_2' title="bbox 162 523 2191 627; baseline 0 -22"><span class='ocrx_word' id='word_1_10' title='bbox 162 547 196 605; x_wconf 88' lang='grc' dir='ltr'>ιι</span> <span class='ocrx_word' id='word_1_11' title='bbox 212 530 376 604; x_wconf 78' lang='lat' dir='ltr'><strong>Latinam</strong></span> <span class='ocrx_word' id='word_1_12' title='bbox 398 530 547 600; x_wconf 80' lang='lat' dir='ltr'>discere:</span> <span class='ocrx_word' id='word_1_13' title='bbox 575 541 616 599; x_wconf 92' lang='lat' dir='ltr'>et·</span> <span class='ocrx_word' id='word_1_14' title='bbox 632 527 808 621; x_wconf 88' lang='lat' dir='ltr'>ingeniosi</span> <span class='ocrx_word' id='word_1_15' title='bbox 823 540 859 599; x_wconf 92' lang='lat' dir='ltr'>et</span> <span class='ocrx_word' id='word_1_16' title='bbox 879 527 1024 598; x_wconf 85' lang='lat' dir='ltr'><strong>facundi</strong></span> <span class='ocrx_word' id='word_1_17' title='bbox 1040 527 1153 597; x_wconf 88' lang='lat' dir='ltr'>disce-</span> <span class='ocrx_word' id='word_1_18' title='bbox 1203 523 1255 596; x_wconf 90' lang='lat' dir='ltr'>ria</span> <span class='ocrx_word' id='word_1_19' title='bbox 1275 526 1418 598; x_wconf 87' lang='lat' dir='ltr'>affectus</span> <span class='ocrx_word' id='word_1_20' title='bbox 1434 540 1539 610; x_wconf 90' lang='lat' dir='ltr'>esset,</span> <span class='ocrx_word' id='word_1_21' title='bbox 1570 547 1644 595; x_wconf 92' lang='lat' dir='ltr'>non</span> <span class='ocrx_word' id='word_1_22' title='bbox 1660 527 1959 627; x_wconf 84' lang='lat' dir='ltr'>expostulabimus</span> <span class='ocrx_word' id='word_1_23' title='bbox 1972 555 2052 602; x_wconf 90' lang='lat' dir='ltr'>cum</span> <span class='ocrx_word' id='word_1_24' title='bbox 2069 527 2191 614; x_wconf 80' lang='lat' dir='ltr'>Theo-</span> 
     </span>
     <span class='ocr_line' id='line_1_3' title="bbox 161 627 2191 725; baseline 0 -20"><span class='ocrx_word' id='word_1_25' title='bbox 161 637 249 705; x_wconf 89' lang='lat' dir='ltr'>bant</span> <span class='ocrx_word' id='word_1_26' title='bbox 270 627 508 716; x_wconf 84' lang='lat' dir='ltr'>Rhetoricen,</span> <span class='ocrx_word' id='word_1_27' title='bbox 544 642 586 701; x_wconf 49' lang='lat' dir='ltr'>et*</span> <span class='ocrx_word' id='word_1_28' title='bbox 601 630 918 703; x_wconf 75' lang='lat' dir='ltr'><strong>declamationibus</strong></span> <span class='ocrx_word' id='word_1_29' title='bbox 942 631 1153 699; x_wconf 86' lang='lat' dir='ltr'>exerceban-</span> <span class='ocrx_word' id='word_1_30' title='bbox 1192 629 1309 698; x_wconf 85' lang='lat' dir='ltr'>doro:</span> <span class='ocrx_word' id='word_1_31' title='bbox 1341 632 1450 699; x_wconf 91' lang='lat' dir='ltr'>credo</span> <span class='ocrx_word' id='word_1_32' title='bbox 1474 629 1570 696; x_wconf 93' lang='lat' dir='ltr'>enim</span> <span class='ocrx_word' id='word_1_33' title='bbox 1592 628 1708 698; x_wconf 91' lang='lat' dir='ltr'>virum</span> <span class='ocrx_word' id='word_1_34' title='bbox 1740 652 1813 697; x_wconf 91' lang='lat' dir='ltr'>non</span> <span class='ocrx_word' id='word_1_35' title='bbox 1837 632 1954 701; x_wconf 91' lang='lat' dir='ltr'>solum</span> <span class='ocrx_word' id='word_1_36' title='bbox 1979 635 2191 725; x_wconf 78' lang='lat' dir='ltr'>eruditione,</span> 
     </span>
     <span class='ocr_line' id='line_1_4' title="bbox 162 728 2190 825; baseline -0 -18"><span class='ocrx_word' id='word_1_37' title='bbox 162 750 237 820; x_wconf 92' lang='lat' dir='ltr'>tur,</span> <span class='ocrx_word' id='word_1_38' title='bbox 269 735 410 825; x_wconf 90' lang='lat' dir='ltr'>quoin</span> <span class='ocrx_word' id='word_1_39' title='bbox 436 755 564 823; x_wconf 87' lang='lat' dir='ltr'>genere</span> <span class='ocrx_word' id='word_1_40' title='bbox 583 756 656 802; x_wconf 91' lang='lat' dir='ltr'>una</span> <span class='ocrx_word' id='word_1_41' title='bbox 677 755 758 802; x_wconf 90' lang='lat' dir='ltr'>cum</span> <span class='ocrx_word' id='word_1_42' title='bbox 783 732 944 803; x_wconf 82' lang='lat' dir='ltr'>nobiliss.</span> <span class='ocrx_word' id='word_1_43' title='bbox 967 728 1153 802; x_wconf 84' lang='lat' dir='ltr'>Romano-</span> <span class='ocrx_word' id='word_1_44' title='bbox 1201 732 1263 799; x_wconf 89' lang='lat' dir='ltr'>sed</span> <span class='ocrx_word' id='word_1_45' title='bbox 1293 730 1399 801; x_wconf 90' lang='lat' dir='ltr'>etiam</span> <span class='ocrx_word' id='word_1_46' title='bbox 1427 730 1601 820; x_wconf 74' lang='lat' dir='ltr'>sapientia</span> <span class='ocrx_word' id='word_1_47' title='bbox 1630 745 1883 821; x_wconf 83' lang='lat' dir='ltr'>praestantem,</span> <span class='ocrx_word' id='word_1_48' title='bbox 1911 746 1952 804; x_wconf 94' lang='grc' dir='ltr'>ιιι</span> <span class='ocrx_word' id='word_1_49' title='bbox 1976 736 2190 822; x_wconf 88' lang='lat' dir='ltr'>audivimus,</span> 
     </span>
     <span class='ocr_line' id='line_1_5' title="bbox 161 829 2194 932; baseline -0 -26"><span class='ocrx_word' id='word_1_50' title='bbox 161 835 388 907; x_wconf 86' lang='lat' dir='ltr'>rumliheris</span> <span class='ocrx_word' id='word_1_51' title='bbox 411 848 556 926; x_wconf 90' lang='lat' dir='ltr'>apparet</span> <span class='ocrx_word' id='word_1_52' title='bbox 572 831 831 928; x_wconf 85' lang='lat' dir='ltr'>Hieronymum</span> <span class='ocrx_word' id='word_1_53' title='bbox 849 834 912 903; x_wconf 93' lang='lat' dir='ltr'>diu</span> <span class='ocrx_word' id='word_1_54' title='bbox 928 832 1152 925; x_wconf 85' lang='lat' dir='ltr'>multumque</span> <span class='ocrx_word' id='word_1_55' title='bbox 1200 854 1280 901; x_wconf 91' lang='lat' dir='ltr'>cum</span> <span class='ocrx_word' id='word_1_56' title='bbox 1304 831 1445 901; x_wconf 90' lang='lat' dir='ltr'>dicendi</span> <span class='ocrx_word' id='word_1_57' title='bbox 1475 854 1602 923; x_wconf 89' lang='lat' dir='ltr'>genera</span> <span class='ocrx_word' id='word_1_58' title='bbox 1632 832 1880 903; x_wconf 82' lang='lat' dir='ltr'>conferrentur</span> <span class='ocrx_word' id='word_1_59' title='bbox 1902 829 1969 905; x_wconf 91' lang='lat' dir='ltr'>hoc</span> <span class='ocrx_word' id='word_1_60' title='bbox 1995 835 2091 920; x_wconf 90' lang='lat' dir='ltr'>loco,</span> <span class='ocrx_word' id='word_1_61' title='bbox 2126 839 2194 932; x_wconf 92' lang='lat' dir='ltr'>qui.</span> 
     </span>
     <span class='ocr_line' id='line_1_6' title="bbox 160 928 2188 1032; baseline 0.001 -26"><span class='ocrx_word' id='word_1_62' title='bbox 160 937 386 1008; x_wconf 80' lang='lat' dir='ltr'>exercitatum</span> <span class='ocrx_word' id='word_1_63' title='bbox 408 958 498 1005; x_wconf 89' lang='lat' dir='ltr'>esse:</span> <span class='ocrx_word' id='word_1_64' title='bbox 522 958 674 1027; x_wconf 88' lang='lat' dir='ltr'>cumque</span> <span class='ocrx_word' id='word_1_65' title='bbox 695 948 822 1006; x_wconf 88' lang='lat' dir='ltr'>natura</span> <span class='ocrx_word' id='word_1_66' title='bbox 845 935 890 1005; x_wconf 84' lang='lat' dir='ltr'>ad</span> <span class='ocrx_word' id='word_1_67' title='bbox 912 933 1094 1025; x_wconf 90' lang='lat' dir='ltr'>copiosum</span> <span class='ocrx_word' id='word_1_68' title='bbox 1118 945 1152 1003; x_wconf 91' lang='lat' dir='ltr'>et</span> <span class='ocrx_word' id='word_1_69' title='bbox 1200 928 1293 1002; x_wconf 91' lang='lat' dir='ltr'>nihil</span> <span class='ocrx_word' id='word_1_70' title='bbox 1315 928 1422 1005; x_wconf 88' lang='lat' dir='ltr'>habet</span> <span class='ocrx_word' id='word_1_71' title='bbox 1442 933 1589 1018; x_wconf 85' lang='lat' dir='ltr'>veneni,</span> <span class='ocrx_word' id='word_1_72' title='bbox 1614 956 1688 1002; x_wconf 93' lang='lat' dir='ltr'>non</span> <span class='ocrx_word' id='word_1_73' title='bbox 1711 933 1948 1027; x_wconf 86' lang='lat' dir='ltr'>eloquentiam</span> <span class='ocrx_word' id='word_1_74' title='bbox 1967 932 2188 1032; x_wconf 84' lang='lat' dir='ltr'>Hieronymo</span> 
     </span>
     <span class='ocr_line' id='line_1_7' title="bbox 160 1033 2188 1127; baseline 0.001 -21"><span class='ocrx_word' id='word_1_75' title='bbox 160 1040 294 1127; x_wconf 85' lang='lat' dir='ltr'>grande</span> <span class='ocrx_word' id='word_1_76' title='bbox 325 1060 434 1125; x_wconf 86' lang='lat' dir='ltr'>genus</span> <span class='ocrx_word' id='word_1_77' title='bbox 463 1037 636 1113; x_wconf 87' lang='lat' dir='ltr'>orationis</span> <span class='ocrx_word' id='word_1_78' title='bbox 668 1036 873 1118; x_wconf 89' lang='lat' dir='ltr'>duceretur,</span> <span class='ocrx_word' id='word_1_79' title='bbox 917 1035 994 1105; x_wconf 93' lang='lat' dir='ltr'>eius</span> <span class='ocrx_word' id='word_1_80' title='bbox 1029 1033 1151 1105; x_wconf 88' lang='lat' dir='ltr'>aetatis</span> <span class='ocrx_word' id='word_1_81' title='bbox 1200 1034 1401 1118; x_wconf 74' lang='lat' dir='ltr'>detraxisse,</span> <span class='ocrx_word' id='word_1_82' title='bbox 1424 1037 1484 1104; x_wconf 92' lang='lat' dir='ltr'>sed</span> <span class='ocrx_word' id='word_1_83' title='bbox 1500 1033 1711 1124; x_wconf 77' lang='lat' dir='ltr'>significasse</span> <span class='ocrx_word' id='word_1_84' title='bbox 1725 1035 1932 1111; x_wconf 85' lang='lat' dir='ltr'>dissimilem</span> <span class='ocrx_word' id='word_1_85' title='bbox 1947 1037 2098 1107; x_wconf 90' lang='lat' dir='ltr'>formam</span> <span class='ocrx_word' id='word_1_86' title='bbox 2115 1063 2188 1110; x_wconf 88' lang='lat' dir='ltr'>esse</span> 
     </span>
     <span class='ocr_line' id='line_1_8' title="bbox 147 1131 2190 1228; baseline 0.002 -22"><span class='ocrx_word' id='word_1_87' title='bbox 147 1135 302 1207; x_wconf 76' lang='lat' dir='ltr'>&#39;licentia</span> <span class='ocrx_word' id='word_1_88' title='bbox 320 1138 358 1206; x_wconf 95' lang='lat' dir='ltr'>in</span> <span class='ocrx_word' id='word_1_89' title='bbox 372 1138 601 1207; x_wconf 90' lang='lat' dir='ltr'>declamando</span> <span class='ocrx_word' id='word_1_90' title='bbox 615 1137 844 1209; x_wconf 88' lang='lat' dir='ltr'>tumidiorem</span> <span class='ocrx_word' id='word_1_91' title='bbox 860 1136 1027 1206; x_wconf 85' lang='lat' dir='ltr'>reddidit.</span> <span class='ocrx_word' id='word_1_92' title='bbox 1079 1131 1151 1204; x_wconf 89' lang='lat' dir='ltr'>Ar·</span> <span class='ocrx_word' id='word_1_93' title='bbox 1200 1135 1372 1206; x_wconf 88' lang='lat' dir='ltr'>orationis</span> <span class='ocrx_word' id='word_1_94' title='bbox 1393 1136 1432 1203; x_wconf 92' lang='lat' dir='ltr'>in</span> <span class='ocrx_word' id='word_1_95' title='bbox 1452 1149 1622 1228; x_wconf 91' lang='lat' dir='ltr'>utroque,</span> <span class='ocrx_word' id='word_1_96' title='bbox 1653 1138 1748 1227; x_wconf 93' lang='lat' dir='ltr'>quod</span> <span class='ocrx_word' id='word_1_97' title='bbox 1770 1137 1955 1209; x_wconf 90' lang='lat' dir='ltr'>fatendum</span> <span class='ocrx_word' id='word_1_98' title='bbox 1976 1150 2039 1207; x_wconf 91' lang='lat' dir='ltr'>est.</span> <span class='ocrx_word' id='word_1_99' title='bbox 2090 1137 2190 1210; x_wconf 81' lang='lat' dir='ltr'>Etsi</span> 
     </span>
     <span class='ocr_line' id='line_1_9' title="bbox 160 1228 2189 1331; baseline 0.001 -24"><span class='ocrx_word' id='word_1_100' title='bbox 160 1239 276 1309; x_wconf 88' lang='lat' dir='ltr'>bitror</span> <span class='ocrx_word' id='word_1_101' title='bbox 291 1253 406 1309; x_wconf 89' lang='lat' dir='ltr'>autem</span> <span class='ocrx_word' id='word_1_102' title='bbox 426 1262 499 1327; x_wconf 84' lang='lat' dir='ltr'>noq</span> <span class='ocrx_word' id='word_1_103' title='bbox 520 1240 636 1307; x_wconf 89' lang='lat' dir='ltr'>solum</span> <span class='ocrx_word' id='word_1_104' title='bbox 655 1239 851 1308; x_wconf 89' lang='lat' dir='ltr'>orationem</span> <span class='ocrx_word' id='word_1_105' title='bbox 870 1239 946 1306; x_wconf 87' lang='lat' dir='ltr'>eius</span> <span class='ocrx_word' id='word_1_106' title='bbox 964 1236 1150 1307; x_wconf 90' lang='lat' dir='ltr'>rectiorem</span> <span class='ocrx_word' id='word_1_107' title='bbox 1200 1228 1455 1331; x_wconf 79' lang='lat' dir='ltr'>ineloquentia</span> <span class='ocrx_word' id='word_1_108' title='bbox 1472 1249 1554 1307; x_wconf 90' lang='lat' dir='ltr'>sunt</span> <span class='ocrx_word' id='word_1_109' title='bbox 1570 1236 1709 1328; x_wconf 88' lang='lat' dir='ltr'>aliquae</span> <span class='ocrx_word' id='word_1_110' title='bbox 1722 1261 1852 1327; x_wconf 91' lang='lat' dir='ltr'>paucae</span> <span class='ocrx_word' id='word_1_111' title='bbox 1867 1240 1999 1308; x_wconf 91' lang='lat' dir='ltr'>formae</span> <span class='ocrx_word' id='word_1_112' title='bbox 2015 1242 2189 1311; x_wconf 69' lang='lat' dir='ltr'>erectim-</span> 
     </span>
     <span class='ocr_line' id='line_1_10' title="bbox 129 1330 2189 1431; baseline 0.002 -23"><span class='ocrx_word' id='word_1_113' title='bbox 129 1384 139 1397; x_wconf 89' lang='lat'><em>-</em></span> <span class='ocrx_word' id='word_1_114' title='bbox 161 1353 195 1409; x_wconf 90' lang='grc' dir='ltr'>ιι</span> <span class='ocrx_word' id='word_1_115' title='bbox 211 1340 417 1431; x_wconf 88' lang='lat' dir='ltr'>pressiorem</span> <span class='ocrx_word' id='word_1_116' title='bbox 434 1340 590 1409; x_wconf 87' lang='lat' dir='ltr'>futuram</span> <span class='ocrx_word' id='word_1_117' title='bbox 605 1339 724 1425; x_wconf 87' lang='lat' dir='ltr'>fuisse,</span> <span class='ocrx_word' id='word_1_118' title='bbox 748 1339 928 1409; x_wconf 88' lang='lat' dir='ltr'>sedetiam</span> <span class='ocrx_word' id='word_1_119' title='bbox 945 1338 1150 1427; x_wconf 90' lang='lat' dir='ltr'>diligentio-</span> <span class='ocrx_word' id='word_1_120' title='bbox 1200 1352 1268 1421; x_wconf 89' lang='lat' dir='ltr'>tes,</span> <span class='ocrx_word' id='word_1_121' title='bbox 1291 1352 1332 1409; x_wconf 89' lang='lat' dir='ltr'>ut</span> <span class='ocrx_word' id='word_1_122' title='bbox 1350 1338 1388 1406; x_wconf 93' lang='lat' dir='ltr'>in</span> <span class='ocrx_word' id='word_1_123' title='bbox 1403 1338 1561 1429; x_wconf 86' lang='lat' dir='ltr'>pictura,</span> <span class='ocrx_word' id='word_1_124' title='bbox 1587 1330 1631 1406; x_wconf 93' lang='lat' dir='ltr'>ad</span> <span class='ocrx_word' id='word_1_125' title='bbox 1650 1361 1736 1428; x_wconf 89' lang='lat' dir='ltr'>quas</span> <span class='ocrx_word' id='word_1_126' title='bbox 1752 1337 1813 1430; x_wconf 92' lang='lat' dir='ltr'>qui</span> <span class='ocrx_word' id='word_1_127' title='bbox 1832 1341 1990 1429; x_wconf 78' lang='lat' dir='ltr'>proxime</span> <span class='ocrx_word' id='word_1_128' title='bbox 2006 1345 2189 1427; x_wconf 87' lang='lat' dir='ltr'>accedunt,</span> 
     </span>
     <span class='ocr_line' id='line_1_11' title="bbox 160 1438 2187 1538; baseline 0.002 -28"><span class='ocrx_word' id='word_1_129' title='bbox 160 1463 235 1510; x_wconf 89' lang='lat' dir='ltr'>rem</span> <span class='ocrx_word' id='word_1_130' title='bbox 259 1464 338 1508; x_wconf 90' lang='lat' dir='ltr'>eum</span> <span class='ocrx_word' id='word_1_131' title='bbox 359 1442 519 1510; x_wconf 88' lang='lat' dir='ltr'>futurum</span> <span class='ocrx_word' id='word_1_132' title='bbox 543 1440 651 1511; x_wconf 87' lang='lat' dir='ltr'>fuisse</span> <span class='ocrx_word' id='word_1_133' title='bbox 673 1440 712 1508; x_wconf 91' lang='lat' dir='ltr'>in</span> <span class='ocrx_word' id='word_1_134' title='bbox 729 1440 866 1509; x_wconf 88' lang='lat' dir='ltr'>delectu</span> <span class='ocrx_word' id='word_1_135' title='bbox 888 1462 1027 1524; x_wconf 92' lang='lat' dir='ltr'>rerum,</span> <span class='ocrx_word' id='word_1_136' title='bbox 1053 1451 1088 1509; x_wconf 94' lang='lat' dir='ltr'>et</span> <span class='ocrx_word' id='word_1_137' title='bbox 1112 1438 1150 1507; x_wconf 90' lang='lat' dir='ltr'>in</span> <span class='ocrx_word' id='word_1_138' title='bbox 1200 1451 1416 1528; x_wconf 88' lang='lat' dir='ltr'>praestantes</span> <span class='ocrx_word' id='word_1_139' title='bbox 1433 1452 1517 1508; x_wconf 89' lang='lat' dir='ltr'>sunt</span> <span class='ocrx_word' id='word_1_140' title='bbox 1531 1438 1696 1508; x_wconf 78' lang='lat' dir='ltr'>artifices:</span> <span class='ocrx_word' id='word_1_141' title='bbox 1723 1439 1893 1508; x_wconf 88' lang='lat' dir='ltr'>tamenin</span> <span class='ocrx_word' id='word_1_142' title='bbox 1915 1453 2010 1510; x_wconf 89' lang='lat' dir='ltr'>tanta</span> <span class='ocrx_word' id='word_1_143' title='bbox 2026 1443 2187 1538; x_wconf 74' lang='lat' dir='ltr'>imchil-</span> 
     </span>
     <span class='ocr_line' id='line_1_12' title="bbox 160 1533 2188 1634; baseline 0.002 -23"><span class='ocrx_word' id='word_1_144' title='bbox 160 1556 233 1612; x_wconf 91' lang='lat' dir='ltr'>tota</span> <span class='ocrx_word' id='word_1_145' title='bbox 256 1542 368 1610; x_wconf 90' lang='lat' dir='ltr'>forma</span> <span class='ocrx_word' id='word_1_146' title='bbox 387 1541 571 1611; x_wconf 90' lang='lat' dir='ltr'>doctrinae</span> <span class='ocrx_word' id='word_1_147' title='bbox 586 1541 687 1634; x_wconf 80' lang='lat' dir='ltr'>quasi</span> <span class='ocrx_word' id='word_1_148' title='bbox 710 1541 861 1611; x_wconf 88' lang='lat' dir='ltr'>aedilicii</span> <span class='ocrx_word' id='word_1_149' title='bbox 884 1541 1092 1610; x_wconf 84' lang='lat' dir='ltr'>extruenda:</span> <span class='ocrx_word' id='word_1_150' title='bbox 1119 1539 1150 1609; x_wconf 93' lang='lat' dir='ltr'>si</span> <span class='ocrx_word' id='word_1_151' title='bbox 1199 1540 1298 1611; x_wconf 88' lang='lat' dir='ltr'>litate</span> <span class='ocrx_word' id='word_1_152' title='bbox 1313 1540 1449 1628; x_wconf 90' lang='lat' dir='ltr'>generis</span> <span class='ocrx_word' id='word_1_153' title='bbox 1463 1533 1624 1622; x_wconf 91' lang='lat' dir='ltr'>humani,</span> <span class='ocrx_word' id='word_1_154' title='bbox 1648 1561 1798 1628; x_wconf 90' lang='lat' dir='ltr'>magnus</span> <span class='ocrx_word' id='word_1_155' title='bbox 1814 1563 1898 1610; x_wconf 89' lang='lat' dir='ltr'>usus</span> <span class='ocrx_word' id='word_1_156' title='bbox 1910 1555 1962 1611; x_wconf 90' lang='lat' dir='ltr'>est</span> <span class='ocrx_word' id='word_1_157' title='bbox 1975 1543 2188 1616; x_wconf 76' lang='lat' dir='ltr'>etiamalio-</span> 
     </span>
     <span class='ocr_line' id='line_1_13' title="bbox 160 1634 2190 1737; baseline 0.001 -24"><span class='ocrx_word' id='word_1_158' title='bbox 160 1644 205 1713; x_wconf 92' lang='lat' dir='ltr'>ad</span> <span class='ocrx_word' id='word_1_159' title='bbox 221 1642 311 1712; x_wconf 92' lang='lat' dir='ltr'>illud</span> <span class='ocrx_word' id='word_1_160' title='bbox 327 1637 542 1712; x_wconf 89' lang='lat' dir='ltr'>rhetoricum</span> <span class='ocrx_word' id='word_1_161' title='bbox 560 1640 774 1737; x_wconf 87' lang='lat' dir='ltr'>tyrocinium</span> <span class='ocrx_word' id='word_1_162' title='bbox 790 1641 1008 1712; x_wconf 83' lang='lat' dir='ltr'>adiunxisset</span> <span class='ocrx_word' id='word_1_163' title='bbox 1024 1634 1150 1725; x_wconf 80' lang='lat' dir='ltr'>Philo·¹</span> <span class='ocrx_word' id='word_1_164' title='bbox 1199 1664 1298 1726; x_wconf 91' lang='lat' dir='ltr'>rum,</span> <span class='ocrx_word' id='word_1_165' title='bbox 1311 1710 1315 1719; x_wconf 84' lang='grc'><strong>,</strong></span> <span class='ocrx_word' id='word_1_166' title='bbox 1330 1641 1392 1734; x_wconf 90' lang='lat' dir='ltr'>qui</span> <span class='ocrx_word' id='word_1_167' title='bbox 1417 1641 1554 1711; x_wconf 85' lang='lat' dir='ltr'>etiamsi</span> <span class='ocrx_word' id='word_1_168' title='bbox 1585 1640 1708 1731; x_wconf 91' lang='lat' dir='ltr'>procul</span> <span class='ocrx_word' id='word_1_169' title='bbox 1732 1641 1779 1710; x_wconf 89' lang='lat' dir='ltr'>ab</span> <span class='ocrx_word' id='word_1_170' title='bbox 1799 1639 1861 1710; x_wconf 89' lang='lat' dir='ltr'>illa</span> <span class='ocrx_word' id='word_1_171' title='bbox 1886 1643 2099 1733; x_wconf 84' lang='lat' dir='ltr'>perfectione</span> <span class='ocrx_word' id='word_1_172' title='bbox 2123 1648 2190 1718; x_wconf 91' lang='lat' dir='ltr'>ab-</span> 
     </span>
     <span class='ocr_line' id='line_1_14' title="bbox 160 1738 2189 1839; baseline 0.001 -25"><span class='ocrx_word' id='word_1_173' title='bbox 160 1738 342 1835; x_wconf 81' lang='lat' dir='ltr'>sophiam,</span> <span class='ocrx_word' id='word_1_174' title='bbox 373 1766 464 1836; x_wconf 87' lang='lat' dir='ltr'>quae</span> <span class='ocrx_word' id='word_1_175' title='bbox 487 1755 524 1812; x_wconf 89' lang='lat' dir='ltr'>et</span> <span class='ocrx_word' id='word_1_176' title='bbox 543 1742 727 1834; x_wconf 87' lang='lat' dir='ltr'>proprium</span> <span class='ocrx_word' id='word_1_177' title='bbox 748 1765 947 1814; x_wconf 88' lang='lat' dir='ltr'>sermonem</span> <span class='ocrx_word' id='word_1_178' title='bbox 970 1753 1081 1821; x_wconf 89' lang='lat' dir='ltr'>amat,</span> <span class='ocrx_word' id='word_1_179' title='bbox 1115 1753 1150 1810; x_wconf 90' lang='lat' dir='ltr'>et</span> <span class='ocrx_word' id='word_1_180' title='bbox 1200 1752 1303 1825; x_wconf 90' lang='lat' dir='ltr'>sunt,</span> <span class='ocrx_word' id='word_1_181' title='bbox 1333 1755 1451 1810; x_wconf 91' lang='lat' dir='ltr'>tamen</span> <span class='ocrx_word' id='word_1_182' title='bbox 1473 1741 1586 1810; x_wconf 89' lang='lat' dir='ltr'>lineas</span> <span class='ocrx_word' id='word_1_183' title='bbox 1615 1740 1803 1810; x_wconf 91' lang='lat' dir='ltr'>meliorum</span> <span class='ocrx_word' id='word_1_184' title='bbox 1830 1765 1978 1834; x_wconf 91' lang='lat' dir='ltr'>operum</span> <span class='ocrx_word' id='word_1_185' title='bbox 2006 1757 2189 1839; x_wconf 84' lang='lat' dir='ltr'>utcunque</span> 
     </span>
     <span class='ocr_line' id='line_1_15' title="bbox 160 1841 2189 1941; baseline 0.003 -28"><span class='ocrx_word' id='word_1_186' title='bbox 160 1842 313 1935; x_wconf 89' lang='lat' dir='ltr'>negotiis</span> <span class='ocrx_word' id='word_1_187' title='bbox 336 1846 380 1913; x_wconf 91' lang='lat' dir='ltr'>de</span> <span class='ocrx_word' id='word_1_188' title='bbox 401 1843 540 1937; x_wconf 84' lang='lat' dir='ltr'>quibus.</span> <span class='ocrx_word' id='word_1_189' title='bbox 555 1843 747 1915; x_wconf 89' lang='lat' dir='ltr'>dicendum</span> <span class='ocrx_word' id='word_1_190' title='bbox 778 1856 848 1927; x_wconf 88' lang='lat' dir='ltr'>est,</span> <span class='ocrx_word' id='word_1_191' title='bbox 881 1848 1092 1932; x_wconf 70' lang='lat' dir='ltr'>certa&#39;septa</span> <span class='ocrx_word' id='word_1_192' title='bbox 1115 1853 1150 1910; x_wconf 90' lang='lat' dir='ltr'>et</span> <span class='ocrx_word' id='word_1_193' title='bbox 1200 1841 1404 1923; x_wconf 86' lang='lat' dir='ltr'>imitantur,</span> <span class='ocrx_word' id='word_1_194' title='bbox 1437 1853 1471 1910; x_wconf 89' lang='lat' dir='ltr'>et</span> <span class='ocrx_word' id='word_1_195' title='bbox 1493 1841 1616 1941; x_wconf 71' lang='lat' dir='ltr'>dicunt</span> <span class='ocrx_word' id='word_1_196' title='bbox 1636 1863 1693 1910; x_wconf 90' lang='lat' dir='ltr'>res</span> <span class='ocrx_word' id='word_1_197' title='bbox 1706 1842 1836 1911; x_wconf 90' lang='lat' dir='ltr'>bonas:</span> <span class='ocrx_word' id='word_1_198' title='bbox 1862 1855 1898 1913; x_wconf 88' lang='lat' dir='ltr'>et</span> <span class='ocrx_word' id='word_1_199' title='bbox 1913 1844 1962 1914; x_wconf 91' lang='lat' dir='ltr'>ita</span> <span class='ocrx_word' id='word_1_200' title='bbox 1977 1845 2122 1928; x_wconf 84' lang='lat' dir='ltr'>dicunt,</span> <span class='ocrx_word' id='word_1_201' title='bbox 2146 1860 2189 1919; x_wconf 89' lang='grc' dir='ltr'>ιιι</span> 
     </span>
     <span class='ocr_line' id='line_1_16' title="bbox 158 1937 2188 2035; baseline 0.002 -20"><span class='ocrx_word' id='word_1_202' title='bbox 158 1958 270 2015; x_wconf 90' lang='lat' dir='ltr'>metas</span> <span class='ocrx_word' id='word_1_203' title='bbox 282 1944 478 2017; x_wconf 90' lang='lat' dir='ltr'>circundat.</span> <span class='ocrx_word' id='word_1_204' title='bbox 523 1941 607 2033; x_wconf 84' lang='lat' dir='ltr'>Quo</span> <span class='ocrx_word' id='word_1_205' title='bbox 624 1946 663 2014; x_wconf 90' lang='lat' dir='ltr'>in</span> <span class='ocrx_word' id='word_1_206' title='bbox 676 1945 756 2014; x_wconf 91' lang='lat' dir='ltr'>loco</span> <span class='ocrx_word' id='word_1_207' title='bbox 773 1937 975 2013; x_wconf 86' lang='lat' dir='ltr'>venitmihi</span> <span class='ocrx_word' id='word_1_208' title='bbox 991 1941 1032 2012; x_wconf 90' lang='lat' dir='ltr'>in</span> <span class='ocrx_word' id='word_1_209' title='bbox 1046 1964 1150 2010; x_wconf 87' lang='lat' dir='ltr'>men·</span> <span class='ocrx_word' id='word_1_210' title='bbox 1201 1940 1353 2030; x_wconf 89' lang='lat' dir='ltr'>intelligi</span> <span class='ocrx_word' id='word_1_211' title='bbox 1368 1941 1515 2033; x_wconf 83' lang='lat' dir='ltr'>possint,</span> <span class='ocrx_word' id='word_1_212' title='bbox 1534 1941 1630 2034; x_wconf 92' lang='lat' dir='ltr'>quod</span> <span class='ocrx_word' id='word_1_213' title='bbox 1646 1941 1761 2034; x_wconf 86' lang='lat' dir='ltr'>ipsum</span> <span class='ocrx_word' id='word_1_214' title='bbox 1777 1955 1894 2035; x_wconf 86' lang='lat' dir='ltr'>tamen</span> <span class='ocrx_word' id='word_1_215' title='bbox 1911 1944 2053 2015; x_wconf 85' lang='lat' dir='ltr'>difficile</span> <span class='ocrx_word' id='word_1_216' title='bbox 2065 1960 2127 2031; x_wconf 90' lang='lat' dir='ltr'>est,</span> <span class='ocrx_word' id='word_1_217' title='bbox 2154 1962 2188 2020; x_wconf 89' lang='lat' dir='ltr'>et</span> 
     </span>
     <span class='ocr_line' id='line_1_17' title="bbox 160 2038 2189 2139; baseline 0.002 -23"><span class='ocrx_word' id='word_1_218' title='bbox 160 2059 232 2116; x_wconf 93' lang='lat' dir='ltr'>tem</span> <span class='ocrx_word' id='word_1_219' title='bbox 253 2045 381 2114; x_wconf 90' lang='lat' dir='ltr'>fabella</span> <span class='ocrx_word' id='word_1_220' title='bbox 404 2046 448 2115; x_wconf 91' lang='lat' dir='ltr'>de</span> <span class='ocrx_word' id='word_1_221' title='bbox 471 2045 611 2114; x_wconf 88' lang='lat' dir='ltr'>somnio</span> <span class='ocrx_word' id='word_1_222' title='bbox 633 2043 856 2138; x_wconf 88' lang='lat' dir='ltr'>Hieronymi.</span> <span class='ocrx_word' id='word_1_223' title='bbox 914 2040 993 2134; x_wconf 90' lang='lat' dir='ltr'>lpse</span> <span class='ocrx_word' id='word_1_224' title='bbox 1016 2053 1166 2139; x_wconf 54' lang='lat' dir='ltr'>narrat„</span> <span class='ocrx_word' id='word_1_225' title='bbox 1199 2062 1366 2131; x_wconf 89' lang='lat' dir='ltr'>maguum</span> <span class='ocrx_word' id='word_1_226' title='bbox 1380 2042 1569 2113; x_wconf 89' lang='lat' dir='ltr'>essedec&#39;us</span> <span class='ocrx_word' id='word_1_227' title='bbox 1584 2042 1774 2132; x_wconf 86' lang='lat' dir='ltr'>prudentes</span> <span class='ocrx_word' id='word_1_228' title='bbox 1789 2038 2004 2134; x_wconf 88' lang='lat' dir='ltr'>intelligunt.</span> <span class='ocrx_word' id='word_1_229' title='bbox 2028 2045 2189 2139; x_wconf 77' lang='lat' dir='ltr'>Longior</span> 
     </span>
     <span class='ocr_line' id='line_1_18' title="bbox 160 2137 2188 2240; baseline 0.004 -27"><span class='ocrx_word' id='word_1_230' title='bbox 160 2167 197 2214; x_wconf 92' lang='lat' dir='ltr'>se</span> <span class='ocrx_word' id='word_1_231' title='bbox 213 2145 252 2212; x_wconf 94' lang='lat' dir='ltr'>in</span> <span class='ocrx_word' id='word_1_232' title='bbox 268 2144 407 2215; x_wconf 87' lang='lat' dir='ltr'>somnio</span> <span class='ocrx_word' id='word_1_233' title='bbox 429 2146 547 2236; x_wconf 89' lang='lat' dir='ltr'>plagas</span> <span class='ocrx_word' id='word_1_234' title='bbox 566 2144 756 2236; x_wconf 87' lang='lat' dir='ltr'>accepisse,</span> <span class='ocrx_word' id='word_1_235' title='bbox 781 2146 877 2237; x_wconf 93' lang='lat' dir='ltr'>quod</span> <span class='ocrx_word' id='word_1_236' title='bbox 893 2142 1150 2215; x_wconf 87' lang='lat' dir='ltr'>Ciceronianus</span> <span class='ocrx_word' id='word_1_237' title='bbox 1199 2155 1251 2213; x_wconf 89' lang='lat' dir='ltr'>est</span> <span class='ocrx_word' id='word_1_238' title='bbox 1271 2156 1387 2213; x_wconf 87' lang='lat' dir='ltr'>autem</span> <span class='ocrx_word' id='word_1_239' title='bbox 1409 2137 1496 2212; x_wconf 89' lang='lat' dir='ltr'>haec</span> <span class='ocrx_word' id='word_1_240' title='bbox 1516 2155 1587 2213; x_wconf 91' lang='lat' dir='ltr'>tota</span> <span class='ocrx_word' id='word_1_241' title='bbox 1603 2144 1796 2235; x_wconf 84' lang='lat' dir='ltr'>disputatio</span> <span class='ocrx_word' id='word_1_242' title='bbox 1812 2145 1857 2213; x_wconf 92' lang='lat' dir='ltr'>de</span> <span class='ocrx_word' id='word_1_243' title='bbox 1874 2146 2095 2240; x_wconf 86' lang='lat' dir='ltr'>eloquentia,</span> <span class='ocrx_word' id='word_1_244' title='bbox 2122 2174 2188 2222; x_wconf 92' lang='lat' dir='ltr'>nec</span> 
     </span>
     <span class='ocr_line' id='line_1_19' title="bbox 161 2234 2188 2346; baseline 0.002 -31"><span class='ocrx_word' id='word_1_245' title='bbox 161 2258 265 2315; x_wconf 89' lang='lat' dir='ltr'>esset:</span> <span class='ocrx_word' id='word_1_246' title='bbox 284 2268 324 2314; x_wconf 90' lang='lat' dir='ltr'>ac</span> <span class='ocrx_word' id='word_1_247' title='bbox 339 2246 666 2330; x_wconf 85' lang='lat' dir='ltr'>commonefactum,</span> <span class='ocrx_word' id='word_1_248' title='bbox 679 2258 720 2315; x_wconf 93' lang='lat' dir='ltr'>ut</span> <span class='ocrx_word' id='word_1_249' title='bbox 728 2245 859 2314; x_wconf 90' lang='lat' dir='ltr'>relictis</span> <span class='ocrx_word' id='word_1_250' title='bbox 867 2239 1150 2337; x_wconf 89' lang='lat' dir='ltr'>prophanislite-</span> <span class='ocrx_word' id='word_1_251' title='bbox 1200 2238 1307 2314; x_wconf 91' lang='lat' dir='ltr'>huius</span> <span class='ocrx_word' id='word_1_252' title='bbox 1329 2257 1380 2331; x_wconf 81' lang='lat' dir='ltr'>est</span> <span class='ocrx_word' id='word_1_253' title='bbox 1402 2237 1482 2315; x_wconf 89' lang='lat' dir='ltr'>loci.</span> <span class='ocrx_word' id='word_1_254' title='bbox 1533 2234 1628 2315; x_wconf 82' lang='lat' dir='ltr'>Satis</span> <span class='ocrx_word' id='word_1_255' title='bbox 1650 2265 1776 2334; x_wconf 90' lang='lat' dir='ltr'>magna</span> <span class='ocrx_word' id='word_1_256' title='bbox 1800 2244 1877 2316; x_wconf 88' lang='lat' dir='ltr'>lans</span> <span class='ocrx_word' id='word_1_257' title='bbox 1898 2261 1950 2317; x_wconf 89' lang='lat' dir='ltr'>est</span> <span class='ocrx_word' id='word_1_258' title='bbox 1963 2245 2188 2346; x_wconf 85' lang='lat' dir='ltr'>Hieronymi,</span> 
     </span>
     <span class='ocr_line' id='line_1_20' title="bbox 159 2342 2187 2439; baseline 0.002 -23"><span class='ocrx_word' id='word_1_259' title='bbox 159 2346 226 2431; x_wconf 90' lang='lat' dir='ltr'>ris,</span> <span class='ocrx_word' id='word_1_260' title='bbox 251 2345 332 2436; x_wconf 88' lang='lat' dir='ltr'>plus</span> <span class='ocrx_word' id='word_1_261' title='bbox 347 2347 673 2435; x_wconf 80' lang='lat' dir='ltr'>operaecollocaret</span> <span class='ocrx_word' id='word_1_262' title='bbox 687 2344 726 2414; x_wconf 90' lang='lat' dir='ltr'>in</span> <span class='ocrx_word' id='word_1_263' title='bbox 742 2344 891 2419; x_wconf 84' lang='lat' dir='ltr'>divinas.</span> <span class='ocrx_word' id='word_1_264' title='bbox 932 2343 1049 2416; x_wconf 83' lang='lat' dir='ltr'>Credo</span> <span class='ocrx_word' id='word_1_265' title='bbox 1067 2369 1148 2416; x_wconf 91' lang='lat' dir='ltr'>eum</span> <span class='ocrx_word' id='word_1_266' title='bbox 1199 2348 1294 2439; x_wconf 91' lang='lat' dir='ltr'>quod</span> <span class='ocrx_word' id='word_1_267' title='bbox 1322 2368 1402 2415; x_wconf 90' lang='lat' dir='ltr'>cum</span> <span class='ocrx_word' id='word_1_268' title='bbox 1425 2357 1553 2415; x_wconf 87' lang='lat' dir='ltr'>natura</span> <span class='ocrx_word' id='word_1_269' title='bbox 1574 2360 1662 2416; x_wconf 86' lang='lat' dir='ltr'>esset</span> <span class='ocrx_word' id='word_1_270' title='bbox 1683 2342 1794 2432; x_wconf 82' lang='lat' dir='ltr'>uber,</span> <span class='ocrx_word' id='word_1_271' title='bbox 1828 2348 1972 2437; x_wconf 89' lang='lat' dir='ltr'>perfecit</span> <span class='ocrx_word' id='word_1_272' title='bbox 1990 2352 2109 2422; x_wconf 88' lang='lat' dir='ltr'>studio</span> <span class='ocrx_word' id='word_1_273' title='bbox 2134 2353 2187 2421; x_wconf 89' lang='lat' dir='ltr'>le-</span> 
     </span>
     <span class='ocr_line' id='line_1_21' title="bbox 159 2442 2187 2539; baseline 0.002 -22"><span class='ocrx_word' id='word_1_274' title='bbox 159 2469 304 2517; x_wconf 90' lang='lat' dir='ltr'>narrare</span> <span class='ocrx_word' id='word_1_275' title='bbox 339 2448 436 2539; x_wconf 94' lang='lat' dir='ltr'>quod</span> <span class='ocrx_word' id='word_1_276' title='bbox 466 2447 604 2517; x_wconf 90' lang='lat' dir='ltr'>accidit.</span> <span class='ocrx_word' id='word_1_277' title='bbox 656 2444 705 2518; x_wconf 90' lang='lat' dir='ltr'>Ut</span> <span class='ocrx_word' id='word_1_278' title='bbox 735 2445 832 2516; x_wconf 89' lang='lat' dir='ltr'>enim</span> <span class='ocrx_word' id='word_1_279' title='bbox 866 2442 972 2537; x_wconf 89' lang='lat' dir='ltr'>vulgo</span> <span class='ocrx_word' id='word_1_280' title='bbox 1006 2447 1149 2518; x_wconf 89' lang='lat' dir='ltr'>dicitur.</span> <span class='ocrx_word' id='word_1_281' title='bbox 1199 2446 1323 2538; x_wconf 88' lang='lat' dir='ltr'>gendis</span> <span class='ocrx_word' id='word_1_282' title='bbox 1340 2445 1499 2516; x_wconf 88' lang='lat' dir='ltr'>fontibus</span> <span class='ocrx_word' id='word_1_283' title='bbox 1521 2446 1678 2534; x_wconf 86' lang='lat' dir='ltr'>linguae,</span> <span class='ocrx_word' id='word_1_284' title='bbox 1703 2460 1743 2517; x_wconf 91' lang='lat' dir='ltr'>ut</span> <span class='ocrx_word' id='word_1_285' title='bbox 1766 2446 2003 2519; x_wconf 87' lang='lat' dir='ltr'>bonis-verbis</span> <span class='ocrx_word' id='word_1_286' title='bbox 2018 2465 2187 2538; x_wconf 91' lang='lat' dir='ltr'>uteretur,</span> 
     </span>
     <span class='ocr_line' id='line_1_22' title="bbox 159 2544 2187 2643; baseline 0.002 -26"><span class='ocrx_word' id='word_1_287' title='bbox 159 2544 356 2617; x_wconf 88' lang='lat' dir='ltr'>Causidicis</span> <span class='ocrx_word' id='word_1_288' title='bbox 376 2546 477 2629; x_wconf 91' lang='lat' dir='ltr'>lites,</span> <span class='ocrx_word' id='word_1_289' title='bbox 500 2548 642 2638; x_wconf 77' lang='lat' dir='ltr'>aurigae</span> <span class='ocrx_word' id='word_1_290' title='bbox 656 2547 793 2617; x_wconf 88' lang='lat' dir='ltr'>somnia</span> <span class='ocrx_word' id='word_1_291' title='bbox 816 2571 954 2619; x_wconf 80' lang='lat' dir='ltr'>currm:</span> <span class='ocrx_word' id='word_1_292' title='bbox 980 2546 1031 2619; x_wconf 90' lang='lat' dir='ltr'>ita</span> <span class='ocrx_word' id='word_1_293' title='bbox 1041 2548 1146 2638; x_wconf 77' lang='lat' dir='ltr'>&#39;inge-</span> <span class='ocrx_word' id='word_1_294' title='bbox 1199 2562 1233 2618; x_wconf 92' lang='grc' dir='ltr'>ιι</span> <span class='ocrx_word' id='word_1_295' title='bbox 1247 2569 1303 2616; x_wconf 80' lang='grc' dir='ltr'>ιιι</span> <span class='ocrx_word' id='word_1_296' title='bbox 1319 2548 1431 2617; x_wconf 89' lang='lat' dir='ltr'>bonas</span> <span class='ocrx_word' id='word_1_297' title='bbox 1443 2546 1670 2616; x_wconf 88' lang='lat' dir='ltr'>mediocriter</span> <span class='ocrx_word' id='word_1_298' title='bbox 1686 2561 1889 2637; x_wconf 81' lang='lat' dir='ltr'>exponeret:</span> <span class='ocrx_word' id='word_1_299' title='bbox 1915 2548 1987 2619; x_wconf 92' lang='lat' dir='ltr'>imo</span> <span class='ocrx_word' id='word_1_300' title='bbox 2006 2555 2103 2643; x_wconf 88' lang='lat' dir='ltr'>quod</span> <span class='ocrx_word' id='word_1_301' title='bbox 2119 2548 2187 2643; x_wconf 90' lang='lat' dir='ltr'>hac</span> 
     </span>
    </p>
   </div>
   <div class='ocr_carea' id='block_1_3' title="bbox 159 2647 2304 2745">
    <p class='ocr_par' dir='ltr' id='par_1_3' title="bbox 159 2647 2304 2745">
     <span class='ocr_line' id='line_1_23' title="bbox 159 2647 2304 2745; baseline 0.004 -30"><span class='ocrx_word' id='word_1_302' title='bbox 159 2647 270 2717; x_wconf 89' lang='lat' dir='ltr'>niosis</span> <span class='ocrx_word' id='word_1_303' title='bbox 285 2649 452 2719; x_wconf 89' lang='lat' dir='ltr'>omnibus</span> <span class='ocrx_word' id='word_1_304' title='bbox 470 2650 638 2720; x_wconf 90' lang='lat' dir='ltr'>usitatum</span> <span class='ocrx_word' id='word_1_305' title='bbox 656 2660 726 2729; x_wconf 83' lang='lat' dir='ltr'>est,</span> <span class='ocrx_word' id='word_1_306' title='bbox 747 2650 869 2719; x_wconf 86' lang='lat' dir='ltr'>crebra</span> <span class='ocrx_word' id='word_1_307' title='bbox 888 2649 1021 2719; x_wconf 81' lang='lat' dir='ltr'>deruis</span> <span class='ocrx_word' id='word_1_308' title='bbox 1039 2672 1148 2738; x_wconf 77' lang='lat' dir='ltr'>nego·</span> <span class='ocrx_word' id='word_1_309' title='bbox 1198 2648 1372 2718; x_wconf 87' lang='lat' dir='ltr'>sermonis</span> <span class='ocrx_word' id='word_1_310' title='bbox 1402 2647 1524 2738; x_wconf 89' lang='lat' dir='ltr'>copia,</span> <span class='ocrx_word' id='word_1_311' title='bbox 1563 2671 1653 2741; x_wconf 88' lang='lat' dir='ltr'>quae</span> <span class='ocrx_word' id='word_1_312' title='bbox 1686 2649 1881 2718; x_wconf 89' lang='lat' dir='ltr'>necessaria</span> <span class='ocrx_word' id='word_1_313' title='bbox 1900 2651 1960 2720; x_wconf 85' lang='lat' dir='ltr'>&#39;est</span> <span class='ocrx_word' id='word_1_314' title='bbox 1986 2651 2184 2745; x_wconf 90' lang='lat' dir='ltr'>interpreti,</span> <span class='ocrx_word' id='word_1_315' title='bbox 2302 2688 2304 2692; x_wconf 95' lang='lat'>·</span> 
     </span>
    </p>
   </div>
   <div class='ocr_carea' id='block_1_4' title="bbox 159 2742 2188 3044">
    <p class='ocr_par' dir='ltr' id='par_1_4' title="bbox 159 2742 2188 3044">
     <span class='ocr_line' id='line_1_24' title="bbox 159 2742 2184 2842; baseline 0.003 -24"><span class='ocrx_word' id='word_1_316' title='bbox 159 2748 234 2832; x_wconf 90' lang='lat' dir='ltr'>ciis,</span> <span class='ocrx_word' id='word_1_317' title='bbox 256 2749 394 2831; x_wconf 87' lang='lat' dir='ltr'>studiis,</span> <span class='ocrx_word' id='word_1_318' title='bbox 417 2751 520 2836; x_wconf 88' lang='lat' dir='ltr'>curis,</span> <span class='ocrx_word' id='word_1_319' title='bbox 540 2749 679 2820; x_wconf 85' lang='lat' dir='ltr'>somnia</span> <span class='ocrx_word' id='word_1_320' title='bbox 693 2770 848 2833; x_wconf 85' lang='lat' dir='ltr'>cernere,</span> <span class='ocrx_word' id='word_1_321' title='bbox 866 2773 1019 2842; x_wconf 91' lang='lat' dir='ltr'>quorum</span> <span class='ocrx_word' id='word_1_322' title='bbox 1035 2751 1147 2820; x_wconf 88' lang='lat' dir='ltr'>multa</span> <span class='ocrx_word' id='word_1_323' title='bbox 1198 2771 1361 2838; x_wconf 87' lang='lat' dir='ltr'>magnam</span> <span class='ocrx_word' id='word_1_324' title='bbox 1374 2747 1491 2818; x_wconf 83' lang='lat' dir='ltr'>lucem</span> <span class='ocrx_word' id='word_1_325' title='bbox 1506 2749 1626 2819; x_wconf 90' lang='lat' dir='ltr'>attulit</span> <span class='ocrx_word' id='word_1_326' title='bbox 1640 2742 1839 2840; x_wconf 81' lang='lat' dir='ltr'>Prophetis.</span> <span class='ocrx_word' id='word_1_327' title='bbox 1890 2749 1961 2821; x_wconf 87' lang='lat' dir='ltr'>Sed</span> <span class='ocrx_word' id='word_1_328' title='bbox 1976 2754 2097 2825; x_wconf 88' lang='lat' dir='ltr'>relicta</span> <span class='ocrx_word' id='word_1_329' title='bbox 2112 2755 2184 2824; x_wconf 91' lang='lat' dir='ltr'>iam</span> 
     </span>
     <span class='ocr_line' id='line_1_25' title="bbox 159 2845 2188 2943; baseline 0.003 -24"><span class='ocrx_word' id='word_1_330' title='bbox 159 2848 266 2919; x_wconf 89' lang='lat' dir='ltr'>etiam</span> <span class='ocrx_word' id='word_1_331' title='bbox 291 2864 374 2920; x_wconf 92' lang='lat' dir='ltr'>sunt</span> <span class='ocrx_word' id='word_1_332' title='bbox 395 2845 582 2942; x_wconf 74' lang='grc' dir='ltr'><strong><em>μαντηκά.</em></strong></span> <span class='ocrx_word' id='word_1_333' title='bbox 638 2845 805 2919; x_wconf 84' lang='lat' dir='ltr'>Erercuit</span> <span class='ocrx_word' id='word_1_334' title='bbox 832 2848 1035 2937; x_wconf 87' lang='lat' dir='ltr'>vigilantem</span> <span class='ocrx_word' id='word_1_335' title='bbox 1061 2846 1148 2919; x_wconf 89' lang='lat' dir='ltr'>haec</span> <span class='ocrx_word' id='word_1_336' title='bbox 1197 2850 1453 2932; x_wconf 87' lang='lat' dir='ltr'>adolescentia,</span> <span class='ocrx_word' id='word_1_337' title='bbox 1487 2849 1669 2920; x_wconf 87' lang='lat' dir='ltr'>videamus</span> <span class='ocrx_word' id='word_1_338' title='bbox 1694 2849 1872 2943; x_wconf 86' lang='lat' dir='ltr'>reliquum</span> <span class='ocrx_word' id='word_1_339' title='bbox 1893 2852 1985 2925; x_wconf 87' lang='lat' dir='ltr'>vitae</span> <span class='ocrx_word' id='word_1_340' title='bbox 2007 2854 2084 2925; x_wconf 82' lang='lat' dir='ltr'>rius</span> <span class='ocrx_word' id='word_1_341' title='bbox 2103 2874 2188 2926; x_wconf 75' lang='lat' dir='ltr'>cur·¹</span> 
     </span>
     <span class='ocr_line' id='line_1_26' title="bbox 159 2942 2186 3044; baseline 0.003 -24"><span class='ocrx_word' id='word_1_342' title='bbox 159 2973 243 3021; x_wconf 89' lang='lat' dir='ltr'>cura</span> <span class='ocrx_word' id='word_1_343' title='bbox 258 2964 293 3021; x_wconf 90' lang='lat' dir='ltr'>et</span> <span class='ocrx_word' id='word_1_344' title='bbox 306 2949 528 3021; x_wconf 88' lang='lat' dir='ltr'>deliberatio.</span> <span class='ocrx_word' id='word_1_345' title='bbox 559 2945 651 3018; x_wconf 90' lang='lat' dir='ltr'>Cum</span> <span class='ocrx_word' id='word_1_346' title='bbox 664 2947 760 3015; x_wconf 90' lang='lat' dir='ltr'>enim</span> <span class='ocrx_word' id='word_1_347' title='bbox 776 2969 896 3016; x_wconf 86' lang='lat' dir='ltr'>revera</span> <span class='ocrx_word' id='word_1_348' title='bbox 912 2942 1027 3019; x_wconf 84' lang='lat' dir='ltr'>Deum</span> <span class='ocrx_word' id='word_1_349' title='bbox 1043 2949 1146 3019; x_wconf 90' lang='lat' dir='ltr'>time-</span> <span class='ocrx_word' id='word_1_350' title='bbox 1198 2974 1288 3025; x_wconf 91' lang='lat' dir='ltr'>sum.</span> <span class='ocrx_word' id='word_1_351' title='bbox 1339 2949 1530 3040; x_wconf 86' lang='lat' dir='ltr'>Praecipue</span> <span class='ocrx_word' id='word_1_352' title='bbox 1547 2963 1664 3020; x_wconf 86' lang='lat' dir='ltr'>autem</span> <span class='ocrx_word' id='word_1_353' title='bbox 1680 2953 1920 3044; x_wconf 84' lang='lat' dir='ltr'>quaerendum</span> <span class='ocrx_word' id='word_1_354' title='bbox 1936 2968 1987 3024; x_wconf 88' lang='lat' dir='ltr'>est</span> <span class='ocrx_word' id='word_1_355' title='bbox 2004 2955 2041 3024; x_wconf 93' lang='lat' dir='ltr'>in</span> <span class='ocrx_word' id='word_1_356' title='bbox 2056 2951 2186 3026; x_wconf 86' lang='lat' dir='ltr'>Eccle-</span> 
     </span>
    </p>
   </div>
   <div class='ocr_carea' id='block_1_5' title="bbox 158 3045 2296 3147">
    <p class='ocr_par' dir='ltr' id='par_1_5' title="bbox 158 3045 2296 3147">
     <span class='ocr_line' id='line_1_27' title="bbox 158 3045 2296 3147; baseline 0.002 -25"><span class='ocrx_word' id='word_1_357' title='bbox 158 3065 232 3136; x_wconf 88' lang='lat' dir='ltr'>ret,</span> <span class='ocrx_word' id='word_1_358' title='bbox 254 3064 291 3121; x_wconf 92' lang='grc' dir='ltr'>ιι</span> <span class='ocrx_word' id='word_1_359' title='bbox 304 3049 429 3117; x_wconf 90' lang='lat' dir='ltr'>divino</span> <span class='ocrx_word' id='word_1_360' title='bbox 444 3047 579 3117; x_wconf 89' lang='lat' dir='ltr'>adflatu</span> <span class='ocrx_word' id='word_1_361' title='bbox 596 3050 641 3115; x_wconf 85' lang='lat' dir='ltr'>ad</span> <span class='ocrx_word' id='word_1_362' title='bbox 662 3046 854 3116; x_wconf 84' lang='lat' dir='ltr'>iuvandam</span> <span class='ocrx_word' id='word_1_363' title='bbox 871 3045 1065 3118; x_wconf 81' lang='lat' dir='ltr'>Ecclesiam</span> <span class='ocrx_word' id='word_1_364' title='bbox 1089 3050 1147 3117; x_wconf 88' lang='lat' dir='ltr'>in·</span> <span class='ocrx_word' id='word_1_365' title='bbox 1197 3053 1269 3136; x_wconf 88' lang='lat' dir='ltr'>sia,</span> <span class='ocrx_word' id='word_1_366' title='bbox 1293 3050 1379 3143; x_wconf 92' lang='lat' dir='ltr'>quid</span> <span class='ocrx_word' id='word_1_367' title='bbox 1396 3050 1546 3143; x_wconf 86' lang='lat' dir='ltr'>quisque</span> <span class='ocrx_word' id='word_1_368' title='bbox 1568 3052 1613 3121; x_wconf 89' lang='lat' dir='ltr'>de</span> <span class='ocrx_word' id='word_1_369' title='bbox 1625 3048 1702 3122; x_wconf 89' lang='lat' dir='ltr'>Deo</span> <span class='ocrx_word' id='word_1_370' title='bbox 1726 3051 1890 3136; x_wconf 81' lang='lat' dir='ltr'>senserit,</span> <span class='ocrx_word' id='word_1_371' title='bbox 1914 3069 1950 3124; x_wconf 90' lang='lat' dir='ltr'>et</span> <span class='ocrx_word' id='word_1_372' title='bbox 1963 3056 2059 3125; x_wconf 90' lang='lat' dir='ltr'>unde</span> <span class='ocrx_word' id='word_1_373' title='bbox 2073 3079 2185 3147; x_wconf 92' lang='lat' dir='ltr'>genus</span> <span class='ocrx_word' id='word_1_374' title='bbox 2293 3048 2296 3066; x_wconf 69' lang='lat'><em>&#39;</em></span> 
     </span>
    </p>
   </div>
   <div class='ocr_carea' id='block_1_6' title="bbox 158 3142 2189 3349">
    <p class='ocr_par' dir='ltr' id='par_1_6' title="bbox 158 3142 2189 3349">
     <span class='ocr_line' id='line_1_28' title="bbox 158 3142 2189 3248; baseline 0.004 -27"><span class='ocrx_word' id='word_1_375' title='bbox 158 3153 345 3231; x_wconf 89' lang='lat' dir='ltr'>citaretur,</span> <span class='ocrx_word' id='word_1_376' title='bbox 370 3145 538 3237; x_wconf 89' lang='lat' dir='ltr'>depositis</span> <span class='ocrx_word' id='word_1_377' title='bbox 553 3145 734 3218; x_wconf 88' lang='lat' dir='ltr'>interdum</span> <span class='ocrx_word' id='word_1_378' title='bbox 750 3146 852 3223; x_wconf 91' lang='lat' dir='ltr'>libris</span> <span class='ocrx_word' id='word_1_379' title='bbox 869 3142 1083 3239; x_wconf 78' lang='lat' dir='ltr'>prophanis,</span> <span class='ocrx_word' id='word_1_380' title='bbox 1107 3161 1148 3220; x_wconf 92' lang='lat' dir='ltr'>ut</span> <span class='ocrx_word' id='word_1_381' title='bbox 1197 3150 1380 3222; x_wconf 86' lang='lat' dir='ltr'>doctrinae</span> <span class='ocrx_word' id='word_1_382' title='bbox 1402 3151 1598 3243; x_wconf 85' lang='lat' dir='ltr'>acceperit:&#39;</span> <span class='ocrx_word' id='word_1_383' title='bbox 1622 3165 1662 3222; x_wconf 91' lang='lat' dir='ltr'>ut</span> <span class='ocrx_word' id='word_1_384' title='bbox 1687 3151 1768 3220; x_wconf 89' lang='lat' dir='ltr'>sciri</span> <span class='ocrx_word' id='word_1_385' title='bbox 1793 3153 1924 3244; x_wconf 89' lang='lat' dir='ltr'>possit,</span> <span class='ocrx_word' id='word_1_386' title='bbox 1949 3178 1995 3223; x_wconf 91' lang='lat' dir='ltr'>an</span> <span class='ocrx_word' id='word_1_387' title='bbox 2018 3159 2189 3248; x_wconf 87' lang='lat' dir='ltr'>probatae</span> 
     </span>
     <span class='ocr_line' id='line_1_29' title="bbox 159 3243 2186 3349; baseline 0.005 -29"><span class='ocrx_word' id='word_1_388' title='bbox 159 3273 227 3320; x_wconf 89' lang='lat' dir='ltr'>nos</span> <span class='ocrx_word' id='word_1_389' title='bbox 251 3271 393 3342; x_wconf 90' lang='lat' dir='ltr'>quoque</span> <span class='ocrx_word' id='word_1_390' title='bbox 415 3248 579 3330; x_wconf 87' lang='lat' dir='ltr'>facimus,</span> <span class='ocrx_word' id='word_1_391' title='bbox 612 3246 789 3316; x_wconf 88' lang='lat' dir='ltr'>miseriam</span> <span class='ocrx_word' id='word_1_392' title='bbox 816 3243 1006 3334; x_wconf 84' lang='lat' dir='ltr'>humanam</span> <span class='ocrx_word' id='word_1_393' title='bbox 1022 3252 1147 3340; x_wconf 89' lang='lat' dir='ltr'>deplo·</span> <span class='ocrx_word' id='word_1_394' title='bbox 1196 3253 1276 3321; x_wconf 87' lang='lat' dir='ltr'>fidei</span> <span class='ocrx_word' id='word_1_395' title='bbox 1293 3254 1453 3322; x_wconf 89' lang='lat' dir='ltr'>doctores</span> <span class='ocrx_word' id='word_1_396' title='bbox 1468 3265 1651 3345; x_wconf 90' lang='lat' dir='ltr'>sequatur,</span> <span class='ocrx_word' id='word_1_397' title='bbox 1676 3266 1771 3321; x_wconf 91' lang='lat' dir='ltr'>etan</span> <span class='ocrx_word' id='word_1_398' title='bbox 1794 3276 1873 3322; x_wconf 91' lang='lat' dir='ltr'>cum</span> <span class='ocrx_word' id='word_1_399' title='bbox 1894 3277 2019 3327; x_wconf 88' lang='lat' dir='ltr'>norma</span> <span class='ocrx_word' id='word_1_400' title='bbox 2044 3273 2186 3349; x_wconf 75' lang='lat' dir='ltr'>aposto·-</span> 
     </span>
    </p>
   </div>
   <div class='ocr_carea' id='block_1_7' title="bbox 159 3347 2306 3448">
    <p class='ocr_par' dir='ltr' id='par_1_7' title="bbox 159 3347 2306 3448">
     <span class='ocr_line' id='line_1_30' title="bbox 159 3347 2306 3448; baseline -0.001 -28"><span class='ocrx_word' id='word_1_401' title='bbox 159 3349 267 3421; x_wconf 87' lang='lat' dir='ltr'>ravit:</span> <span class='ocrx_word' id='word_1_402' title='bbox 300 3349 423 3418; x_wconf 87' lang='lat' dir='ltr'>ridens</span> <span class='ocrx_word' id='word_1_403' title='bbox 442 3371 660 3419; x_wconf 88' lang='lat' dir='ltr'>summorum</span> <span class='ocrx_word' id='word_1_404' title='bbox 686 3347 911 3438; x_wconf 89' lang='lat' dir='ltr'>ingeniorum</span> <span class='ocrx_word' id='word_1_405' title='bbox 933 3351 1004 3417; x_wconf 83' lang='lat' dir='ltr'>uim</span> <span class='ocrx_word' id='word_1_406' title='bbox 1024 3365 1086 3420; x_wconf 91' lang='lat' dir='ltr'>aut</span> <span class='ocrx_word' id='word_1_407' title='bbox 1108 3352 1146 3429; x_wconf 87' lang='lat' dir='ltr'>in</span> <span class='ocrx_word' id='word_1_408' title='bbox 1197 3353 1285 3422; x_wconf 89' lang='lat' dir='ltr'>licae</span> <span class='ocrx_word' id='word_1_409' title='bbox 1306 3351 1488 3421; x_wconf 89' lang='lat' dir='ltr'>doctrinae</span> <span class='ocrx_word' id='word_1_410' title='bbox 1508 3364 1689 3442; x_wconf 89' lang='lat' dir='ltr'>congmat.</span> <span class='ocrx_word' id='word_1_411' title='bbox 1740 3350 1903 3448; x_wconf 72' lang='lat' dir='ltr'>Affirmat</span> <span class='ocrx_word' id='word_1_412' title='bbox 1929 3357 2036 3444; x_wconf 79' lang='lat' dir='ltr'>igitur</span> <span class='ocrx_word' id='word_1_413' title='bbox 2055 3356 2184 3430; x_wconf 67' lang='lat' dir='ltr'>Hiero.</span> <span class='ocrx_word' id='word_1_414' title='bbox 2303 3433 2306 3437; x_wconf 19' lang='lat'>¹</span> 
     </span>
    </p>
   </div>
   <div class='ocr_carea' id='block_1_8' title="bbox 158 3448 2189 5643">
    <p class='ocr_par' dir='ltr' id='par_1_8' title="bbox 158 3448 2187 4055">
     <span class='ocr_line' id='line_1_31' title="bbox 159 3448 2187 3547; baseline -0 -26"><span class='ocrx_word' id='word_1_415' title='bbox 159 3451 264 3541; x_wconf 91' lang='lat' dir='ltr'>nugis</span> <span class='ocrx_word' id='word_1_416' title='bbox 281 3461 524 3542; x_wconf 89' lang='lat' dir='ltr'>consumptam</span> <span class='ocrx_word' id='word_1_417' title='bbox 546 3472 640 3534; x_wconf 89' lang='lat' dir='ltr'>esse,</span> <span class='ocrx_word' id='word_1_418' title='bbox 666 3462 727 3518; x_wconf 92' lang='lat' dir='ltr'>aut</span> <span class='ocrx_word' id='word_1_419' title='bbox 748 3449 852 3519; x_wconf 86' lang='lat' dir='ltr'>falsas</span> <span class='ocrx_word' id='word_1_420' title='bbox 873 3451 917 3519; x_wconf 92' lang='lat' dir='ltr'>de</span> <span class='ocrx_word' id='word_1_421' title='bbox 943 3448 1018 3521; x_wconf 89' lang='lat' dir='ltr'>Deo</span> <span class='ocrx_word' id='word_1_422' title='bbox 1044 3465 1079 3522; x_wconf 91' lang='grc' dir='ltr'>ιι</span> <span class='ocrx_word' id='word_1_423' title='bbox 1101 3454 1147 3520; x_wconf 93' lang='lat' dir='ltr'>de</span> <span class='ocrx_word' id='word_1_424' title='bbox 1197 3450 1324 3547; x_wconf 84' lang='lat' dir='ltr'>nymu&#39;s</span> <span class='ocrx_word' id='word_1_425' title='bbox 1350 3476 1387 3521; x_wconf 90' lang='grc' dir='ltr'>ιι</span> <span class='ocrx_word' id='word_1_426' title='bbox 1418 3454 1580 3543; x_wconf 86' lang='lat' dir='ltr'>amplecti</span> <span class='ocrx_word' id='word_1_427' title='bbox 1607 3455 1783 3546; x_wconf 93' lang='lat' dir='ltr'>synodum</span> <span class='ocrx_word' id='word_1_428' title='bbox 1809 3452 1998 3541; x_wconf 89' lang='lat' dir='ltr'>Nicenam‚</span> <span class='ocrx_word' id='word_1_429' title='bbox 2033 3471 2067 3528; x_wconf 79' lang='lat' dir='ltr'>et</span> <span class='ocrx_word' id='word_1_430' title='bbox 2094 3456 2187 3531; x_wconf 67' lang='lat' dir='ltr'>hane</span> 
     </span>
     <span class='ocr_line' id='line_1_32' title="bbox 159 3549 2184 3642; baseline -0.004 -20"><span class='ocrx_word' id='word_1_431' title='bbox 159 3552 281 3623; x_wconf 87' lang='lat' dir='ltr'>multis</span> <span class='ocrx_word' id='word_1_432' title='bbox 305 3564 451 3621; x_wconf 88' lang='lat' dir='ltr'>naturae</span> <span class='ocrx_word' id='word_1_433' title='bbox 479 3550 641 3638; x_wconf 88' lang='lat' dir='ltr'>partibus</span> <span class='ocrx_word' id='word_1_434' title='bbox 666 3549 852 3639; x_wconf 87' lang='lat' dir='ltr'>opiniones</span> <span class='ocrx_word' id='word_1_435' title='bbox 878 3552 1063 3639; x_wconf 81' lang='lat' dir='ltr'>sparsisse,</span> <span class='ocrx_word' id='word_1_436' title='bbox 1087 3565 1146 3621; x_wconf 91' lang='lat' dir='ltr'>aut</span> <span class='ocrx_word' id='word_1_437' title='bbox 1196 3555 1324 3623; x_wconf 91' lang='lat' dir='ltr'>acriter</span> <span class='ocrx_word' id='word_1_438' title='bbox 1347 3567 1564 3642; x_wconf 79' lang='lat' dir='ltr'>propugnat,</span> <span class='ocrx_word' id='word_1_439' title='bbox 1599 3567 1633 3623; x_wconf 93' lang='lat' dir='ltr'>et</span> <span class='ocrx_word' id='word_1_440' title='bbox 1651 3553 1813 3621; x_wconf 89' lang='lat' dir='ltr'>nominat</span> <span class='ocrx_word' id='word_1_441' title='bbox 1838 3556 2102 3642; x_wconf 65' lang='lat' dir='ltr'>probatissimo,</span> <span class='ocrx_word' id='word_1_442' title='bbox 2118 3564 2184 3631; x_wconf 69' lang='grc' dir='ltr'>(ιο.</span> 
     </span>
     <span class='ocr_line' id='line_1_33' title="bbox 159 3647 2185 3741; baseline -0.003 -17"><span class='ocrx_word' id='word_1_443' title='bbox 159 3654 393 3724; x_wconf 85' lang='lat' dir='ltr'>coufirmasse.</span> <span class='ocrx_word' id='word_1_444' title='bbox 447 3649 545 3740; x_wconf 87' lang='lat' dir='ltr'>Quid</span> <span class='ocrx_word' id='word_1_445' title='bbox 562 3647 701 3733; x_wconf 81' lang='lat' dir='ltr'>dulcius</span> <span class='ocrx_word' id='word_1_446' title='bbox 716 3663 768 3719; x_wconf 88' lang='lat' dir='ltr'>est</span> <span class='ocrx_word' id='word_1_447' title='bbox 782 3650 962 3719; x_wconf 88' lang='lat' dir='ltr'>amatoriis</span> <span class='ocrx_word' id='word_1_448' title='bbox 978 3653 1148 3739; x_wconf 71' lang='lat' dir='ltr'>poematis</span> <span class='ocrx_word' id='word_1_449' title='bbox 1196 3667 1322 3733; x_wconf 76' lang='lat' dir='ltr'>atores,</span> <span class='ocrx_word' id='word_1_450' title='bbox 1341 3650 1615 3737; x_wconf 72' lang='lat' dir='ltr'>Nesimi-enum,</span> <span class='ocrx_word' id='word_1_451' title='bbox 1639 3648 1916 3741; x_wconf 81' lang='lat' dir='ltr'>Apollinarium,</span> <span class='ocrx_word' id='word_1_452' title='bbox 1943 3656 2185 3731; x_wconf 50' lang='lat' dir='ltr'>Antiochenam</span> 
     </span>
     <span class='ocr_line' id='line_1_34' title="bbox 158 3746 2184 3850; baseline 0.002 -27"><span class='ocrx_word' id='word_1_453' title='bbox 158 3753 522 3845; x_wconf 82' lang='lat' dir='ltr'>ingeniosissimorum</span> <span class='ocrx_word' id='word_1_454' title='bbox 546 3747 732 3820; x_wconf 88' lang='lat' dir='ltr'>hominum</span> <span class='ocrx_word' id='word_1_455' title='bbox 756 3747 974 3819; x_wconf 88' lang='lat' dir='ltr'>Graecorum</span> <span class='ocrx_word' id='word_1_456' title='bbox 995 3764 1030 3818; x_wconf 91' lang='lat' dir='ltr'>et</span> <span class='ocrx_word' id='word_1_457' title='bbox 1046 3748 1148 3820; x_wconf 90' lang='lat' dir='ltr'>Lati-</span> <span class='ocrx_word' id='word_1_458' title='bbox 1196 3750 1375 3823; x_wconf 82' lang='lat' dir='ltr'>Ecclesiae</span> <span class='ocrx_word' id='word_1_459' title='bbox 1394 3748 1627 3844; x_wconf 71' lang='lat' dir='ltr'>Episcopum,</span> <span class='ocrx_word' id='word_1_460' title='bbox 1650 3746 1892 3842; x_wconf 78' lang='lat' dir='ltr'>Epiphaniam</span> <span class='ocrx_word' id='word_1_461' title='bbox 1907 3752 2184 3850; x_wconf 65' lang='lat' dir='ltr'>Episcopum&#39;in</span> 
     </span>
     <span class='ocr_line' id='line_1_35' title="bbox 159 3849 2184 3951; baseline -0.007 -21"><span class='ocrx_word' id='word_1_462' title='bbox 159 3857 314 3930; x_wconf 81' lang='lat' dir='ltr'>norum?</span> <span class='ocrx_word' id='word_1_463' title='bbox 346 3876 437 3946; x_wconf 89' lang='lat' dir='ltr'>quae</span> <span class='ocrx_word' id='word_1_464' title='bbox 452 3853 571 3940; x_wconf 86' lang='lat' dir='ltr'>legens</span> <span class='ocrx_word' id='word_1_465' title='bbox 586 3851 690 3920; x_wconf 89' lang='lat' dir='ltr'>doleo</span> <span class='ocrx_word' id='word_1_466' title='bbox 707 3851 874 3942; x_wconf 88' lang='lat' dir='ltr'>profecto,</span> <span class='ocrx_word' id='word_1_467' title='bbox 898 3875 964 3921; x_wconf 88' lang='lat' dir='ltr'>nos</span> <span class='ocrx_word' id='word_1_468' title='bbox 982 3875 1056 3920; x_wconf 92' lang='lat' dir='ltr'>non</span> <span class='ocrx_word' id='word_1_469' title='bbox 1070 3852 1146 3944; x_wconf 90' lang='lat' dir='ltr'>pari</span> <span class='ocrx_word' id='word_1_470' title='bbox 1197 3851 1337 3946; x_wconf 89' lang='lat' dir='ltr'>Cypro,</span> <span class='ocrx_word' id='word_1_471' title='bbox 1370 3866 1404 3921; x_wconf 90' lang='lat' dir='ltr'>et</span> <span class='ocrx_word' id='word_1_472' title='bbox 1427 3849 1622 3946; x_wconf 90' lang='lat' dir='ltr'>Didymum</span> <span class='ocrx_word' id='word_1_473' title='bbox 1644 3851 1943 3940; x_wconf 81' lang='lat' dir='ltr'>Alexandrinum,</span> <span class='ocrx_word' id='word_1_474' title='bbox 1977 3861 2040 3951; x_wconf 81' lang='lat' dir='ltr'>qui</span> <span class='ocrx_word' id='word_1_475' title='bbox 2061 3884 2184 3932; x_wconf 54' lang='lat' dir='ltr'>omne,</span> 
     </span>
     <span class='ocr_line' id='line_1_36' title="bbox 159 3952 2184 4055; baseline -0.006 -11"><span class='ocrx_word' id='word_1_476' title='bbox 159 3959 330 4028; x_wconf 68' lang='lat' dir='ltr'>⁸¹¹³Vll³l0</span> <span class='ocrx_word' id='word_1_477' title='bbox 346 3978 401 4024; x_wconf 62' lang='lat'>1⁰³</span> <span class='ocrx_word' id='word_1_478' title='bbox 415 3953 555 4024; x_wconf 62' lang='lat' dir='ltr'>divinas</span> <span class='ocrx_word' id='word_1_479' title='bbox 570 3974 704 4021; x_wconf 56' lang='lat' dir='ltr'>ca11⁹1&amp;</span> <span class='ocrx_word' id='word_1_480' title='bbox 1095 4027 1099 4034; x_wconf 79' lang='grc'><em>,</em></span> <span class='ocrx_word' id='word_1_481' title='bbox 1198 3966 1283 4024; x_wconf 89' lang='lat' dir='ltr'>tunc</span> <span class='ocrx_word' id='word_1_482' title='bbox 1300 3964 1386 4020; x_wconf 91' lang='lat' dir='ltr'>natu</span> <span class='ocrx_word' id='word_1_483' title='bbox 1408 3957 1576 4040; x_wconf 87' lang='lat' dir='ltr'>grandes,</span> <span class='ocrx_word' id='word_1_484' title='bbox 1602 3952 1790 4023; x_wconf 86' lang='lat' dir='ltr'>familiares</span> <span class='ocrx_word' id='word_1_485' title='bbox 1809 3956 1949 4028; x_wconf 87' lang='lat' dir='ltr'>fuerant</span> <span class='ocrx_word' id='word_1_486' title='bbox 1964 3958 2026 4045; x_wconf 89' lang='lat' dir='ltr'>iis,</span> <span class='ocrx_word' id='word_1_487' title='bbox 2050 3964 2112 4055; x_wconf 93' lang='lat' dir='ltr'>qui</span> <span class='ocrx_word' id='word_1_488' title='bbox 2127 3966 2184 4032; x_wconf 87' lang='lat' dir='ltr'>di-</span> 
     </span>
    </p>

    <p class='ocr_par' dir='ltr' id='par_1_9' title="bbox 160 4045 2189 5567">
     <span class='ocr_line' id='line_1_37' title="bbox 262 4045 2183 4153; baseline -0.005 -25"><span class='ocrx_word' id='word_1_489' title='bbox 262 4057 360 4144; x_wconf 84' lang='lat' dir='ltr'>Quid</span> <span class='ocrx_word' id='word_1_490' title='bbox 375 4059 419 4125; x_wconf 91' lang='lat' dir='ltr'>de</span> <span class='ocrx_word' id='word_1_491' title='bbox 435 4051 604 4126; x_wconf 90' lang='lat' dir='ltr'>Cicerone</span> <span class='ocrx_word' id='word_1_492' title='bbox 618 4052 757 4121; x_wconf 84' lang='lat' dir='ltr'>dicam?</span> <span class='ocrx_word' id='word_1_493' title='bbox 781 4045 859 4121; x_wconf 88' lang='lat' dir='ltr'>Etsi</span> <span class='ocrx_word' id='word_1_494' title='bbox 874 4052 984 4122; x_wconf 91' lang='lat' dir='ltr'>multa</span> <span class='ocrx_word' id='word_1_495' title='bbox 1001 4048 1148 4122; x_wconf 89' lang='lat' dir='ltr'>honeste</span> <span class='ocrx_word' id='word_1_496' title='bbox 1197 4065 1321 4123; x_wconf 78' lang='lat' dir='ltr'>serant</span> <span class='ocrx_word' id='word_1_497' title='bbox 1342 4053 1532 4122; x_wconf 86' lang='lat' dir='ltr'>sententias</span> <span class='ocrx_word' id='word_1_498' title='bbox 1562 4054 1599 4121; x_wconf 94' lang='lat' dir='ltr'>in</span> <span class='ocrx_word' id='word_1_499' title='bbox 1625 4054 1761 4145; x_wconf 89' lang='lat' dir='ltr'>synodo</span> <span class='ocrx_word' id='word_1_500' title='bbox 1782 4051 1931 4143; x_wconf 86' lang='lat' dir='ltr'>Nicena,</span> <span class='ocrx_word' id='word_1_501' title='bbox 1966 4075 1999 4131; x_wconf 79' lang='lat' dir='ltr'>et</span> <span class='ocrx_word' id='word_1_502' title='bbox 2021 4078 2098 4153; x_wconf 68' lang='lat' dir='ltr'>post</span> <span class='ocrx_word' id='word_1_503' title='bbox 2124 4082 2183 4135; x_wconf 67' lang='grc' dir='ltr'>ρο,</span> 
     </span>
     <span class='ocr_line' id='line_1_38' title="bbox 161 4149 2184 4246; baseline -0.004 -19"><span class='ocrx_word' id='word_1_504' title='bbox 161 4156 266 4236; x_wconf 91' lang='lat' dir='ltr'>dicit,</span> <span class='ocrx_word' id='word_1_505' title='bbox 292 4171 409 4226; x_wconf 90' lang='lat' dir='ltr'>tamen</span> <span class='ocrx_word' id='word_1_506' title='bbox 424 4157 617 4227; x_wconf 90' lang='lat' dir='ltr'>dolendum</span> <span class='ocrx_word' id='word_1_507' title='bbox 630 4168 699 4237; x_wconf 88' lang='lat' dir='ltr'>cst,</span> <span class='ocrx_word' id='word_1_508' title='bbox 724 4153 787 4221; x_wconf 91' lang='lat' dir='ltr'>illo</span> <span class='ocrx_word' id='word_1_509' title='bbox 803 4176 911 4221; x_wconf 88' lang='lat' dir='ltr'>aureo</span> <span class='ocrx_word' id='word_1_510' title='bbox 927 4153 1148 4246; x_wconf 89' lang='lat' dir='ltr'>eloquentiae</span> <span class='ocrx_word' id='word_1_511' title='bbox 1198 4154 1334 4225; x_wconf 89' lang='lat' dir='ltr'>lumina</span> <span class='ocrx_word' id='word_1_512' title='bbox 1349 4154 1493 4224; x_wconf 88' lang='lat' dir='ltr'>fuerunt</span> <span class='ocrx_word' id='word_1_513' title='bbox 1504 4149 1682 4226; x_wconf 83' lang='lat' dir='ltr'>Ecclesiae</span> <span class='ocrx_word' id='word_1_514' title='bbox 1697 4157 1893 4246; x_wconf 85' lang='lat' dir='ltr'>praecipua.</span> <span class='ocrx_word' id='word_1_515' title='bbox 1937 4157 2076 4232; x_wconf 69' lang='lat' dir='ltr'>Horum</span> <span class='ocrx_word' id='word_1_516' title='bbox 2091 4174 2184 4236; x_wconf 63' lang='lat' dir='ltr'>uage</span> 
     </span>
     <span class='ocr_line' id='line_1_39' title="bbox 161 4247 2182 4359; baseline 0.003 -33"><span class='ocrx_word' id='word_1_517' title='bbox 161 4258 309 4328; x_wconf 86' lang='lat' dir='ltr'>flumine</span> <span class='ocrx_word' id='word_1_518' title='bbox 343 4281 417 4326; x_wconf 90' lang='lat' dir='ltr'>non</span> <span class='ocrx_word' id='word_1_519' title='bbox 444 4252 523 4326; x_wconf 85' lang='lat' dir='ltr'>vehi</span> <span class='ocrx_word' id='word_1_520' title='bbox 556 4280 610 4325; x_wconf 91' lang='lat' dir='ltr'>res</span> <span class='ocrx_word' id='word_1_521' title='bbox 643 4255 680 4322; x_wconf 93' lang='lat' dir='ltr'>in</span> <span class='ocrx_word' id='word_1_522' title='bbox 713 4247 941 4344; x_wconf 86' lang='lat' dir='ltr'>Philosophia</span> <span class='ocrx_word' id='word_1_523' title='bbox 974 4254 1148 4324; x_wconf 87' lang='lat' dir='ltr'>meliores.</span> <span class='ocrx_word' id='word_1_524' title='bbox 1197 4256 1420 4327; x_wconf 84' lang='lat' dir='ltr'>confirmaret</span> <span class='ocrx_word' id='word_1_525' title='bbox 1442 4254 1645 4341; x_wconf 71' lang='lat' dir='ltr'>sententiis,</span> <span class='ocrx_word' id='word_1_526' title='bbox 1678 4256 1801 4348; x_wconf 90' lang='lat' dir='ltr'>procul</span> <span class='ocrx_word' id='word_1_527' title='bbox 1829 4277 1888 4327; x_wconf 89' lang='lat' dir='ltr'>eos</span> <span class='ocrx_word' id='word_1_528' title='bbox 1916 4261 2182 4359; x_wconf 80' lang='lat' dir='ltr'>in&#39;longinquit</span> 
     </span>
     <span class='ocr_line' id='line_1_40' title="bbox 161 4351 2184 4458; baseline -0.002 -29"><span class='ocrx_word' id='word_1_529' title='bbox 161 4356 302 4429; x_wconf 90' lang='lat' dir='ltr'>Deinde</span> <span class='ocrx_word' id='word_1_530' title='bbox 315 4358 377 4428; x_wconf 90' lang='lat' dir='ltr'>etsi</span> <span class='ocrx_word' id='word_1_531' title='bbox 394 4359 432 4427; x_wconf 92' lang='lat' dir='ltr'>in</span> <span class='ocrx_word' id='word_1_532' title='bbox 448 4359 652 4447; x_wconf 84' lang='lat' dir='ltr'>vulgaribus</span> <span class='ocrx_word' id='word_1_533' title='bbox 667 4380 706 4424; x_wconf 91' lang='lat' dir='ltr'>ac</span> <span class='ocrx_word' id='word_1_534' title='bbox 721 4355 857 4424; x_wconf 88' lang='lat' dir='ltr'>levibus</span> <span class='ocrx_word' id='word_1_535' title='bbox 872 4355 1043 4427; x_wconf 88' lang='lat' dir='ltr'>molestiis</span> <span class='ocrx_word' id='word_1_536' title='bbox 1059 4351 1147 4426; x_wconf 94' lang='lat' dir='ltr'>Phi·</span> <span class='ocrx_word' id='word_1_537' title='bbox 1198 4355 1415 4447; x_wconf 85' lang='lat' dir='ltr'>regionibus,</span> <span class='ocrx_word' id='word_1_538' title='bbox 1439 4355 1698 4427; x_wconf 82' lang='lat' dir='ltr'>Nazianzeuum</span> <span class='ocrx_word' id='word_1_539' title='bbox 1714 4359 1751 4425; x_wconf 90' lang='lat' dir='ltr'>in</span> <span class='ocrx_word' id='word_1_540' title='bbox 1764 4355 1998 4449; x_wconf 89' lang='lat' dir='ltr'>Cappadocia,</span> <span class='ocrx_word' id='word_1_541' title='bbox 2023 4361 2184 4458; x_wconf 58' lang='lat' dir='ltr'>Epipha.</span> 
     </span>
     <span class='ocr_line' id='line_1_41' title="bbox 160 4453 2185 4565; baseline 0.003 -35"><span class='ocrx_word' id='word_1_542' title='bbox 160 4455 323 4550; x_wconf 89' lang='lat' dir='ltr'>losophia</span> <span class='ocrx_word' id='word_1_543' title='bbox 339 4459 426 4528; x_wconf 87' lang='lat' dir='ltr'>lenit</span> <span class='ocrx_word' id='word_1_544' title='bbox 440 4459 550 4527; x_wconf 90' lang='lat' dir='ltr'>animi</span> <span class='ocrx_word' id='word_1_545' title='bbox 565 4457 817 4546; x_wconf 85' lang='lat' dir='ltr'>aegritudines:</span> <span class='ocrx_word' id='word_1_546' title='bbox 844 4469 962 4526; x_wconf 90' lang='lat' dir='ltr'>tamen</span> <span class='ocrx_word' id='word_1_547' title='bbox 980 4457 1018 4524; x_wconf 89' lang='lat' dir='ltr'>in</span> <span class='ocrx_word' id='word_1_548' title='bbox 1037 4458 1148 4527; x_wconf 88' lang='lat' dir='ltr'>maio·</span> <span class='ocrx_word' id='word_1_549' title='bbox 1199 4459 1300 4530; x_wconf 89' lang='lat' dir='ltr'>nium</span> <span class='ocrx_word' id='word_1_550' title='bbox 1315 4458 1353 4526; x_wconf 90' lang='lat' dir='ltr'>in</span> <span class='ocrx_word' id='word_1_551' title='bbox 1370 4453 1507 4552; x_wconf 89' lang='lat' dir='ltr'>Cypro,</span> <span class='ocrx_word' id='word_1_552' title='bbox 1535 4455 1799 4548; x_wconf 74' lang='lat' dir='ltr'>Apollinarium</span> <span class='ocrx_word' id='word_1_553' title='bbox 1815 4457 2043 4548; x_wconf 83' lang='lat' dir='ltr'>Antiochiae,</span> <span class='ocrx_word' id='word_1_554' title='bbox 2067 4466 2185 4565; x_wconf 86' lang='lat' dir='ltr'>Didy-</span> 
     </span>
     <span class='ocr_line' id='line_1_42' title="bbox 161 4555 2185 4654; baseline 0.004 -24"><span class='ocrx_word' id='word_1_555' title='bbox 161 4562 263 4631; x_wconf 89' lang='lat' dir='ltr'>ribus</span> <span class='ocrx_word' id='word_1_556' title='bbox 277 4559 461 4629; x_wconf 90' lang='lat' dir='ltr'>doloribus</span> <span class='ocrx_word' id='word_1_557' title='bbox 474 4558 826 4647; x_wconf 82' lang='lat' dir='ltr'>nonaequiescimus,</span> <span class='ocrx_word' id='word_1_558' title='bbox 851 4557 920 4628; x_wconf 90' lang='lat' dir='ltr'>nisi</span> <span class='ocrx_word' id='word_1_559' title='bbox 938 4555 1006 4628; x_wconf 89' lang='lat' dir='ltr'>Ilei</span> <span class='ocrx_word' id='word_1_560' title='bbox 1020 4560 1147 4628; x_wconf 89' lang='lat' dir='ltr'>volun·</span> <span class='ocrx_word' id='word_1_561' title='bbox 1198 4583 1295 4630; x_wconf 92' lang='lat' dir='ltr'>mum</span> <span class='ocrx_word' id='word_1_562' title='bbox 1311 4559 1350 4628; x_wconf 91' lang='lat' dir='ltr'>in</span> <span class='ocrx_word' id='word_1_563' title='bbox 1366 4557 1524 4652; x_wconf 89' lang='lat' dir='ltr'>Aegypto</span> <span class='ocrx_word' id='word_1_564' title='bbox 1540 4560 1723 4650; x_wconf 87' lang='lat' dir='ltr'>quaesivit.</span> <span class='ocrx_word' id='word_1_565' title='bbox 1767 4558 1874 4631; x_wconf 90' lang='lat' dir='ltr'>Scitis</span> <span class='ocrx_word' id='word_1_566' title='bbox 1893 4566 2185 4654; x_wconf 86' lang='lat' dir='ltr'>maltoslandari,</span> 
     </span>
     <span class='ocr_line' id='line_1_43' title="bbox 162 4658 2185 4756; baseline 0.002 -22"><span class='ocrx_word' id='word_1_567' title='bbox 162 4676 233 4734; x_wconf 88' lang='lat' dir='ltr'>tate</span> <span class='ocrx_word' id='word_1_568' title='bbox 251 4662 389 4752; x_wconf 89' lang='lat' dir='ltr'>cognita</span> <span class='ocrx_word' id='word_1_569' title='bbox 411 4684 458 4742; x_wconf 83' lang='lat' dir='ltr'>ers¹</span> <span class='ocrx_word' id='word_1_570' title='bbox 476 4659 519 4728; x_wconf 88' lang='lat' dir='ltr'>iis</span> <span class='ocrx_word' id='word_1_571' title='bbox 544 4659 801 4744; x_wconf 78' lang='lat' dir='ltr'>instrumentis,</span> <span class='ocrx_word' id='word_1_572' title='bbox 835 4683 924 4751; x_wconf 89' lang='lat' dir='ltr'>quae</span> <span class='ocrx_word' id='word_1_573' title='bbox 949 4659 1024 4750; x_wconf 91' lang='lat' dir='ltr'>ipse</span> <span class='ocrx_word' id='word_1_574' title='bbox 1045 4663 1148 4730; x_wconf 90' lang='lat' dir='ltr'>certis</span> <span class='ocrx_word' id='word_1_575' title='bbox 1199 4663 1259 4756; x_wconf 92' lang='lat' dir='ltr'>qui</span> <span class='ocrx_word' id='word_1_576' title='bbox 1285 4660 1467 4729; x_wconf 91' lang='lat' dir='ltr'>doctrinae</span> <span class='ocrx_word' id='word_1_577' title='bbox 1486 4658 1588 4727; x_wconf 89' lang='lat' dir='ltr'>causa</span> <span class='ocrx_word' id='word_1_578' title='bbox 1608 4660 1737 4729; x_wconf 88' lang='lat' dir='ltr'>multas</span> <span class='ocrx_word' id='word_1_579' title='bbox 1761 4661 1922 4748; x_wconf 79' lang='lat' dir='ltr'>regiones</span> <span class='ocrx_word' id='word_1_580' title='bbox 1945 4668 2128 4754; x_wconf 88' lang='lat' dir='ltr'>adierunt,</span> <span class='ocrx_word' id='word_1_581' title='bbox 2150 4686 2185 4742; x_wconf 91' lang='lat' dir='ltr'>et</span> 
     </span>
     <span class='ocr_line' id='line_1_44' title="bbox 162 4754 2185 4853; baseline -0.006 -17"><span class='ocrx_word' id='word_1_582' title='bbox 162 4763 374 4836; x_wconf 88' lang='lat' dir='ltr'>testimoniis</span> <span class='ocrx_word' id='word_1_583' title='bbox 390 4760 545 4830; x_wconf 84' lang='lat' dir='ltr'>tradidit.</span> <span class='ocrx_word' id='word_1_584' title='bbox 595 4754 692 4826; x_wconf 88' lang='lat' dir='ltr'>Haec</span> <span class='ocrx_word' id='word_1_585' title='bbox 708 4782 787 4828; x_wconf 91' lang='lat' dir='ltr'>cum</span> <span class='ocrx_word' id='word_1_586' title='bbox 804 4783 905 4851; x_wconf 87' lang='lat' dir='ltr'>saepe</span> <span class='ocrx_word' id='word_1_587' title='bbox 921 4761 1074 4850; x_wconf 79' lang='lat' dir='ltr'>vigilans</span> <span class='ocrx_word' id='word_1_588' title='bbox 1089 4787 1148 4831; x_wconf 90' lang='lat' dir='ltr'>co·</span> <span class='ocrx_word' id='word_1_589' title='bbox 1198 4761 1330 4834; x_wconf 87' lang='lat' dir='ltr'>multae</span> <span class='ocrx_word' id='word_1_590' title='bbox 1354 4775 1437 4830; x_wconf 90' lang='lat' dir='ltr'>sunt</span> <span class='ocrx_word' id='word_1_591' title='bbox 1459 4760 1497 4829; x_wconf 93' lang='lat' dir='ltr'>in</span> <span class='ocrx_word' id='word_1_592' title='bbox 1521 4770 1561 4827; x_wconf 86' lang='lat' dir='ltr'>ea</span> <span class='ocrx_word' id='word_1_593' title='bbox 1577 4783 1616 4827; x_wconf 87' lang='lat' dir='ltr'>re</span> <span class='ocrx_word' id='word_1_594' title='bbox 1630 4760 1793 4830; x_wconf 86' lang='lat' dir='ltr'>virtutes:</span> <span class='ocrx_word' id='word_1_595' title='bbox 1820 4763 1879 4830; x_wconf 87' lang='lat' dir='ltr'>sed</span> <span class='ocrx_word' id='word_1_596' title='bbox 1899 4755 2055 4853; x_wconf 63' lang='lat' dir='ltr'>profacto</span> <span class='ocrx_word' id='word_1_597' title='bbox 2071 4773 2185 4841; x_wconf 59' lang='lat' dir='ltr'>masor</span> 
     </span>
     <span class='ocr_line' id='line_1_45' title="bbox 162 4859 2185 4957; baseline -0.002 -23"><span class='ocrx_word' id='word_1_598' title='bbox 162 4866 289 4955; x_wconf 89' lang='lat' dir='ltr'>gitaret</span> <span class='ocrx_word' id='word_1_599' title='bbox 309 4862 571 4954; x_wconf 89' lang='lat' dir='ltr'>Hieronymus,</span> <span class='ocrx_word' id='word_1_600' title='bbox 604 4859 725 4926; x_wconf 89' lang='lat' dir='ltr'>cadem</span> <span class='ocrx_word' id='word_1_601' title='bbox 750 4860 941 4929; x_wconf 89' lang='lat' dir='ltr'>somniasse</span> <span class='ocrx_word' id='word_1_602' title='bbox 961 4874 1060 4944; x_wconf 87' lang='lat' dir='ltr'>enm,</span> <span class='ocrx_word' id='word_1_603' title='bbox 1084 4887 1149 4931; x_wconf 89' lang='lat' dir='ltr'>ne·</span> <span class='ocrx_word' id='word_1_604' title='bbox 1199 4864 1277 4957; x_wconf 85' lang='lat' dir='ltr'>laus</span> <span class='ocrx_word' id='word_1_605' title='bbox 1297 4866 1365 4943; x_wconf 85' lang='lat' dir='ltr'>est,</span> <span class='ocrx_word' id='word_1_606' title='bbox 1392 4882 1465 4929; x_wconf 93' lang='lat' dir='ltr'>non</span> <span class='ocrx_word' id='word_1_607' title='bbox 1489 4860 1603 4930; x_wconf 90' lang='lat' dir='ltr'>solum</span> <span class='ocrx_word' id='word_1_608' title='bbox 1623 4861 1878 4943; x_wconf 89' lang='lat' dir='ltr'>eruditionem,</span> <span class='ocrx_word' id='word_1_609' title='bbox 1905 4868 2083 4939; x_wconf 81' lang='lat' dir='ltr'>sedetiam</span> <span class='ocrx_word' id='word_1_610' title='bbox 2101 4874 2185 4943; x_wconf 60' lang='lat' dir='ltr'>fidei</span> 
     </span>
     <span class='ocr_line' id='line_1_46' title="bbox 161 4955 2186 5060; baseline -0.002 -22"><span class='ocrx_word' id='word_1_611' title='bbox 161 4989 340 5060; x_wconf 91' lang='lat' dir='ltr'>quaquam</span> <span class='ocrx_word' id='word_1_612' title='bbox 357 4963 558 5032; x_wconf 88' lang='lat' dir='ltr'>mirandum</span> <span class='ocrx_word' id='word_1_613' title='bbox 573 4973 637 5032; x_wconf 89' lang='lat' dir='ltr'>est.</span> <span class='ocrx_word' id='word_1_614' title='bbox 689 4955 742 5035; x_wconf 87' lang='lat' dir='ltr'>Ac</span> <span class='ocrx_word' id='word_1_615' title='bbox 758 4975 878 5030; x_wconf 87' lang='lat' dir='ltr'>narrat</span> <span class='ocrx_word' id='word_1_616' title='bbox 891 4957 957 5032; x_wconf 92' lang='lat' dir='ltr'>hoc</span> <span class='ocrx_word' id='word_1_617' title='bbox 971 4965 1148 5034; x_wconf 89' lang='lat' dir='ltr'>somnium</span> <span class='ocrx_word' id='word_1_618' title='bbox 1199 4959 1502 5032; x_wconf 85' lang='lat' dir='ltr'>confirmationem</span> <span class='ocrx_word' id='word_1_619' title='bbox 1516 4961 1554 5029; x_wconf 92' lang='lat' dir='ltr'>in</span> <span class='ocrx_word' id='word_1_620' title='bbox 1564 4957 1694 5031; x_wconf 90' lang='lat' dir='ltr'>scholis</span> <span class='ocrx_word' id='word_1_621' title='bbox 1708 4963 2017 5055; x_wconf 80' lang='lat' dir='ltr'>excellentissimis,</span> <span class='ocrx_word' id='word_1_622' title='bbox 2030 4986 2070 5043; x_wconf 84' lang='lat' dir='ltr'>ut</span> <span class='ocrx_word' id='word_1_623' title='bbox 2085 4989 2186 5046; x_wconf 73' lang='lat' dir='ltr'>erant</span> 
     </span>
     <span class='ocr_line' id='line_1_47' title="bbox 162 5057 2186 5162; baseline 0.002 -25"><span class='ocrx_word' id='word_1_624' title='bbox 162 5067 256 5160; x_wconf 89' lang='lat' dir='ltr'>ipse,</span> <span class='ocrx_word' id='word_1_625' title='bbox 282 5078 323 5136; x_wconf 91' lang='lat' dir='ltr'>ut</span> <span class='ocrx_word' id='word_1_626' title='bbox 337 5064 416 5134; x_wconf 88' lang='lat' dir='ltr'>aliis</span> <span class='ocrx_word' id='word_1_627' title='bbox 431 5059 592 5133; x_wconf 91' lang='lat' dir='ltr'>hortator</span> <span class='ocrx_word' id='word_1_628' title='bbox 608 5072 716 5144; x_wconf 87' lang='lat' dir='ltr'>esset,</span> <span class='ocrx_word' id='word_1_629' title='bbox 741 5082 787 5129; x_wconf 92' lang='lat' dir='ltr'>ne</span> <span class='ocrx_word' id='word_1_630' title='bbox 803 5062 1019 5150; x_wconf 88' lang='lat' dir='ltr'>negligerent</span> <span class='ocrx_word' id='word_1_631' title='bbox 1035 5067 1149 5134; x_wconf 88' lang='lat' dir='ltr'>coele·</span> <span class='ocrx_word' id='word_1_632' title='bbox 1200 5057 1425 5135; x_wconf 91' lang='lat' dir='ltr'>Antiochena</span> <span class='ocrx_word' id='word_1_633' title='bbox 1449 5075 1483 5132; x_wconf 93' lang='lat' dir='ltr'>et</span> <span class='ocrx_word' id='word_1_634' title='bbox 1507 5059 1769 5148; x_wconf 85' lang='lat' dir='ltr'>Alexandrina,</span> <span class='ocrx_word' id='word_1_635' title='bbox 1803 5078 1837 5135; x_wconf 89' lang='lat' dir='ltr'>et</span> <span class='ocrx_word' id='word_1_636' title='bbox 1857 5070 1950 5156; x_wconf 88' lang='lat' dir='ltr'>apud</span> <span class='ocrx_word' id='word_1_637' title='bbox 1979 5075 2186 5162; x_wconf 85' lang='lat' dir='ltr'>probatissi-</span> 
     </span>
     <span class='ocr_line' id='line_1_48' title="bbox 161 5162 2184 5266; baseline 0.002 -26"><span class='ocrx_word' id='word_1_638' title='bbox 161 5183 250 5241; x_wconf 91' lang='lat' dir='ltr'>stem</span> <span class='ocrx_word' id='word_1_639' title='bbox 267 5167 485 5248; x_wconf 78' lang='lat' dir='ltr'>doctrinam,</span> <span class='ocrx_word' id='word_1_640' title='bbox 510 5163 602 5255; x_wconf 88' lang='lat' dir='ltr'>capti</span> <span class='ocrx_word' id='word_1_641' title='bbox 617 5162 806 5231; x_wconf 91' lang='lat' dir='ltr'>immodica</span> <span class='ocrx_word' id='word_1_642' title='bbox 824 5162 1054 5234; x_wconf 86' lang='lat' dir='ltr'>admiratione</span> <span class='ocrx_word' id='word_1_643' title='bbox 1066 5189 1150 5256; x_wconf 90' lang='lat' dir='ltr'>pro·</span> <span class='ocrx_word' id='word_1_644' title='bbox 1200 5186 1277 5233; x_wconf 90' lang='lat' dir='ltr'>mos</span> <span class='ocrx_word' id='word_1_645' title='bbox 1290 5165 1452 5233; x_wconf 75' lang='lat' dir='ltr'>domares</span> <span class='ocrx_word' id='word_1_646' title='bbox 1470 5186 1649 5257; x_wconf 89' lang='lat' dir='ltr'>quaerere.</span> <span class='ocrx_word' id='word_1_647' title='bbox 1699 5163 1803 5235; x_wconf 91' lang='lat' dir='ltr'>Nunc</span> <span class='ocrx_word' id='word_1_648' title='bbox 1817 5166 1848 5237; x_wconf 91' lang='lat' dir='ltr'>si</span> <span class='ocrx_word' id='word_1_649' title='bbox 1864 5170 1952 5238; x_wconf 88' lang='lat' dir='ltr'>tales</span> <span class='ocrx_word' id='word_1_650' title='bbox 1966 5173 2033 5242; x_wconf 88' lang='lat' dir='ltr'>viri</span> <span class='ocrx_word' id='word_1_651' title='bbox 2048 5177 2184 5266; x_wconf 87' lang='lat' dir='ltr'>uspiam</span> 
     </span>
     <span class='ocr_line' id='line_1_49' title="bbox 162 5259 2185 5361; baseline 0.002 -21"><span class='ocrx_word' id='word_1_652' title='bbox 162 5266 363 5361; x_wconf 91' lang='lat' dir='ltr'>phanorum</span> <span class='ocrx_word' id='word_1_653' title='bbox 389 5267 611 5357; x_wconf 87' lang='lat' dir='ltr'>scriptorum.</span> <span class='ocrx_word' id='word_1_654' title='bbox 665 5260 771 5352; x_wconf 87' lang='lat' dir='ltr'>Quod</span> <span class='ocrx_word' id='word_1_655' title='bbox 795 5276 913 5333; x_wconf 90' lang='lat' dir='ltr'>autem</span> <span class='ocrx_word' id='word_1_656' title='bbox 936 5259 1151 5338; x_wconf 83' lang='lat' dir='ltr'>Theodorus</span> <span class='ocrx_word' id='word_1_657' title='bbox 1202 5276 1337 5352; x_wconf 84' lang='lat' dir='ltr'>essent,</span> <span class='ocrx_word' id='word_1_658' title='bbox 1359 5287 1487 5353; x_wconf 86' lang='lat' dir='ltr'>magna</span> <span class='ocrx_word' id='word_1_659' title='bbox 1502 5265 1657 5355; x_wconf 89' lang='lat' dir='ltr'>profecto</span> <span class='ocrx_word' id='word_1_660' title='bbox 1673 5266 1784 5336; x_wconf 88' lang='lat' dir='ltr'>virtus</span> <span class='ocrx_word' id='word_1_661' title='bbox 1802 5283 1891 5340; x_wconf 89' lang='lat' dir='ltr'>esset</span> <span class='ocrx_word' id='word_1_662' title='bbox 1907 5295 2039 5351; x_wconf 89' lang='lat' dir='ltr'>eorum,</span> <span class='ocrx_word' id='word_1_663' title='bbox 2067 5299 2185 5346; x_wconf 88' lang='lat' dir='ltr'>coram</span> 
     </span>
     <span class='ocr_line' id='line_1_50' title="bbox 164 5360 2187 5458; baseline 0.003 -18"><span class='ocrx_word' id='word_1_664' title='bbox 164 5369 260 5441; x_wconf 86' lang='lat' dir='ltr'>Gaza</span> <span class='ocrx_word' id='word_1_665' title='bbox 283 5371 372 5439; x_wconf 88' lang='lat' dir='ltr'>salse</span> <span class='ocrx_word' id='word_1_666' title='bbox 393 5369 500 5452; x_wconf 80' lang='lat' dir='ltr'>dixit,</span> <span class='ocrx_word' id='word_1_667' title='bbox 532 5366 563 5436; x_wconf 89' lang='lat' dir='ltr'>si</span> <span class='ocrx_word' id='word_1_668' title='bbox 584 5378 767 5456; x_wconf 89' lang='lat' dir='ltr'>pmpterea</span> <span class='ocrx_word' id='word_1_669' title='bbox 788 5367 882 5458; x_wconf 92' lang='lat' dir='ltr'>quod</span> <span class='ocrx_word' id='word_1_670' title='bbox 898 5360 1151 5439; x_wconf 86' lang='lat' dir='ltr'>Ciceronianus</span> <span class='ocrx_word' id='word_1_671' title='bbox 1203 5365 1371 5436; x_wconf 88' lang='lat' dir='ltr'>sciscitari</span> <span class='ocrx_word' id='word_1_672' title='bbox 1385 5366 1588 5451; x_wconf 88' lang='lat' dir='ltr'>sententias,</span> <span class='ocrx_word' id='word_1_673' title='bbox 1612 5381 1646 5436; x_wconf 88' lang='lat' dir='ltr'>et</span> <span class='ocrx_word' id='word_1_674' title='bbox 1660 5367 1758 5437; x_wconf 86' lang='lat' dir='ltr'>vivas</span> <span class='ocrx_word' id='word_1_675' title='bbox 1772 5370 1894 5439; x_wconf 88' lang='lat' dir='ltr'>audire</span> <span class='ocrx_word' id='word_1_676' title='bbox 1912 5386 1946 5442; x_wconf 90' lang='lat' dir='ltr'>et</span> <span class='ocrx_word' id='word_1_677' title='bbox 1963 5375 2108 5443; x_wconf 87' lang='lat' dir='ltr'>reddere</span> <span class='ocrx_word' id='word_1_678' title='bbox 2124 5403 2187 5447; x_wconf 92' lang='lat' dir='ltr'>vo-</span> 
     </span>
     <span class='ocr_line' id='line_1_51' title="bbox 162 5463 2189 5567; baseline -0.001 -25"><span class='ocrx_word' id='word_1_679' title='bbox 162 5484 252 5542; x_wconf 90' lang='lat' dir='ltr'>esset</span> <span class='ocrx_word' id='word_1_680' title='bbox 268 5470 527 5566; x_wconf 90' lang='lat' dir='ltr'>Hieronymus,</span> <span class='ocrx_word' id='word_1_681' title='bbox 553 5467 674 5559; x_wconf 87' lang='lat' dir='ltr'>plagas</span> <span class='ocrx_word' id='word_1_682' title='bbox 685 5465 885 5558; x_wconf 87' lang='lat' dir='ltr'>accepisset,</span> <span class='ocrx_word' id='word_1_683' title='bbox 912 5488 1038 5557; x_wconf 90' lang='lat' dir='ltr'>magna</span> <span class='ocrx_word' id='word_1_684' title='bbox 1054 5471 1151 5541; x_wconf 90' lang='lat' dir='ltr'>iniu·</span> <span class='ocrx_word' id='word_1_685' title='bbox 1205 5491 1272 5542; x_wconf 90' lang='lat' dir='ltr'>ces.</span> <span class='ocrx_word' id='word_1_686' title='bbox 1315 5463 1462 5537; x_wconf 71' lang='lat' dir='ltr'>interea</span> <span class='ocrx_word' id='word_1_687' title='bbox 1490 5483 1523 5539; x_wconf 87' lang='lat' dir='ltr'>et</span> <span class='ocrx_word' id='word_1_688' title='bbox 1547 5467 1631 5558; x_wconf 86' lang='lat' dir='ltr'>legit</span> <span class='ocrx_word' id='word_1_689' title='bbox 1653 5467 1730 5560; x_wconf 86' lang='lat' dir='ltr'>ipse</span> <span class='ocrx_word' id='word_1_690' title='bbox 1753 5469 1960 5567; x_wconf 83' lang='lat' dir='ltr'>praecipuos</span> <span class='ocrx_word' id='word_1_691' title='bbox 1981 5471 2189 5567; x_wconf 61' lang='lat' dir='ltr'>interpretas</span> 
     </span>
    </p>

    <p class='ocr_par' dir='ltr' id='par_1_10' title="bbox 217 5566 2017 5643">
     <span class='ocr_line' id='line_1_52' title="bbox 217 5566 2017 5643; baseline -0.022 0"><span class='ocrx_word' id='word_1_692' title='bbox 217 5570 405 5643; x_wconf 79' lang='lat' dir='ltr'>Mruarrrs.</span> <span class='ocrx_word' id='word_1_693' title='bbox 433 5575 537 5640; x_wconf 80' lang='lat' dir='ltr'>Orsa.</span> <span class='ocrx_word' id='word_1_694' title='bbox 564 5572 648 5636; x_wconf 81' lang='lat' dir='ltr'>Vos..</span> <span class='ocrx_word' id='word_1_695' title='bbox 675 5567 736 5635; x_wconf 87' lang='lat' dir='ltr'>XI.</span> <span class='ocrx_word' id='word_1_696' title='bbox 1603 5566 1655 5638; x_wconf 73' lang='lat'>47</span> <span class='ocrx_word' id='word_1_697' title='bbox 2009 5596 2017 5604; x_wconf 80' lang='lat'>.</span> 
     </span>
    </p>
   </div>
   <div class='ocr_carea' id='block_1_9' title="bbox 0 0 2370 6021">
    <p class='ocr_par' dir='ltr' id='par_1_11' title="bbox 0 0 2370 6021">
     <span class='ocr_line' id='line_1_53' title="bbox 0 0 2370 6021; baseline 0 0"><span class='ocrx_word' id='word_1_698' title='bbox 0 0 2370 6021; x_wconf 95' lang='lat' dir='ltr'> </span> 
     </span>
    </p>
   </div>
  </div>
 </body>
</html>
