4732 6030
206 254 282 332 487
694 242 854 324 DECL.
892 240 971 320 DE
1001 237 1451 322 RESTITUENDIS
1482 238 1751 324 SCHOLIS.
2171 265 2247 343 agg

208 434 285 504 litia
299 455 373 501 non
389 428 549 500 concedit
565 426 666 495 vobis
687 422 823 507 ocium,
848 422 909 492 sed
928 422 1082 514 postulat
1101 446 1198 493 acer·
1250 415 1373 487 divina
1387 439 1454 506 ope
1468 415 1668 486 crudelitati
1684 417 1866 489 cuiusdam
1886 425 2080 500 meusimi
2099 441 2244 527 tyranni

207 538 341 607 rimum
361 534 517 602 studium
539 525 799 617 cognoscendae
823 522 982 594 coelestis
1006 525 1197 610 doctrinae,
1250 531 1428 609 ereptum,
1453 516 1514 610 qui
1539 541 1615 602 me,
1639 542 1718 587 cum
1736 524 1909 614 quaedam
1929 543 2042 601 errata
2058 536 2244 612 doctrinae

208 638 345 728 flagitat
367 634 522 703 animum
548 653 624 698 non
656 628 819 719 mollem,
850 648 924 695 non
945 626 1196 697 detrectantem
1248 615 1512 690 Ecclesiasticae
1543 619 1730 690 manifesta
1756 635 1945 713 tamarem,
1977 631 2047 702 iam
2080 638 2242 712 vinctum

209 736 411 811 certamina.
470 729 566 801 Haec
590 745 631 802 ut
652 752 753 820 saepe
782 728 1004 823 multumque
1029 728 1197 818 cogitetis,
1249 722 1467 800 adservabat,
1493 721 1792 792 etdiramnecem
1807 720 1896 795 mihi
1911 729 2126 811 minabatur.
2160 738 2242 813 Etsi

209 864 272 910 vos
292 837 397 905 etiam
421 848 526 924 atque
550 833 655 902 etiam
676 825 866 912 adhortor,
895 844 934 900 ut
958 831 1113 900 officium
1135 855 1198 899 ve·
1249 835 1366 892 autem
1382 836 1501 914 postea
1516 822 1637 892 multis
1652 825 1818 915 periculis
1834 830 2057 905 conflictatus
2072 862 2160 925 sum,
2186 858 2240 913 ta-

209 955 320 1011 etrum
347 948 439 1005 recte
462 934 685 1023 intelligatis,
721 946 755 1003 et
779 930 974 1021 agnoscatis
996 932 1097 1002 vobis
1121 955 1196 1002 non
1250 947 1331 993 meu
1352 946 1407 992 res
1428 924 1503 1014 ipsa
1525 926 1698 1009 ostendit,
1729 922 1846 996 Deum
1872 954 1954 1002 vere
1974 931 2065 1006 mihi
2088 944 2241 1014 adfuisse

209 1042 286 1111 leve
303 1060 434 1107 munus
455 1035 565 1107 aDeo
586 1035 793 1104 mandatum
810 1055 902 1112 esse,
928 1056 1061 1127 vosque
1084 1033 1121 1101 in
1138 1057 1197 1102 ex·
1249 1024 1374 1095 ducem
1405 1025 1442 1092 in
1469 1023 1542 1092 illie
1571 1024 1686 1115 longis
1713 1029 2081 1125 peregrinationibus,
2113 1067 2243 1137 meqara

208 1157 322 1216 tremo
355 1139 487 1208 iudicio
521 1135 760 1229 spectantibus
792 1134 959 1204 omnibus
990 1129 1197 1204 hominibus
1249 1125 1439 1196 clementer
1461 1147 1632 1211 servasse,
1655 1140 1696 1197 ut
1718 1149 1842 1219 spero,
1868 1135 1913 1204 ad
1936 1136 2092 1232 aliquam
2116 1141 2242 1215 Eccle.

209 1257 315 1337 atque
325 1237 481 1331 Angelis,
503 1239 677 1309 rationem
691 1235 929 1306 administrati
944 1237 1197 1305 munerisred-
1248 1226 1318 1297 siae
1342 1226 1542 1300 utilitatem.

209 1345 346 1418 dituros
364 1362 456 1412 esse:
482 1340 545 1410 ubi
562 1339 666 1409 etiam
681 1333 739 1407 bic·
753 1349 872 1406 noster
885 1337 976 1406 latro
992 1336 1086 1407 inter
1101 1336 1198 1407 iudi·
1352 1325 1512 1397 Primum
1535 1351 1576 1397 ex
1590 1327 1702 1419 patria
1720 1329 1924 1416 discedens,
1950 1340 2033 1407 veni
2048 1342 2086 1410 in
2103 1339 2240 1417 Acade·

209 1470 266 1517 ces
279 1443 460 1526 assidebit,
487 1455 520 1510 et
537 1456 699 1510 strenuos
713 1439 843 1507 milites
858 1432 1001 1507 Christo
1019 1462 1195 1508 commen·
1248 1428 1357 1497 miam
1374 1427 1594 1508 Samnitem,
1621 1444 1849 1523 1011119011,
1874 1460 1945 1529 quo
1961 1463 2085 1513 omnes
2099 1447 2240 1518 articuli

209 1547 329 1629 dabit,
356 1546 400 1613 de
416 1543 552 1632 ignavis
567 1566 606 1611 ac
622 1540 858 1610 desertoribus
876 1539 1089 1629 supplicium
1104 1540 1197 1610 sumi
1249 1529 1430 1600 doctrinae
1456 1529 1724 1618 diligentissime
1748 1533 2039 1626 disputabantur,
2070 1545 2134 1614 ubi
2153 1572 2239 1617 con·

208 1661 316 1742 petet.
359 1643 478 1733 Quare
494 1666 590 1712 nunc
606 1642 685 1711 date
699 1664 841 1731 operam
856 1640 1111 1725 adolescentes,
1136 1641 1198 1734 qui
1249 1631 1435 1700 suetudine
1447 1629 1668 1701 erudfwfflm
1681 1634 1861 1720 excitam.
1876 1639 1989 1710 mutto
2005 1645 2138 1715 maiore
2153 1672 2238 1718 cura

211 1746 320 1821 huius
347 1743 514 1835 Signiferi
548 1759 690 1838 tyrones
723 1742 823 1824 estis,
858 1753 899 1810 ut
923 1764 986 1810 vos
1012 1743 1199 1832 diligenter
1250 1732 1409 1800 conferre
1425 1732 1587 1821 dogmata
1611 1733 1722 1821 coepi.
1774 1734 1898 1807 Postea
1914 1737 2136 1815 Britanniam
2151 1750 2236 1833 adii,

210 1847 399 1922 exerceatis
423 1869 462 1914 ac
492 1843 708 1935 praeparetis
731 1843 775 1911 ad
804 1865 886 1910 vera
914 1844 1124 1924 certamina,
1160 1844 1197 1911 in
1249 1832 1314 1902 ubi
1336 1845 1370 1902 et
1392 1833 1496 1901 docui
1520 1833 1730 1925 aliquandiu
1754 1835 1793 1904 in
1814 1837 2022 1926 Academia,
2051 1859 2087 1917 et
2111 1871 2235 1919 rursus

209 1977 281 2046 quo
304 1938 451 2039 gloriam
467 1940 601 2016 Christi
625 1944 805 2036 aliquanto
830 1955 909 2034 post
929 1942 1120 2017 defendere
1136 1966 1198 2012 vos
1249 1956 1328 2003 cum
1343 1932 1387 2001 iis
1401 1933 1462 2026 qui
1478 1934 1653 2005 excellunt
1665 1936 1877 2024 eruditione,
1902 1941 1945 2010 dc
1962 1942 2236 2018 doctrinaChri·

210 2051 398 2146 oportebit.
449 2044 556 2116 Hune
577 2040 749 2115 honorem
765 2041 861 2114 Deus
880 2044 1034 2133 flagitat,
1059 2058 1100 2116 ut
1120 2042 1198 2116 heri
1248 2033 1855 2111 11ἰ1111110111111111111111111111111111.
1906 2039 2041 2137 Estque
2057 2064 2237 2139 perspecta

209 2155 249 2233 in
267 2148 447 2224 versiculis
462 2147 670 2238 significavi:
750 2162 752 2166 “
1249 2157 1325 2203 mea
1340 2158 1439 2205 mens
1455 2136 1491 2203 in
1508 2158 1547 2204 ea
1562 2136 1677 2206 insula
1695 2141 1954 2228 praestantibus
1969 2145 2065 2231 viris,
2090 2145 2239 2241 Episco-
2353 2148 2360 2164 ²

312 2258 391 2323 Vult
411 2257 573 2319 adsertores
593 2255 718 2317 laudum
730 2275 786 2316 nos
801 2276 864 2316 asse
878 2275 1010 2333 suarum,
1248 2260 1294 2327 P⁰
1312 2233 1577 2317 (intumentia
1600 2235 1780 2310 humero
1796 2255 1831 2312 et
1844 2243 1935 2313 aliia·
1985 2244 2147 2342 Cumque
2167 2253 2239 2321 iam

313 2357 316 2363 ’
361 2356 458 2443 quue
474 2362 567 2440 magis
581 2362 696 2441 poscit,
725 2378 814 2439 quam
828 2377 907 2419 nora
924 2356 1013 2418 thura
1026 2352 1122 2419 Deus,
1249 2336 1404 2407 defessus
1434 2350 1486 2410 tot
1511 2338 1874 2430 peregrinationibus,
1904 2347 2005 2439 quasi
2028 2349 2069 2418 itt
2094 2366 2237 2442 portum

653 2448 749 2524 Dixi,
809 2500 814 2510 .
1248 2438 1443 2524 venissem,
1462 2463 1674 2532 manereque
1689 2441 1741 2511 ibi
1756 2443 1997 2534 decrevissem,
2022 2474 2099 2521 ecce
2114 2476 2237 2524 rursus

1248 2541 1428 2631 prodeunt
1467 2541 1684 2611 atrocissima
1725 2544 1837 2616 edicta
1877 2562 2000 2619 contra
2037 2552 2236 2623 doctrinam

1248 2637 1446 2730 Evangelii.
1488 2640 1610 2733 ltaque
1628 2666 1708 2711 curn
1724 2658 1786 2715 aut
1798 2646 1983 2718 subeunda
2000 2668 2089 2724 esset
2105 2654 2236 2745 impio-

228 2799 260 2870 N
310 2797 360 2869 62
1033 2820 1069 2859 m
1101 2799 1186 2863 1540
1249 2765 1328 2811 rum
1344 2741 1553 2827 erudelitas,
1576 2756 1639 2813 aut
1656 2744 1870 2827 cedendum,
1896 2764 2034 2821 secutus
2050 2776 2129 2820 sum
2147 2779 2234 2822 con-

215 2824 388 2924 λη’,
1028 2841 1198 2914 »ἐν-3
1249 2843 1368 2912 silium
1391 2843 1585 2914 multorum
1606 2844 1784 2916 bonorum
1806 2847 1980 2934 virorum,
2006 2853 2067 2944 qui
2091 2867 2123 2923 et
2142 2850 2233 2923 mihi

1248 2958 1283 3015 et
1297 2943 1375 3013 aliis
1388 2945 1468 3035 piis,
1491 2945 1554 3038 qui
1569 2945 1684 3036 palam
1701 2947 1956 3021 dissentiebant
1967 2954 2010 3022 ab
2025 2953 2096 3022 illis
2111 2955 2233 3024 decre·

267 3051 295 3106 s
408 2999 484 3082 De
513 2994 808 3083 ''eminendi“
829 2997 1002 3081 'whom‘
1249 3047 1292 3116 tis
1305 3046 1640 3138 sanguinescriptis,
1665 3042 1866 3120 hortatores
1881 3067 1998 3137 erant,
2023 3067 2063 3124 ut
2078 3054 2233 3126 discede-

278 3172 721 3293 npudenttdppetesqq..
744 3171 1019 3228 transsumam.
1035 3173 1153 3244 pan„
1169 3176 1196 3230 in
1246 3169 1375 3217 manus.
1426 3144 1533 3218 Redii
1550 3147 1658 3235 igitur
1676 3148 1715 3216 in
1731 3146 1963 3223 Germaniam
1981 3151 2235 3226 adeasEccle·

311 3243 434 3299 Serrest.
448 3241 482 3298 Τ.

208 3395 1197 3591 attolataattaaastatuas
1246 3344 2237 3542 atalantalazanaaansaaa

336 3600 665 3698 francofordiam
686 3601 737 3674 aa
752 3601 922 3676 aarum.
958 3603 1071 3679 rasa.
1246 3574 1347 3723 {3233
1368 3546 1720 3724 ‘gussnhffiffl
1736 3556 2234 3747 ffl'dj‘ffigstgfffss‘

208 3745 265 3832 Ut
288 3755 421 3826 Paulus
435 3752 568 3846 inquit:
603 3748 750 3820 Incertis
773 3773 940 3841 vagamur
961 3754 1122 3834 sedibus,
1149 3754 1196 3824 ita
1245 3753 1384 3826 Deinde
1399 3749 1489 3823 mihi
1508 3752 1771 3826 illustrissimus
1784 3754 1953 3852 Princeps
1967 3755 2128 3831 Marchio
2146 3756 2231 3831 Ele·

198 3855 364 3932 chclesia
381 3878 464 3925 vera
477 3849 612 3923 Christi
639 3851 756 3922 exulat
780 3852 817 3921 in
841 3849 1086 3938 boemundo,
1111 3878 1198 3925 nus
1247 3868 1324 3926 ctor
1341 3854 1461 3925 locum
1486 3856 1523 3924 in
1539 3851 1730 3928 Academia
1746 3871 1861 3930 vestra
1883 3861 2072 3932 clementer
2092 3863 2230 3944 tribuit,

209 3984 316 4056 quam
334 3971 464 4029 certam
480 3979 520 4025 ae
536 3953 735 4025 durabilem
751 3956 869 4024 sedem
885 3950 1009 4026 habet:
1034 3957 1198 4029 diabolus
1246 3981 1286 4027 ac
1300 3979 1432 4027 munus
1446 3959 1709 4029 commendavit
1727 3960 1852 4051 reipsa
1875 3962 2153 4054 amplissimum,
2177 3964 2233 4034 vi·

208 4061 307 4135 enim
321 4059 406 4130 odio
427 4057 490 4125 filii
507 4056 574 4126 Dei
591 4055 749 4126 incendit
767 4056 901 4150 ubique
917 4058 1046 4148 impios
1061 4060 1103 4128 ad
1121 4083 1196 4129 eam
1246 4059 1392 4143 delicet,
1441 4059 1623 4129 doetrinae
1657 4056 1921 4133 Ecclesiastiese
1952 4065 2234 4154 explicationem.

113 4166 116 4173 “
205 4162 410 4259 pellendam
427 4172 461 4229 et
477 4157 730 4248 dissipandam.
782 4154 835 4226 lta
858 4181 1013 4228 summos
1034 4160 1114 4229 illos
1134 4155 1197 4230 he-
1245 4158 1342 4229 Haec
1363 4183 1406 4228 eo
1428 4162 1723 4243 commemoravi,
1749 4175 1790 4233 ut
1811 4163 1901 4234 sicut
1924 4165 2097 4256 meipsum
2128 4167 2235 4238 series

208 4288 310 4349 roas,
337 4254 539 4343 Abraham,
571 4255 695 4337 lacob,
727 4255 898 4352 Moysen,
929 4253 1047 4328 hostes
1065 4261 1197 4348 fugere,
1247 4283 1405 4355 mearum
1419 4285 1669 4333 aerumnarum
1683 4276 1717 4333 et
1735 4264 1846 4334 exitus
1861 4280 2023 4351 movent,
2045 4280 2087 4338 ut
2100 4268 2234 4337 divini-

209 4387 378 4463 quaerere
392 4362 461 4432 alia
478 4355 630 4452 hospitia
642 4358 768 4446 legitis.
819 4355 991 4429 Davidem
1009 4372 1042 4427 et
1056 4357 1196 4430 Heliam
1245 4376 1302 4433 tus
1315 4385 1371 4432 me
1387 4376 1564 4437 servatum
1578 4387 1651 4435 esse
1667 4367 1712 4434 ad
1727 4364 1882 4457 aliquam
1895 4362 2075 4438 Ecclesiae
2094 4369 2235 4440 utilita-

209 4469 270 4539 vix
286 4477 440 4537 remotae
462 4459 690 4543 solitudines,
713 4472 748 4529 et
760 4480 882 4550 specus
896 4461 935 4529 in
957 4461 1049 4530 saxis
1069 4463 1197 4533 adver-
1245 4477 1315 4534 tem
1334 4464 1549 4550 existimem,
1574 4466 1623 4537 ita
1639 4481 1674 4536 et
1688 4488 1751 4534 vos
1764 4466 1855 4536 bene
1869 4481 1904 4537 et
1924 4484 2085 4540 amanter
2102 4472 2147 4540 de
2165 4466 2233 4542 ho·

211 4593 271 4643 sus
291 4582 461 4662 tyrannos
477 4576 650 4634 texerunt.
703 4562 866 4653 Apostoli
888 4575 963 4633 toto
980 4563 1067 4633 orbe
1087 4577 1196 4634 terra-
1245 4565 1335 4657 spite
1355 4566 1530 4651 sentiatis,
1561 4589 1703 4637 neema
1731 4580 1876 4659 propter
1898 4568 2042 4640 exilium
2066 4593 2238 4664 asperne-

208 4690 289 4744 mm
312 4680 493 4758 vagantur.
546 4661 624 4758 lpse
644 4664 748 4735 etiam
773 4662 888 4735 Filius
901 4662 969 4735 Dei
992 4665 1137 4734 veniens
1158 4666 1197 4734 in
1245 4665 1347 4736 mini.
1397 4663 1582 4738 Laudatur
1604 4679 1705 4737 vetus
1726 4664 1921 4739 Germania
1942 4686 2090 4764 propter
2110 4673 2234 4763 singu·

210 4769 495 4845 huncmundum
514 4792 556 4836 ex
570 4766 713 4838 coelesti
734 4767 864 4856 patria,
889 4768 1029 4838 exulare
1052 4790 1089 4837 se
1108 4767 1197 4839 fate-
1245 4769 1354 4838 larem
1392 4769 1497 4838 fidem
1528 4781 1563 4837 et
1595 4763 1869 4857 humanitatem,
1909 4796 1979 4865 qua
2013 4775 2172 4866 excipere
2195 4789 2232 4846 et

210 4888 287 4958 tur,
312 4896 392 4942 cum
410 4871 474 4942 ait:
501 4867 616 4943 Filius
640 4865 798 4939 hominis
818 4863 1031 4954 nonhabet,
1057 4869 1197 4940 ubita-
1244 4885 1358 4960 tegere
1381 4865 1536 4960 hospites
1556 4871 1659 4941 solita
1684 4885 1746 4943 est.
1795 4869 1844 4942 Et
1858 4895 1922 4942 vos
1944 4876 2100 4946 arbitror
2116 4870 2235 4947 adhuc

208 4988 275 5073 put
295 4974 452 5046 reclinet
504 4972 626 5064 Quare
646 4971 783 5043 etiamsi
803 4971 848 5040 de
861 4969 1024 5041 exulibus
1044 4972 1197 5059 graviter
1244 4971 1395 5044 retinere
1412 4971 1608 5062 plurimum
1623 4974 1758 5066 priscae
1773 4987 1807 5044 et
1822 4975 1989 5067 antiquae
2006 4977 2164 5064 virtutis,
2189 4980 2233 5048 ad

210 5078 380 5171 suspicari
397 5072 560 5148 homines
578 5073 704 5154 solent,
728 5086 849 5144 tamen
863 5067 1083 5144 Christianos
1098 5097 1197 5143 com-
1244 5094 1351 5169 qnam
1367 5074 1530 5144 accedere
1545 5075 1651 5145 etiam
1668 5075 1779 5167 pietas
1791 5076 1908 5147 debet.
2142 5141 2145 5145 ,

209 5205 354 5253 munem
382 5176 561 5252 Ecclesiae
591 5177 771 5246 fortunam
798 5175 951 5266 cogitare
981 5173 1098 5258 decet,
1130 5198 1200 5257 nec
1341 5173 1535 5267 'Praecipue
1549 5191 1668 5248 autem
1688 5172 1759 5246 hoe
1778 5177 1934 5248 officium
1950 5173 2115 5251 Christus
2129 5180 2232 5267 flagi·

209 5285 354 5356 erilium
375 5284 469 5352 inter
488 5277 618 5374 probra
637 5278 782 5356 ducere,
808 5276 838 5346 si
852 5297 954 5347 causa
968 5274 1015 5347 sit
1037 5269 1195 5350 honesta.
1242 5289 1311 5360 tat,
1337 5289 1376 5346 nt
1392 5300 1451 5346 eos
1465 5279 1528 5372 qui
1544 5292 1718 5369 vagantur
1732 5279 1788 5347 vel
1804 5279 1973 5365 docendi,
1999 5281 2055 5350 vel
2070 5281 2231 5350 discendi

210 5383 341 5459 Fateor
360 5407 418 5454 me
439 5381 509 5451 iam
530 5400 642 5451 annos
664 5391 742 5449 octo
765 5377 885 5448 abesse
905 5401 926 5450 a
947 5376 1081 5472 patria,
1113 5402 1194 5450 vere
1240 5373 1427 5469 Evangelii
1450 5403 1571 5467 causa,
1603 5378 1731 5451 caeteri
1760 5395 1922 5453 amanter
1941 5383 2232 5476 complectantur,

509 3241 625 3311 ·e·⁴⁵9·
642 3252 668 3293 ⁸²
684 3239 947 3311 antennarum.
968 3242 1061 3314 e·⁶⁷¹·
1248 3247 1336 3331 sias,
1364 3271 1443 3317 rum
1460 3248 1590 3341 quibus
1606 3250 1737 3320 sentire
1752 3274 1810 3320 me
1821 3254 2007 3342 profiteor,
2031 3281 2123 3348 quae
2144 3257 2236 3328 mihi
2354 3252 2357 3257 ⁴
