4732 6030
173 347 249 420 919

181 543 299 588 rerum
327 519 423 586 Deus
445 513 578 582 sem'iua
606 514 645 581 in
666 528 802 583 mentes
817 509 991 582 humanas
1015 514 1172 583 transfu-

182 622 252 702 dit,
277 642 356 687 cum
373 639 438 684 nos
453 617 496 684 ad
513 615 701 703 imaginem
719 639 819 684 stram
834 604 1011 684 coitderet.
1064 614 1113 685 Et
1128 616 1171 684 ad

180 744 339 790 normam
358 743 440 789 suae
460 718 587 786 inentis
611 740 804 805 congruere
821 721 894 787 vult
913 713 1101 787 hominum
1119 717 1174 784 vi-

179 838 249 892 tam
268 836 301 890 et
317 843 441 889 mores.
477 817 573 887 Voce
590 820 695 886 ctiam
710 843 771 887 sua
796 814 887 887 banc
902 821 1014 910 ipsam
1034 819 1174 910 sapien-

180 925 266 992 tiam
285 937 319 992 et
335 924 509 991 virtutum
525 920 722 990 doctrinam
740 922 913 1011 patefecit.

279 1086 357 1158 Hae
372 1086 518 1157 notitiae
536 1084 711 1155 divinitus
729 1085 876 1155 traditae
893 1111 973 1156 cum
991 1086 1068 1153 luce
1083 1105 1173 1177 quae

180 1192 366 1263 nobiscum
390 1189 565 1271 nascitur,
598 1200 672 1256 tum
699 1210 782 1255 vero
805 1187 910 1255 etiam
934 1212 1018 1256 voce
1039 1186 1173 1267 diviua,

183 1307 268 1363 sunt
290 1292 392 1361 initia
413 1292 530 1378 legum
554 1301 588 1358 ct
605 1287 743 1356 ordinis
767 1288 919 1377 politici,
944 1290 1001 1358 cni
1019 1289 1096 1359 vult
1109 1311 1175 1357 nos

183 1393 296 1479 Deus,
327 1417 401 1462 non
424 1392 541 1461 solum
565 1389 780 1458 necessitatis
799 1404 937 1459 nostrae
961 1413 1063 1458 causa
1082 1391 1174 1458 obe-

182 1499 270 1579 dire,
296 1497 356 1564 sed
374 1495 484 1563 multo
499 1492 621 1580 magis,
646 1504 686 1559 ut
701 1514 928 1580 agnoscamus
943 1493 1175 1575 conditorem,

182 1613 215 1668 et
232 1597 269 1665 iu
288 1596 355 1665 hoc
371 1597 447 1685 ipso
463 1593 590 1662 ordine
606 1591 802 1677 discamus,
828 1617 902 1660 non
921 1617 1003 1662 casu
1020 1591 1173 1662 extitisse

182 1695 274 1769 banc
287 1711 449 1766 naturam
467 1716 597 1777 rerum,
623 1695 683 1762 sed
700 1693 860 1787 opificem
880 1717 953 1763 esse
969 1695 1174 1783 sapientem,

181 1801 334 1883 iustum,
360 1796 569 1879 beneficum,
598 1818 772 1878 veracem,
806 1807 958 1879 castum,
984 1809 1018 1865 et
1041 1795 1174 1863 similes

181 1903 328 1971 virtutes
345 1899 383 1966 in
401 1898 503 1966 nobis
520 1895 752 1985 flagitantem,
779 1909 813 1966 et
827 1896 1004 1967 vindicem
1019 1898 1173 1989 punien-

180 2016 250 2072 tem
265 1997 372 2071 huius
386 1999 524 2069 ordinis
540 1998 783 2070 violationem.

281 2166 331 2240 Ut
354 2166 464 2255 igitur
488 2165 588 2235 vides
616 2160 708 2233 hanc
741 2162 1016 2255 pulcherrimam
1046 2165 1172 2235 mundi

179 2275 346 2363 figuram,
375 2266 464 2337 cocli
487 2279 521 2335 ct
546 2267 799 2337 elementorum
827 2268 1000 2358 positum,
1034 2266 1119 2335 solis
1139 2281 1173 2337 et

181 2374 364 2445 stellarum
380 2381 515 2453 motus,
539 2380 738 2458 temporum
756 2369 865 2453 vices,
892 2368 1021 2439 deinde
1042 2367 1171 2458 inipso

180 2470 327 2545 homine
344 2483 519 2554 mentem,
545 2493 713 2539 numeros
741 2482 774 2538 et
797 2470 884 2539 alias
909 2469 1172 2539 notitiasmira-

179 2574 247 2648 bili
262 2587 336 2644 arte
353 2570 526 2642 divinitus
545 2571 729 2640 ordinatos
741 2593 834 2655 esse,
859 2585 894 2640 ct
909 2570 1029 2639 divina
1046 2585 1172 2661 poten-

179 2681 228 2752 tia
257 2672 476 2746 conservari:
511 2673 561 2742 sie
584 2685 720 2742 certum
745 2685 796 2742 est
821 2688 840 2740 a
864 2671 940 2743 Deo
970 2672 1170 2741 societatem

179 2776 367 2849 hominum
402 2787 436 2843 et
468 2772 610 2844 vincula
644 2773 837 2857 societatis,
868 2773 1035 2866 imperia,
1068 2775 1171 2864 leges,

179 2880 378 2952 doctrinam
394 2877 580 2959 virtutum,
607 2874 773 2959 iustitiae,
798 2876 1057 2959 beneticentiae,
1078 2875 1179 2945 veri-.

178 2983 281 3066 tatis,
306 2978 498 3063 castitatis,
522 2976 917 3062 contractus,'iudicia,
943 3000 1073 3068 poenas
1094 2978 1169 3047 sin-

179 3083 294 3173 gulari
310 3105 416 3172 opere
436 3079 616 3150 ordinatas
630 3101 721 3164 esse,
747 3092 780 3150 ct
803 3080 969 3149 excitatos
983 3080 1030 3149 ab
1045 3103 1086 3148 eo
1102 3103 1168 3169 gu·

178 3186 397 3263 bernatores‚
422 3181 539 3266 legum
554 3192 688 3248 tutores
703 3204 743 3250 ac
759 3181 982 3271 interpretes,
1004 3181 1067 3274 qui
1083 3182 1169 3251 snb·

178 3286 264 3355 inde
278 3277 344 3351 bos
365 3303 494 3349 nervos
516 3280 692 3349 societatis
718 3293 753 3348 et
780 3282 978 3352 doctrinam
995 3284 1168 3354 virtutum

155 3440 165 3453 .
177 3387 413 3459 restituerent.

269 3550 317 3623 Et
332 3573 537 3646 quanquam
553 3544 650 3617 hunc
664 3547 825 3617 ordinem
844 3549 981 3618 furores
998 3549 1167 3620 diabolici

588 347 749 420 DECL.
801 345 875 422 DE
909 346 1116 423 LEGUM
1152 346 1450 423 FONTlBUS
1484 345 1560 422 ET
1594 349 1810 427 causta.

2144 360 2226 434 920

1223 511 1425 582 testimonia
1440 512 1617 585 affirmant
1631 512 1736 586 aDeo
1754 516 1914 589 instituta
1929 542 2014 603 esse,
2037 533 2073 590 et
2085 526 2223 598 sancita

1223 627 1257 683 et
1273 613 1404 682 servari
1419 614 1589 705 imperia,
1614 631 1654 687 ut
1669 618 1839 708 scriptum
1857 636 1922 689 est:
1949 619 2129 694 Iudicium
2146 627 2222 701 Do·

1223 716 1312 783 mini
1329 716 1506 786 exercetis.
1556 714 1603 787 Et
1627 723 1721 809 apud
1736 717 1939 789 Danielem:
1966 721 2065 794 Deus
2086 733 2221 802 consti-

1223 821 1290 887 tuit
1308 832 1342 886 et
1358 818 1525 887 transfert
1541 842 1659 908 regna.
1709 817 1756 890 Et
1781 822 1819 888 in
1835 821 2043 894 Salomone:
2073 827 2221 905 Pondus

1222 931 1257 986 et
1279 930 1405 987 statera
1430 919 1560 988 iudicia
1584 918 1732 989 Domini
1756 937 1849 996 suut.
1901 924 1957 995 sir
1980 928 2092 1017 igitur
2114 934 2219 1007 inlisa

1224 1019 1427 1110 pectoribus
1444 1015 1529 1088 haec
1544 1023 1737 1102 sententia,
1765 1043 1798 1094 et
1814 1027 1913 1096 firma
1938 1052 1977 1098 ac
2000 1030 2146 1106 immota
2161 1063 2219 1108 as-

1223 1122 1386 1190 sensione
1401 1123 1611 1208 retineatur,
1633 1125 1727 1214 leges
1744 1140 1778 1196 et
1792 1140 1904 1197 totum
1917 1131 2104 1220 politicum
2117 1142 2218 1210 ordi-

1223 1246 1304 1290 nem
1327 1224 1534 1314 sapientiam
1557 1222 1624 1294 Dei
1648 1249 1740 1311 esse,
1773 1230 1878 1299 nobis
1904 1248 2158 1327 monstratam,
2181 1257 2217 1313 et

1223 1347 1276 1392 res
1299 1325 1410 1393 bonas
1426 1346 1517 1409 esse,
1546 1350 1587 1395 ac
1607 1327 1796 1414 beneficia,
1822 1332 1861 1399 in
1877 1334 2009 1425 quibus
2024 1335 2125 1412 Deus
2142 1346 2215 1415 vult

1221 1427 1384 1515 agnosci,
1416 1448 1452 1494 se
1483 1451 1626 1521 quoque
1654 1431 1786 1500 iustum
1814 1447 1848 1503 et
1874 1460 2032 1506 veracem
2056 1466 2151 1530 esse,
2183 1461 2216 1516 et

1221 1550 1339 1598 amare
1362 1527 1553 1613 iustitiam,
1586 1542 1621 1599 et
1645 1526 1865 1603 horribiliter
1884 1537 1983 1608 irasci
2004 1542 2215 1620 iniustitiae.

1222 1627 1274 1697 Ac
1297 1640 1370 1697 toto
1395 1642 1533 1718 pectore
1556 1635 1740 1703 execrandi
1771 1650 1855 1706 suut
1883 1639 2019 1712 furores
2046 1648 2216 1720 diabolici

1222 1725 1408 1798 homiuum
1432 1730 1686 1820 fanaticorum,
1710 1737 1772 1830 qui
1794 1739 1885 1828 leges
1899 1756 1932 1812 et
1952 1767 2082 1817 nervos
2098 1752 2217 1822 civilis

1223 1831 1334 1914 vitae,
1370 1845 1499 1920 negant
1521 1856 1594 1914 esse
1615 1832 1682 1907 Dei
1704 1863 1811 1929 opera
1835 1854 1870 1911 et
1891 1845 2055 1918 beneficia
2074 1852 2215 1927 divina.

1223 1932 1294 2001 Nec
1310 1932 1456 2002 instituo
1471 1935 1541 2004 iam
1558 1936 1805 2009 refutationem
1823 1945 2093 2033 calumniarum,
2118 1979 2215 2048 quae

1221 2034 1326 2103 nobis
1357 2051 1609 2125 opponuntur,
1640 2053 1674 2111 et
1696 2044 1777 2134 quia
1808 2046 1950 2136 longior
1975 2049 2095 2123 futura
2124 2070 2215 2127 esset

1222 2136 1353 2220 oratio,
1380 2161 1486 2229 quam
1503 2152 1542 2208 ut
1557 2134 1640 2209 huic
1656 2146 1808 2236 tempori
1823 2154 2047 2236 conveniret,
2072 2169 2106 2225 et
2122 2157 2214 2230 inter

1220 2259 1282 2304 vos
1305 2237 1366 2329 qui
1389 2252 1484 2307 recte
1504 2241 1657 2312 instituti
1681 2248 1763 2315 estis
1785 2248 1823 2315 iu
1845 2253 2008 2326 doctrina
2022 2253 2214 2344 Ecclesiae,

1221 2363 1292 2407 uon
1316 2363 1406 2430 opus
1428 2355 1480 2411 est
1502 2341 1605 2432 longa
1626 2345 1874 2437 disputatione.
1928 2354 2073 2430 Gratias
2095 2363 2213 2454 potius

1218 2462 1361 2528 agamus
1384 2437 1480 2527 Deo,
1516 2449 1612 2536 quod
1634 2449 1815 2520 veritatem
1839 2458 1944 2526 nobis
1970 2465 2148 2551 patefecit,
2177 2480 2211 2534 et

1219 2543 1457 2612 assensionem
1475 2547 1513 2612 in
1527 2549 1705 2619 ruentibus
1719 2556 1849 2624 nostris
1863 2561 2055 2637 confirmat.

1309 2741 1457 2863 ‘Accedo
1487 2748 1596 2838 igitur
1619 2778 1717 2827 nrrnc
1748 2763 1791 2831 ad
1822 2765 1924 2833 aliam
1950 2773 2209 2862 quaestionem,

1217 2869 1419 2937 propiorem
1435 2865 1575 2922 nostrae
1583 2858 1780 2932 doctrinae:
1800 2863 1857 2934 An
1873 2861 2112 2943 ltocRomano
2128 2880 2208 2949 iure

1217 2960 1258 3017 et·
1287 2963 1489 3019 nostrorum
1519 2954 1751 3050 interpretum
1783 2970 1923 3060 scriptis
1948 2976 2115 3045 utendum
2148 2983 2207 3057 sit.

1215 3049 1268 3120 De
1293 3075 1360 3143 qua
1384 3055 1591 3145 quaestione
1611 3084 1653 3130 eo
1677 3065 1868 3139 dicendum
1893 3085 1964 3158 est,
1996 3077 2205 3169 quinetiam

1215 3175 1335 3265 recens
1360 3154 1505 3246 quidam
1535 3162 1717 3234 vociferari
1748 3186 1963 3260 coeperunt,
1996 3202 2071 3248 non
2103 3182 2206 3255 licere

1216 3254 1321 3322 nobrs
1354 3257 1406 3324 uti
1441 3254 1582 3330 etltnico
1609 3264 1702 3348 iure,
1739 3265 1916 3341 Iustitiam
1946 3302 2021 3347 rem
2049 3283 2203 3355 divinam

1215 3377 1305 3438 esse,
1331 3380 1440 3448 quare
1465 3373 1601 3431 tantum
1624 3388 1665 3432 ex
1689 3365 1790 3436 libris
1815 3372 1951 3444 divinis
1974 3388 2130 3471 petenda
2152 3390 2205 3471 sit.

1216 3454 1377 3525 videlicet
1405 3482 1445 3528 ex
1466 3460 1579 3532 llloise
1599 3479 1632 3536 et
1645 3462 1853 3559 Evangelio.
1904 3472 1984 3549 Hac
2001 3486 2043 3553 de
2059 3491 2204 3560 rescitis

1213 3580 1308 3627 anno
1342 3563 1524 3652 superiore
1555 3566 1686 3636 alicubi
1716 3570 1886 3644 clamores
1919 3582 2086 3656 excitatos
2120 3616 2206 3667 esse.

176 3671 210 3728 et
234 3654 382 3728 humani
405 3650 649 3742 multipliciter
670 3650 834 3735 turbant,
857 3666 976 3720 tamen
992 3665 1165 3744 quantum
1213 3657 1330 3728 Semel
1347 3676 1464 3733 autem
1480 3667 1647 3739 omuibus
1661 3671 1742 3757 illis,
1766 3676 1828 3768 qui
1841 3678 2098 3768 sapientissimo
2117 3716 2205 3763 con.

175 3773 295 3831 manet
317 3755 474 3839 ordinis,
499 3753 536 3820 id
552 3752 760 3821 vereaDeo
775 3768 1023 3837 conservatur,
1049 3778 1095 3823 ne
1112 3768 1167 3824 to·
1212 3760 1293 3829 silio
1318 3778 1509 3855 receptam,
1548 3783 1584 3840 et
1614 3772 1812 3862 sapientum
1842 3802 1908 3849 usu
1933 3792 2203 3874 comprobatam

175 3877 251 3934 tum
276 3882 384 3950 genus
405 3853 602 3925 humanum
624 3855 783 3925 intereat.
836 3853 938 3924 Hanc
964 3856 1165 3926 doctrinam
1212 3863 1392 3934 doctrinae
1416 3867 1566 3938 formam
1598 3873 1820 3965 improbant,
1854 3896 1888 3952 et
1908 3907 2028 3952 novam
2051 3889 2205 3978 gignere

175 3986 333 4054 expresse
352 3960 460 4029 tradit
476 3954 729 4046 voxApostoli,
754 3981 833 4026 cum
853 3957 982 4050 iuquit,
1011 3956 1165 4049 lmpcria
1213 3978 1400 4042 conantur.
1439 3967 1671 4063 Respondeo,
1702 3976 1875 4051 Similiter
1896 3984 1973 4051 illos
1992 3986 2111 4060 facere
2166 4014 2203 4068 ut

175 4080 207 4137 et
224 4067 316 4156 leges
333 4059 596 4131 ordinationem
613 4056 678 4126 Dei
696 4081 782 4127 esse.
835 4057 917 4146 Quo
937 4059 1066 4129 inloco
1085 4083 1164 4128 ver·
1212 4064 1250 4132 in
1282 4066 1401 4138 fabula
1429 4068 1663 4166 Hermogenis
1695 4081 1739 4150 de
1769 4083 1879 4152 simiis
1904 4084 2038 4157 dicitur
2094 4048 2200 4188 qixam

103 4220 105 4224 ι
172 4170 257 4239 bum
276 4164 414 4236 ordinis
431 4160 620 4248 diligenter
636 4159 932 4228 considerandum
948 4175 1009 4232 est.
1062 4159 1164 4249 Quae
1211 4167 1366 4238 breviter
1388 4174 1626 4268 recitabo,‘ut
1647 4180 1835 4271 imaginem
1855 4187 2024 4258 stultitiae
2043 4145 2188 4267 illorum

172 4270 336 4337 ordinata
358 4276 440 4333 sunt
459 4274 553 4331 certo
574 4260 741 4344 consilio,
767 4262 940 4352 descripta
963 4276 997 4331 et
1013 4262 1163 4332 circum·
1211 4270 1272 4361 qui
1290 4294 1423 4342 novum
1439 4276 1495 4345 ius
1511 4281 1663 4350 condere
1679 4285 1824 4367 volunt,
1851 4289 2093 4371 consideretis.
2129 4253 2200 4370 Diti

172 4368 301 4458 scripta
327 4379 429 4447 sunt,
456 4375 551 4430 certa
575 4361 676 4430 initia
699 4373 734 4431 et
758 4375 867 4431 certas
891 4376 1001 4432 metas
1020 4359 1162 4438 babent.
1209 4374 1303 4460 apud
1328 4368 1489 4446 homines
1504 4381 1638 4452 vixerat
1661 4383 1763 4455 simia
1788 4389 1859 4458 iam
1878 4392 2012 4478 vetula,
2040 4401 2101 4467 sed
2123 4414 2199 4471 tan-

169 4469 261 4544 Cum
276 4467 387 4558 igitur
400 4463 552 4533 sanxerit
563 4461 657 4531 Deus
671 4462 847 4546 ordinem,
870 4465 1096 4535 manifestum
1110 4479 1163 4536 est
1209 4474 1289 4542 dem
1305 4478 1538 4569 negligentius
1554 4485 1727 4556 custodita
1746 4491 1876 4578 evasit,
1901 4506 1935 4562 et
1951 4493 1989 4563 in
2008 4519 2156 4593 campos
2169 4517 2200 4572 et

169 4573 357 4666 displicere
380 4567 415 4636 ei
438 4563 651 4660 cyclopicam
670 4563 799 4647 vitam,
825 4587 915 4657 qnae
936 4567 1013 4634 sine
1034 4567 1161 4638 ordine
1209 4574 1325 4666 sylvas
1353 4581 1398 4648 ad
1424 4595 1577 4652 caeteras
1605 4585 1725 4658 simias
1750 4592 1867 4669 rediit.
1899 4594 1950 4664 ibi
1975 4616 2101 4674 narrat
2122 4606 2198 4697 pul-

169 4692 203 4748 et
225 4678 301 4747 sine
323 4672 461 4762 legibus
480 4666 613 4757 agitur,
638 4680 671 4736 et
689 4690 760 4758 quo
779 4689 898 4736 caecae
920 4680 955 4738 et
972 4666 1161 4738 dissimiles
1208 4670 1329 4745 claram
1356 4694 1390 4750 et
1412 4682 1550 4752 beatam
1572 4709 1646 4758 esse
1666 4682 1855 4764 hominnm
1881 4696 2011 4785 vitam,
2042 4726 2137 4795 quae
2159 4708 2198 4776 sit

168 4780 376 4870 cupiditates
404 4771 613 4864 impellunt,
647 4768 730 4838 mit.
784 4765 857 4839 Nec
884 4771 1032 4839 obscure
1063 4768 1160 4840 Dens
1207 4779 1345 4849 mnnita
1362 4783 1460 4852 tectis
1479 4801 1601 4857 contra
1620 4791 1776 4881 pluvias,
1800 4796 1933 4888 frigora
1954 4815 1988 4871 et
2005 4818 2128 4878 aestus
2167 4820 2197 4877 et

166 4878 384 4947 voluntatem
401 4899 500 4946 suam
517 4873 555 4940 in
572 4870 695 4961 poenis
710 4870 873 4942 declarat.
914 4866 1046 4941 Omnis
1062 4872 1158 4942 enim
1207 4881 1393 4950 moenibus
1409 4899 1531 4959 contra
1546 4891 1638 4962 feras
1653 4904 1688 4963 et
1704 4889 1839 4985 hostes,
1865 4914 1900 4970 et
1913 4924 2082 4992 magnam
2106 4863 2197 4981 caim-

167 4993 267 5052 atrox
291 4977 436 5047 violatio
455 4974 590 5067 publici
613 4972 753 5043 ordinis
778 4973 956 5043 atrocibus
977 4975 1100 5065 poenis
1117 4975 1157 5045 in
1203 4984 1410 5054 moditatem
1430 5012 1521 5072 esse,
1555 4986 1685 5065 habere
1707 5001 1878 5090 repositas
1898 5003 2018 5094 fruges
2041 5008 2081 5078 in
2106 5013 2195 5082 aedi

165 5079 318 5155 hacvita
333 5078 492 5168 punitur.
527 5074 607 5164 Qua
623 5098 663 5143 ex
679 5098 717 5143 re
734 5074 883 5165 intelligi
901 5090 1024 5166 potest,
1040 5074 1156 5147 Deum
1204 5083 1290 5175 bus,
1316 5109 1479 5178 magnam
1499 5093 1717 5187 voluptatem
1740 5123 1814 5171 esse
1835 5127 2045 5195 congressus
2065 5127 2104 5184 et
2126 5137 2195 5208 spe·

163 5210 246 5258 vere
262 5180 442 5251 custodem
462 5201 536 5246 esse
559 5170 667 5246 huius
684 5176 822 5245 ordinis
838 5192 873 5248 et
889 5177 1016 5267 legum.
1070 5177 1155 5250 ldeo
1203 5187 1346 5258 ctacnla.
1399 5188 1575 5265 Hortatur
1589 5210 1742 5270 caeteras
1762 5218 1802 5274 ut
1816 5199 1908 5277 hanc
1923 5203 2124 5286 bominum
2139 5222 2196 5286 'sa-

161 5292 256 5361 tilius
276 5282 348 5355 Dei
371 5277 506 5371 inquit:
541 5276 615 5365 Qui
635 5277 791 5366 gladium
814 5280 1005 5371 acceperit,
1035 5283 1153 5372 gladio
1201 5286 1370 5378 pientiam
1397 5293 1602 5386 imitentur,
1634 5314 1668 5372 et
1689 5304 1816 5375 domos
1847 5323 2013 5385 extruant
2070 5334 2109 5391 et
2132 5320 2195 5389 cir·

160 5390 300 5486 peribit·
352 5381 493 5474 Accipit
524 5390 660 5459 atatem,
693 5383 852 5475 quisquis
881 5406 954 5452 non
984 5385 1153 5454 dantibus
1199 5393 1367 5471 cumdent
1380 5402 1541 5485 mnru'm,
1566 5414 1606 5472 ut
1621 5426 1740 5476 arcere
1761 5423 1913 5482 caeteras
2021 5369 2034 5401 '

160 5517 257 5564 arma
279 5490 433 5580 legibus,
458 5484 531 5554 vim
550 5479 630 5551 aliis
644 5481 762 5553 infert.
816 5484 877 5557 Sic
893 5498 928 5557 et
942 5484 1013 5557 alia
1027 5486 1150 5601 divina
1199 5486 1428 5570 Conveniunt
1442 5482 1571 5594 triagna
1587 5506 1728 5596 agmina
1750 5508 1956 5604 simiarum,
1981 5530 2026 5592 ut
2048 5524 2196 5597 audiant
