4732 6030
227 352 304 428 ,33
787 333 949 416 onon
982 335 1059 415 nn
1091 337 1369 416 encouro
1404 335 1713 417 antuman
2206 359 2284 436 ass

233 550 319 600 rum
332 523 467 603 virtus,
492 538 577 588 nam
598 537 640 584 ex
661 511 768 584 bonis
783 512 872 584 viris
888 528 1011 599 natos,
1036 513 1230 585 verisimile
1281 513 1354 583 sui:
1381 534 1489 607 quam
1508 537 1551 584 eo
1574 514 1643 589 tibi
1667 519 1867 590 arbitrabar
1891 544 1964 592 non
1996 523 2173 616 ingratam
2193 534 2283 617 lore,

215 644 308 716 est,
341 627 497 719 aliquam
521 630 689 712 paternae
713 616 857 689 virtutis
879 616 1151 689 similitudinem
1174 641 1232 686 re-
1282 615 1379 709 quod
1397 610 1453 686 his
1477 618 1654 690 exercitiis
1678 634 1713 692 et
1734 623 1918 693 literarum
1941 629 2069 701 studiis
2089 644 2124 703 te
2145 639 2285 727 praeci·

109 781 112 785 -
234 734 338 805 ferre.
390 721 553 796 Audistis
589 732 709 791 autem
741 719 998 791 vetustissimos
1031 718 1231 791 Suevorum
1282 742 1351 810 pue
1365 718 1483 789 lavere
1499 720 1585 794 scio.
1636 719 1710 793 Nee
1724 748 1809 794 vero
1825 726 2022 821 quidquam
2039 727 2108 805 hoc
2124 749 2185 810 tuo
2202 741 2281 812 loco

235 861 256 907 a
289 828 437 902 Caesare
471 823 688 918 praedicari,
731 833 767 892 et
799 822 1022 915 praeclamm
1057 823 1230 894 iudicium
1283 832 1388 912 atque
1404 821 1533 893 ordine
1555 847 1635 893 cum
1653 825 1691 893 in
1707 823 1864 919 Reipub.
1890 831 2149 919 gubernatione
2162 867 2283 914 verse-

235 945 357 1030 postea
381 932 426 1001 de
447 926 575 1001 Suevis
599 921 793 994 Germania
814 939 920 1018 atque
938 923 1040 995 ltalia
1062 926 1232 1010 fecerunt,
1283 923 1352 1008 ris,
1376 923 1520 1011 dignius
1540 940 1610 1011 est,
1635 951 1742 1019 quam
1764 930 1897 1001 civium
1919 936 2037 1006 studia
2054 942 2223 1029 excitare,
2250 959 2287 1017 et

234 1035 382 1133 quando
397 1033 440 1103 ad
459 1052 519 1100 eos
534 1027 724 1121 imperium
739 1027 955 1097 detulerunt.
994 1026 1133 1098 Nostris
1147 1050 1232 1096 vero
1284 1024 1404 1095 literas
1419 1026 1512 1095 tueri
1528 1040 1634 1121 atque
1649 1053 1789 1104 ornare.
1834 1031 2051 1109 lntueturin
2068 1054 2103 1110 te
2118 1043 2285 1119 iuventus

238 1136 460 1231 temporibus
485 1131 588 1202 nullo
623 1131 731 1200 modo
754 1142 875 1201 tenere
903 1142 1017 1201 tantas
1038 1126 1234 1223 Respubli-
1284 1127 1323 1197 iu
1350 1127 1484 1219 patria,
1518 1141 1686 1225 tuamque
1705 1136 1931 1209 autoritatem
1959 1142 2139 1217 existimat
2159 1149 2283 1219 litera-

237 1265 317 1322 m,
350 1253 493 1330 tamque
517 1235 686 1305 florentes
719 1246 753 1303 et
783 1245 924 1324 pacatas
958 1245 1121 1324 possent,
1163 1230 1233 1301 nisi
1285 1253 1365 1299 rum
1390 1230 1558 1301 studiosis
1588 1257 1716 1325 magno
1744 1239 1922 1328 praesidio
1946 1265 2031 1319 esse.
2083 1247 2162 1318 Nisi
2185 1256 2280 1321 euim

239 1343 407 1416 omnihus
442 1338 529 1411 belli
558 1360 599 1406 ae
625 1334 721 1428 pacis
748 1335 885 1406 artibus
917 1335 1081 1406 instructi
1108 1347 1235 1419 essent,
1285 1333 1339 1402 tui
1365 1332 1497 1403 similes
1525 1334 1595 1405 viri
1623 1352 1839 1428 praestantes
1864 1343 1998 1415 virtute
2023 1362 2056 1419 et
2083 1353 2311 1439 autoritate,‘

237 1468 417 1537 nusquam
435 1442 474 1510 in
490 1439 639 1512 urbibus
652 1436 895 1531 tranquillitas
909 1437 1035 1524 maior,
1058 1461 1233 1531 nusquam
1285 1434 1398 1504 literis
1411 1459 1515 1526 opem
1529 1437 1675 1525 ferrent,
1698 1465 1789 1531 quae
1806 1442 1999 1534 barbaries,
2026 1468 2158 1545 quanta
2174 1456 2283 1526 vasti·

237 1549 359 1620 minu,
384 1543 652 1616 latrociniorum
677 1552 747 1620 est,
780 1563 888 1634 quam
911 1540 951 1609 in
971 1534 1102 1609 horum
1127 1539 1234 1629 agris.
1285 1550 1340 1607 tas
1354 1539 1400 1611 ad
1416 1540 1655 1629 posteritatem
1674 1543 1793 1616 lutura
1810 1546 1875 1632 sit,
1902 1548 1976 1641 ipse
1990 1553 2125 1645 optime
2146 1557 2283 1628 intelli-

238 1649 379 1721 Vicinis
389 1649 476 1717 adeo
493 1668 566 1715 uon
583 1655 667 1714 suut
680 1665 812 1733 graves,
828 1655 870 1713 ut
884 1665 986 1734 saepe
1000 1664 1059 1712 eos
1072 1639 1235 1712 maximis
1286 1639 1351 1730 gis.
1411 1639 1534 1733 ltaque
1569 1637 1660 1713 hanc
1695 1648 1956 1721 oratiunculam
1988 1654 2037 1724 ita
2066 1656 2132 1726 tibi
2167 1662 2283 1746 mitto,

240 1751 409 1846 periculis
433 1745 684 1831 liberaverint,
727 1746 951 1837 redduntque
976 1744 1101 1836 procul
1128 1743 1234 1813 etiam
1288 1741 1395 1812 simul
1409 1754 1449 1812 ut
1463 1744 1700 1834 patrocinium
1714 1773 1876 1821 meorum
1887 1757 2085 1826 studiorum
2101 1759 2168 1830 tibi
2183 1786 2282 1830 com-

239 1855 317 1926 istis
337 1865 414 1924 tuta
438 1849 569 1922 omnia.
611 1845 738 1932 ,Domi
754 1870 839 1918 vero
860 1867 927 1936 per
947 1857 1117 1938 perpetua
1141 1845 1235 1915 mul·
1288 1846 1466 1915 mendem.
1517 1841 1620 1916 Nihil
1641 1849 1801 1938 dulcius,
1827 1854 1947 1949 inquit
1967 1855 2161 1948 Homerus,
2189 1864 2280 1933 uui-

240 1972 358 2029 tarum
382 1951 609 2027 honestarum
641 1950 771 2021 artium
796 1948 915 2019 studia
942 1948 1106 2019 excitavit
1129 1960 1235 2041 atque
1288 1946 1416 2039 cuique
1438 1969 1531 2032 esse,
1565 1950 1677 2040 patria
1710 1975 1788 2024 sua:
1823 1980 1932 2049 quere
1958 1983 2063 2033 nemo
2087 1986 2163 2036 non
2185 1967 2282 2036 lavet

142 2050 145 2055 ’
240 2059 317 2132 3ῃῄ
369 2057 472 2147 Quae
493 2080 573 2126 cum
596 2053 644 2123 ita
669 2053 761 2132 sint,
786 2052 966 2121 faveamus
989 2049 1134 2120 illorum
1157 2051 1236 2120 lau·
1287 2071 1369 2118 suae
1392 2048 1527 2141 patriae
1547 2053 1812 2142 praedicationi.
1867 2057 1938 2132 Sed
1961 2086 2044 2134 cum
2065 2078 2137 2136 tam
2165 2070 2282 2139 tenuis

241 2162 367 2245 dibus,
399 2183 525 2253 easque
556 2157 634 2226 sine
666 2153 804 2225 invidia
838 2152 1094 2245 praedicemus.
1143 2149 1236 2225 Nam
1288 2151 1401 2221 oratio
1414 2156 1615 2242 argumenti
1633 2157 1863 2248 amplitudini
1886 2187 2112 2260 nequaqnam
2137 2193 2283 2262 respon-

244 2288 326 2336 cum
342 2263 474 2332 virtute
489 2255 584 2330 nihil
595 2258 723 2328 melius
737 2270 799 2327 aut
823 2250 1008 2347 pulchrius
1031 2254 1132 2325 sitin
1148 2278 1237 2348 qua-
1287 2255 1387 2338 dest,
1411 2255 1559 2326 fortasse
1581 2259 1770 2331 consilium
1791 2264 1960 2336 editionis
1981 2263 2090 2340 huius
2106 2273 2210 2343 multi
2227 2296 2282 2342 re-

241 2367 296 2437 vis
311 2380 433 2456 geute,
457 2364 555 2433 iuxta
570 2374 728 2431 meretur
745 2357 868 2428 amari.
920 2356 1003 2427 Non
1027 2357 1123 2426 enirn
1147 2355 1236 2428 unio
1290 2351 1525 2447 prehendent.
1583 2359 1657 2430 Nec
1691 2362 1728 2432 id
1759 2386 1823 2455 ego
1856 2368 2045 2440 ambitiose
2076 2373 2282 2458 defendam,

241 2467 393 2539 minoris
415 2478 467 2536 est
491 2464 603 2558 precii
632 2473 778 2552 argento
808 2459 980 2546 insertus,
1015 2484 1121 2553 quam
1144 2461 1174 2530 si
1197 2459 1236 2577 in

242 2594 330 2645 auro
358 2580 521 2662 gestetur.
583 2563 654 2638 Sed
675 2577 716 2635 nt
740 2563 885 2656 superbi
915 2578 1021 2656 atque
1047 2557 1237 2633 inhumani

240 2673 378 2766 ingenii
393 2685 464 2757 est,
488 2670 528 2739 iu
543 2668 681 2762 privata
697 2665 953 2737 consuetudine
967 2666 1079 2745 vitae,
1104 2687 1141 2735 se
1155 2677 1237 2734 tan-

241 2794 319 2852 tum
342 2774 466 2845 mirari
492 2785 527 2843 et
547 2772 596 2843 ita
623 2770 692 2841 sibi
719 2789 884 2858 arrogare
907 2768 1046 2853 omnia,
1079 2761 1172 2836 nihil
1197 2779 1238 2837 ut

242 2880 321 2953 aliis
338 2877 468 2972 reliqui
483 2875 599 2960 faciat,
624 2874 673 2944 ita
692 2872 846 2941 iniustus
862 2883 924 2956 est,
950 2870 1014 2964 qui
1029 2893 1138 2939 unam
1151 2892 1238 2960 geo-

242 2998 314 3054 tem
336 2983 387 3051 sic
408 2991 520 3060 amat,
551 2991 592 3048 ut
612 2973 706 3046 nihil
724 2973 850 3046 exteris
874 2973 1106 3044 tribuendum
1124 2984 1238 3065 putet.

243 3082 323 3154 Hoc
344 3082 464 3174 potius
485 3082 528 3151 ad
560 3092 720 3150 mutuam
749 3077 846 3147 inter
875 3097 942 3145 uos
970 3070 1179 3146 charitatem
1204 3085 1239 3143 et

134 3207 136 3211 ‘
243 3182 531 3258 benevolentiam
548 3182 712 3251 alendam
727 3179 842 3264 saciet,
866 3178 897 3246 si
911 3177 1055 3272 quaein
1072 3201 1239 3271 unoquo-

243 3311 313 3384 que
338 3284 475 3357 fueriut
506 3283 611 3353 laude
645 3282 773 3371 digna,
810 3303 850 3349 ea
884 3281 1033 3350 candide
1066 3280 1240 3350 miremur

243 3404 350 3487 atque
367 3387 652 3480 complectamur.
703 3382 802 3456 Dixi.

251 3601 360 3612 -υ--ι

1070 3769 1119 3815 sn.
1145 3744 1240 3814 1538.

1060 3834 1235 3865 “⁶

243 3749 389 3881 Q.

471 3943 749 4032 Eneomium
772 3939 1014 4030 Francius.

313 4112 1242 4264 assuunt.aestuantes-at:tate·

348 4262 403 4312 lter
416 4255 521 4312 lrenaei
538 4272 601 4307 curn
618 4250 777 4304 Camerarro
793 4270 821 4303 ιιι
836 4250 979 4304 Francism
995 4251 1098 4307 sactum
1113 4262 1154 4306 est
1167 4271 1240 4308 anno

347 4326 434 4394 1⁵88,
453 4334 484 4379 ut
497 4343 528 4378 ex
541 4318 670 4393 Epistolis
683 4319 762 4373 huius
774 4320 839 4373 anui
853 4318 1025 4390 intelligitur.

187 4471 191 4479 ’
280 4489 500 4562 Eacomium
522 4482 732 4568 Francius,
758 4481 812 4552 M.
832 4483 1032 4553 Irenaeo
1054 4486 1202 4552 autore.

243 4657 440 4731 Nobilitate
455 4648 616 4745 generis,
642 4647 773 4718 virtute
791 4661 825 4717 et
840 4647 1012 4738 dignitate
1036 4645 1242 4741 praestanti,

1287 2458 1378 2528 illud
1397 2472 1534 2530 tantum
1551 2476 1653 2553 opto,
1678 2468 1964 2540 exercitationem
1982 2466 2074 2543 hauc
2089 2499 2221 2560 meam,
2248 2490 2282 2546 et

1287 2559 1327 2629 iu
1343 2561 1539 2633 dedicando
1555 2562 1732 2654 osticium,
1756 2570 1823 2642 tibi
1839 2573 1994 2665 probari.
2048 2573 2147 2647 Bene
2164 2578 2252 2674 vale.

1600 2769 1972 2792 m·—

1289 2915 1376 3001 Etsi
1410 2950 1552 3014 vereor,
1592 2941 1633 2999 ut
1661 2931 1745 3004 satis
1777 2940 1976 3009 verecunde
2007 2940 2121 3012 facere
2150 2944 2285 3031 videar,

1290 3031 1387 3125 quod
1418 3029 1457 3099 in
1483 3026 1581 3102 hunc
1604 3034 1870 3109 ornatissimum
1898 3056 2037 3113 coetum
2062 3046 2287 3120 doctissimo·

1290 3157 1371 3202 rum
1403 3132 1574 3204 iuvenum
1608 3138 1759 3227 produci
1794 3165 1848 3210 me
1883 3143 2019 3235 patior,
2052 3171 2134 3218 cum
2168 3174 2283 3244 neque

1290 3235 1499 3316 adoctriua,
1523 3260 1639 3331 neque
1655 3240 1699 3309 ab
1714 3241 1915 3336 eloquentia
1932 3245 1981 3317 ita
1997 3247 2191 3322 instructus
2205 3253 2287 3340 sim,

1290 3350 1331 3406 ut
1347 3336 1485 3430 aliquid
1505 3338 1631 3410 afferre
1653 3344 1785 3434 possim
1807 3346 1955 3436 dignum
1980 3351 2107 3423 vestris
2129 3355 2288 3443 auribus,

1291 3452 1411 3509 tamen
1428 3441 1597 3533 quoniam
1618 3444 1714 3515 scitis
1729 3469 1795 3518 nos
1816 3449 2003 3522 autoritate
2018 3471 2286 3549 praeceptorum

1292 3538 1388 3630 cogi,
1413 3557 1454 3612 ut
1476 3540 1515 3610 in
1539 3537 1635 3615 hunc
1656 3547 1774 3619 locum
1789 3553 2021 3642 prodeamus,
2043 3580 2150 3650 quarn
2167 3560 2286 3630 detre—

1291 3655 1386 3715 ctare
1400 3644 1505 3715 nobis
1517 3669 1591 3716 non
1608 3661 1661 3720 est
1673 3650 1863 3742 integrum,
1889 3668 1970 3746 peto
1990 3682 2012 3728 a
2029 3659 2145 3741 vobis,
2164 3684 2284 3732 neme

1292 3745 1420 3816 fiducia
1446 3746 1583 3838 ingenii
1609 3753 1671 3820 sed
1703 3754 1820 3826 officio
1850 3758 2062 3846 adductum,
2092 3755 2160 3833 hoc
2191 3787 2286 3834 onus

1292 3848 1483 3940 suscepisse
1498 3850 1672 3925 iudicetis.

1394 3966 1486 4039 Cum
1503 3985 1620 4043 autem
1638 3968 1725 4046 haec
1741 3975 1817 4070 ipsa
1832 3980 2052 4051 declamandi
2066 3987 2288 4057 consuetudo

1293 4084 1500 4164 potestatem
1531 4078 1638 4147 uobis
1662 4077 1767 4148 faciat
1788 4081 1832 4149 de
1857 4082 1967 4151 variis
1999 4086 2105 4156 rebus
2129 4085 2290 4173 dicendi,

1293 4197 1357 4266 ego
1382 4199 1542 4269 quoque,
1573 4203 1654 4249 curn
1684 4180 1873 4253 autoritate
1907 4200 2173 4280 praeceptorum
2194 4185 2289 4261 mihi

1295 4273 1361 4346 hae
1382 4293 1499 4368 partes
1521 4281 1797 4370 mandarentur,
1824 4307 1899 4354 uon
1923 4286 2150 4363 incommode
2162 4316 2219 4362 me
2232 4294 2288 4364 sas

1294 4392 1434 4450 ctutum
1451 4379 1705 4467 existimabam,
1727 4383 1758 4453 si
1775 4386 1818 4453 de
1835 4389 1969 4478 patriae
1980 4415 2091 4480 meae,
2115 4392 2288 4466 Franciae

1293 4480 1476 4652 lvidelicet‚
1513 4484 1724 4580 antiquitate
1754 4500 1790 4559 et
1812 4488 1980 4564 laudibus
2005 4497 2180 4588 quaedam
2211 4497 2288 4569 col-

1311 4606 1454 4674 agerem.

1394 4698 1474 4773 Etsi
1489 4715 1608 4774 autem
1625 4704 1789 4779 videbam
1813 4705 1998 4782 historiam
2016 4731 2158 4787 nostrae
2175 4720 2292 4808 gentis

1294 4803 1407 4875 multo
1431 4827 1504 4874 esse
1524 4805 1744 4898 longiorem,
1772 4837 1878 4906 quam
1900 4827 1940 4884 ut
1961 4841 2033 4887 asna
2050 4819 2214 4891 oratioue
2229 4844 2293 4893 ex-

245 4895 345 4986 Cum
362 4931 476 4998 nuper
494 4906 533 4975 in
548 4901 700 4997 patriam
722 4899 896 4970 venissem
913 4899 1021 4970 officii
1038 4924 1160 4986 causa,
1185 4901 1241 4971 vi·
1294 4905 1420 4998 plicari
1450 4923 1585 4997 posset,
1619 4923 1738 4982 tamen
1761 4914 1846 5008 quia
1869 4917 2024 4989 sciebam
2055 4917 2148 4991 hauc
2177 4937 2292 4995 totam

243 5040 324 5088 rum
339 5011 526 5104 optimum,
553 5007 677 5098 tuique
691 5002 992 5088 amantissimum,
1020 4999 1242 5074 loachimum
1293 5009 1517 5080 declamandi
1547 5014 1842 5087 cousuetudinem
1874 5017 1955 5090 ideo
1985 5023 2184 5094 institutam
2215 5049 2293 5096 esse

241 5112 487 5190 Camerarium
519 5109 720 5191 comitatus,
762 5109 849 5175 adeo
876 5119 1037 5176 amanter
1065 5131 1085 5176 a
1116 5118 1149 5176 te
1181 5130 1241 5190 er,-
1293 5114 1638 5206 apnaeceptoribus,
1672 5131 1712 5188 ut
1731 5119 1996 5195 adolescentum
2022 5126 2164 5217 ingenia
2189 5152 2294 5199 erer-

243 5234 364 5314 ceptus
376 5240 476 5304 sum,
503 5226 544 5282 ut
558 5210 713 5281 multum
730 5233 786 5278 me
807 5208 874 5277 tibi
890 5208 1019 5278 debere
1041 5207 1241 5282 iudicarim.
1293 5227 1459 5301 reantur,
1492 5231 1528 5290 et
1550 5221 1596 5289 ad
1619 5241 1677 5289 res
1700 5220 1854 5292 maiores
1876 5243 2148 5318 praeparentur,
2178 5229 2294 5302 malui

243 5323 364 5414 Quare
385 5342 466 5390 cum
491 5313 787 5406 significationem
812 5310 971 5404 aliquam
999 5311 1071 5380 mei
1101 5325 1241 5401 ergata
1292 5338 1436 5406 operam
1470 5340 1610 5391 sumere
1637 5322 1676 5391 iu
1710 5324 1921 5415 colligendis
1954 5331 2088 5422 patriae
2112 5333 2295 5421 laudibus,

242 5427 352 5498 studii
363 5435 481 5495 extare
490 5419 632 5503 vellem,
649 5414 718 5487 tibi
733 5412 956 5504 potissimum
972 5407 1065 5484 hanc
1078 5415 1242 5484 oratiuu·
1293 5440 1400 5512 quam
1416 5419 1456 5490 in
1482 5422 1553 5493 alio
1567 5427 1723 5518 quodam
1740 5444 1961 5517 argumento.
2013 5430 2175 5506 Primum
2194 5437 2293 5507 enim

241 5530 358 5601 culam
376 5529 420 5598 de
436 5522 610 5598 Franciae
627 5517 796 5591 laudibus
811 5514 1045 5587 dedicandam
1068 5539 1143 5589 esse
1156 5539 1242 5587 een·
1291 5520 1473 5595 nerninem
1494 5537 1568 5597 tam
1593 5521 1834 5603 inhumanum
1856 5546 1921 5605 aut
1940 5534 2094 5609 terreum
2120 5561 2195 5610 esse
2216 5541 2293 5613 exi-

320 4751 530 4830 Donr'eli
553 4748 769 4836 Stiboro,
795 4748 851 4821 M.
866 4746 1046 4821 [renuens
1069 4748 1106 4824 S.
1121 4747 1166 4822 D.
