<?xml version="1.0" encoding="UTF-8"?>
<!DOCTYPE html PUBLIC "-//W3C//DTD XHTML 1.0 Transitional//EN"
    "http://www.w3.org/TR/xhtml1/DTD/xhtml1-transitional.dtd">
<html xmlns="http://www.w3.org/1999/xhtml" xml:lang="en" lang="en">
 <head>
  <title>
</title>
<meta http-equiv="Content-Type" content="text/html;charset=utf-8" />
  <meta name='ocr-system' content='tesseract 3.04.00' />
  <meta name='ocr-capabilities' content='ocr_page ocr_carea ocr_par ocr_line ocrx_word'/>
</head>
<body>
  <div class='ocr_page' id='page_1' title='image "./philippimelanth21melagoog/philippimelanth21melagoog_0267.png"; bbox 0 0 4732 6030; ppageno 0'>
   <div class='ocr_carea' id='block_1_1' title="bbox 286 233 2317 332">
    <p class='ocr_par' dir='ltr' id='par_1_1' title="bbox 286 233 2317 332">
     <span class='ocr_line' id='line_1_1' title="bbox 286 233 2317 332; baseline 0.014 -30"><span class='ocrx_word' id='word_1_1' title='bbox 286 250 361 327; x_wconf 72' lang='lat'>507</span> <span class='ocrx_word' id='word_1_2' title='bbox 953 235 1111 318; x_wconf 74' lang='lat' dir='ltr'>ouen</span> <span class='ocrx_word' id='word_1_3' title='bbox 1143 233 1221 314; x_wconf 76' lang='lat' dir='ltr'>nu</span> <span class='ocrx_word' id='word_1_4' title='bbox 1251 234 1649 316; x_wconf 78' lang='lat' dir='ltr'>ntrrocnnrr.</span> <span class='ocrx_word' id='word_1_5' title='bbox 2238 251 2317 332; x_wconf 86' lang='lat' dir='ltr'>sos</span> 
     </span>
    </p>
   </div>
   <div class='ocr_carea' id='block_1_2' title="bbox 283 406 2320 611">
    <p class='ocr_par' dir='ltr' id='par_1_2' title="bbox 283 406 2320 611">
     <span class='ocr_line' id='line_1_2' title="bbox 283 406 2318 506; baseline 0 -11"><span class='ocrx_word' id='word_1_6' title='bbox 283 426 327 495; x_wconf 90' lang='lat' dir='ltr'>in</span> <span class='ocrx_word' id='word_1_7' title='bbox 342 419 441 495; x_wconf 87' lang='lat' dir='ltr'>hunc</span> <span class='ocrx_word' id='word_1_8' title='bbox 457 420 573 491; x_wconf 83' lang='lat' dir='ltr'>virum</span> <span class='ocrx_word' id='word_1_9' title='bbox 597 426 671 488; x_wconf 83' lang='lat' dir='ltr'>tota</span> <span class='ocrx_word' id='word_1_10' title='bbox 691 425 831 498; x_wconf 88' lang='lat' dir='ltr'>mente,</span> <span class='ocrx_word' id='word_1_11' title='bbox 858 423 1005 506; x_wconf 90' lang='lat' dir='ltr'>totoque</span> <span class='ocrx_word' id='word_1_12' title='bbox 1017 410 1137 482; x_wconf 88' lang='lat' dir='ltr'>auimo</span> <span class='ocrx_word' id='word_1_13' title='bbox 1154 409 1274 482; x_wconf 90' lang='lat' dir='ltr'>intue-</span> <span class='ocrx_word' id='word_1_14' title='bbox 1423 406 1521 482; x_wconf 89' lang='lat' dir='ltr'>Haec</span> <span class='ocrx_word' id='word_1_15' title='bbox 1547 432 1614 480; x_wconf 89' lang='lat' dir='ltr'>uos</span> <span class='ocrx_word' id='word_1_16' title='bbox 1636 409 1752 483; x_wconf 91' lang='lat' dir='ltr'>obiter</span> <span class='ocrx_word' id='word_1_17' title='bbox 1771 422 1913 483; x_wconf 84' lang='lat' dir='ltr'>tantum</span> <span class='ocrx_word' id='word_1_18' title='bbox 1936 412 2111 504; x_wconf 77' lang='lat' dir='ltr'>diximus,</span> <span class='ocrx_word' id='word_1_19' title='bbox 2144 422 2191 493; x_wconf 92' lang='lat' dir='ltr'>ad</span> <span class='ocrx_word' id='word_1_20' title='bbox 2212 428 2318 499; x_wconf 87' lang='lat' dir='ltr'>casti-</span> 
     </span>
     <span class='ocr_line' id='line_1_3' title="bbox 287 507 2320 611; baseline -0.004 -14"><span class='ocrx_word' id='word_1_21' title='bbox 287 526 396 596; x_wconf 87' lang='lat' dir='ltr'>mini:</span> <span class='ocrx_word' id='word_1_22' title='bbox 423 537 456 591; x_wconf 93' lang='lat' dir='ltr'>et</span> <span class='ocrx_word' id='word_1_23' title='bbox 471 544 550 590; x_wconf 92' lang='lat' dir='ltr'>cum</span> <span class='ocrx_word' id='word_1_24' title='bbox 564 517 762 589; x_wconf 87' lang='lat' dir='ltr'>doctrinam</span> <span class='ocrx_word' id='word_1_25' title='bbox 777 513 889 607; x_wconf 89' lang='lat' dir='ltr'>ipsius</span> <span class='ocrx_word' id='word_1_26' title='bbox 911 513 1099 603; x_wconf 75' lang='lat' dir='ltr'>diligenter</span> <span class='ocrx_word' id='word_1_27' title='bbox 1114 512 1275 596; x_wconf 75' lang='lat' dir='ltr'>excutite,</span> <span class='ocrx_word' id='word_1_28' title='bbox 1325 512 1477 603; x_wconf 83' lang='lat' dir='ltr'>gandam</span> <span class='ocrx_word' id='word_1_29' title='bbox 1491 511 1678 604; x_wconf 81' lang='lat' dir='ltr'>segniciem</span> <span class='ocrx_word' id='word_1_30' title='bbox 1693 507 1801 583; x_wconf 91' lang='lat' dir='ltr'>huius</span> <span class='ocrx_word' id='word_1_31' title='bbox 1813 512 1954 601; x_wconf 86' lang='lat' dir='ltr'>aetatis,</span> <span class='ocrx_word' id='word_1_32' title='bbox 1977 532 2068 611; x_wconf 87' lang='lat' dir='ltr'>quae</span> <span class='ocrx_word' id='word_1_33' title='bbox 2087 520 2135 590; x_wconf 90' lang='lat' dir='ltr'>ita</span> <span class='ocrx_word' id='word_1_34' title='bbox 2158 543 2320 600; x_wconf 74' lang='lat' dir='ltr'>remun-</span> 
     </span>
    </p>
   </div>
   <div class='ocr_carea' id='block_1_3' title="bbox 158 612 2319 709">
    <p class='ocr_par' dir='ltr' id='par_1_3' title="bbox 158 612 2319 709">
     <span class='ocr_line' id='line_1_4' title="bbox 158 612 2319 709; baseline 0.006 -22"><span class='ocrx_word' id='word_1_35' title='bbox 158 668 166 687; x_wconf 72' lang='lat'>.</span> <span class='ocrx_word' id='word_1_36' title='bbox 287 643 364 700; x_wconf 77' lang='lat' dir='ltr'>turn</span> <span class='ocrx_word' id='word_1_37' title='bbox 382 646 465 692; x_wconf 83' lang='lat' dir='ltr'>vero</span> <span class='ocrx_word' id='word_1_38' title='bbox 486 621 591 689; x_wconf 92' lang='lat' dir='ltr'>etiam</span> <span class='ocrx_word' id='word_1_39' title='bbox 615 617 813 709; x_wconf 86' lang='lat' dir='ltr'>exemplum</span> <span class='ocrx_word' id='word_1_40' title='bbox 836 615 1045 709; x_wconf 72' lang='lat' dir='ltr'>sequimini,</span> <span class='ocrx_word' id='word_1_41' title='bbox 1075 639 1115 685; x_wconf 90' lang='lat' dir='ltr'>ac</span> <span class='ocrx_word' id='word_1_42' title='bbox 1133 612 1275 686; x_wconf 73' lang='lat' dir='ltr'>statuite</span> <span class='ocrx_word' id='word_1_43' title='bbox 1325 614 1517 685; x_wconf 81' lang='lat' dir='ltr'>inertibus</span> <span class='ocrx_word' id='word_1_44' title='bbox 1537 614 1655 685; x_wconf 90' lang='lat' dir='ltr'>omnis</span> <span class='ocrx_word' id='word_1_45' title='bbox 1675 615 1833 703; x_wconf 83' lang='lat' dir='ltr'>generis,</span> <span class='ocrx_word' id='word_1_46' title='bbox 1856 638 1933 685; x_wconf 89' lang='lat' dir='ltr'>non</span> <span class='ocrx_word' id='word_1_47' title='bbox 1957 630 1997 688; x_wconf 92' lang='lat' dir='ltr'>ot</span> <span class='ocrx_word' id='word_1_48' title='bbox 2010 620 2162 693; x_wconf 87' lang='lat' dir='ltr'>solidam</span> <span class='ocrx_word' id='word_1_49' title='bbox 2186 630 2319 700; x_wconf 91' lang='lat' dir='ltr'>doctri·</span> 
     </span>
    </p>
   </div>
   <div class='ocr_carea' id='block_1_4' title="bbox 184 715 2326 3238">
    <p class='ocr_par' dir='ltr' id='par_1_4' title="bbox 285 715 2326 1423">
     <span class='ocr_line' id='line_1_5' title="bbox 287 715 2321 819; baseline 0.002 -20"><span class='ocrx_word' id='word_1_50' title='bbox 287 729 333 800; x_wconf 91' lang='lat' dir='ltr'>ad</span> <span class='ocrx_word' id='word_1_51' title='bbox 348 721 596 794; x_wconf 78' lang='lat' dir='ltr'>excercendum</span> <span class='ocrx_word' id='word_1_52' title='bbox 614 717 831 789; x_wconf 76' lang='lat' dir='ltr'>Medicinam</span> <span class='ocrx_word' id='word_1_53' title='bbox 851 739 926 786; x_wconf 91' lang='lat' dir='ltr'>non</span> <span class='ocrx_word' id='word_1_54' title='bbox 946 716 1061 787; x_wconf 90' lang='lat' dir='ltr'>solum</span> <span class='ocrx_word' id='word_1_55' title='bbox 1079 715 1199 786; x_wconf 83' lang='lat' dir='ltr'>afferri</span> <span class='ocrx_word' id='word_1_56' title='bbox 1212 717 1275 785; x_wconf 89' lang='lat' dir='ltr'>de-</span> <span class='ocrx_word' id='word_1_57' title='bbox 1325 740 1408 786; x_wconf 90' lang='lat' dir='ltr'>nam</span> <span class='ocrx_word' id='word_1_58' title='bbox 1423 716 1609 808; x_wconf 88' lang='lat' dir='ltr'>percipiat,</span> <span class='ocrx_word' id='word_1_59' title='bbox 1633 716 1692 786; x_wconf 89' lang='lat' dir='ltr'>sed</span> <span class='ocrx_word' id='word_1_60' title='bbox 1706 729 1744 786; x_wconf 90' lang='lat' dir='ltr'>ut</span> <span class='ocrx_word' id='word_1_61' title='bbox 1758 716 1966 808; x_wconf 86' lang='lat' dir='ltr'>opinionem</span> <span class='ocrx_word' id='word_1_62' title='bbox 1978 725 2158 813; x_wconf 79' lang='lat' dir='ltr'>qtmudam</span> <span class='ocrx_word' id='word_1_63' title='bbox 2171 731 2321 819; x_wconf 85' lang='lat' dir='ltr'>auferat,</span> 
     </span>
     <span class='ocr_line' id='line_1_6' title="bbox 285 816 2321 920; baseline 0.001 -25"><span class='ocrx_word' id='word_1_64' title='bbox 285 831 369 899; x_wconf 90' lang='lat' dir='ltr'>bere</span> <span class='ocrx_word' id='word_1_65' title='bbox 385 824 547 912; x_wconf 74' lang='lat' dir='ltr'>vulgares</span> <span class='ocrx_word' id='word_1_66' title='bbox 563 819 843 904; x_wconf 90' lang='lat' dir='ltr'>observationes,</span> <span class='ocrx_word' id='word_1_67' title='bbox 865 831 926 888; x_wconf 91' lang='lat' dir='ltr'>aut</span> <span class='ocrx_word' id='word_1_68' title='bbox 940 817 1194 911; x_wconf 85' lang='lat' dir='ltr'>experimenta,</span> <span class='ocrx_word' id='word_1_69' title='bbox 1213 816 1275 886; x_wconf 86' lang='lat' dir='ltr'>sed</span> <span class='ocrx_word' id='word_1_70' title='bbox 1326 841 1394 909; x_wconf 92' lang='lat' dir='ltr'>qua</span> <span class='ocrx_word' id='word_1_71' title='bbox 1409 840 1446 886; x_wconf 88' lang='lat' dir='ltr'>se</span> <span class='ocrx_word' id='word_1_72' title='bbox 1461 817 1618 887; x_wconf 83' lang='lat' dir='ltr'>venditet</span> <span class='ocrx_word' id='word_1_73' title='bbox 1629 817 1723 908; x_wconf 90' lang='lat' dir='ltr'>apud</span> <span class='ocrx_word' id='word_1_74' title='bbox 1739 817 1937 908; x_wconf 85' lang='lat' dir='ltr'>imperitos.</span> <span class='ocrx_word' id='word_1_75' title='bbox 1987 818 2036 892; x_wconf 81' lang='lat' dir='ltr'>At</span> <span class='ocrx_word' id='word_1_76' title='bbox 2053 847 2093 894; x_wconf 85' lang='lat' dir='ltr'>ea</span> <span class='ocrx_word' id='word_1_77' title='bbox 2111 829 2236 920; x_wconf 91' lang='lat' dir='ltr'>opinio</span> <span class='ocrx_word' id='word_1_78' title='bbox 2252 827 2321 904; x_wconf 89' lang='lat' dir='ltr'>ho.</span> 
     </span>
     <span class='ocr_line' id='line_1_7' title="bbox 285 916 2321 1025; baseline 0 -27"><span class='ocrx_word' id='word_1_79' title='bbox 285 926 400 998; x_wconf 90' lang='lat' dir='ltr'>multo</span> <span class='ocrx_word' id='word_1_80' title='bbox 415 923 527 1015; x_wconf 87' lang='lat' dir='ltr'>magis</span> <span class='ocrx_word' id='word_1_81' title='bbox 538 921 712 992; x_wconf 89' lang='lat' dir='ltr'>rationem</span> <span class='ocrx_word' id='word_1_82' title='bbox 726 942 767 989; x_wconf 90' lang='lat' dir='ltr'>ac</span> <span class='ocrx_word' id='word_1_83' title='bbox 777 919 992 1000; x_wconf 88' lang='lat' dir='ltr'>doctrinam,</span> <span class='ocrx_word' id='word_1_84' title='bbox 1018 918 1057 987; x_wconf 92' lang='lat' dir='ltr'>id</span> <span class='ocrx_word' id='word_1_85' title='bbox 1070 920 1166 1011; x_wconf 91' lang='lat' dir='ltr'>quod</span> <span class='ocrx_word' id='word_1_86' title='bbox 1182 916 1276 1008; x_wconf 87' lang='lat' dir='ltr'>Hip-</span> <span class='ocrx_word' id='word_1_87' title='bbox 1326 917 1465 987; x_wconf 89' lang='lat' dir='ltr'>minum</span> <span class='ocrx_word' id='word_1_88' title='bbox 1490 918 1615 988; x_wconf 84' lang='lat' dir='ltr'>leviter</span> <span class='ocrx_word' id='word_1_89' title='bbox 1635 918 1822 988; x_wconf 90' lang='lat' dir='ltr'>doctorum</span> <span class='ocrx_word' id='word_1_90' title='bbox 1848 920 1887 988; x_wconf 94' lang='lat' dir='ltr'>in</span> <span class='ocrx_word' id='word_1_91' title='bbox 1909 935 2030 993; x_wconf 88' lang='lat' dir='ltr'>nostra</span> <span class='ocrx_word' id='word_1_92' title='bbox 2059 929 2203 1019; x_wconf 91' lang='lat' dir='ltr'>quidem</span> <span class='ocrx_word' id='word_1_93' title='bbox 2232 958 2321 1025; x_wconf 82' lang='lat' dir='ltr'>pro.</span> 
     </span>
     <span class='ocr_line' id='line_1_8' title="bbox 287 1016 2321 1124; baseline 0.003 -25"><span class='ocrx_word' id='word_1_94' title='bbox 287 1041 447 1124; x_wconf 88' lang='lat' dir='ltr'>pocrates</span> <span class='ocrx_word' id='word_1_95' title='bbox 463 1040 498 1096; x_wconf 92' lang='lat' dir='ltr'>et</span> <span class='ocrx_word' id='word_1_96' title='bbox 513 1021 687 1116; x_wconf 89' lang='lat' dir='ltr'>praestitit</span> <span class='ocrx_word' id='word_1_97' title='bbox 708 1021 783 1113; x_wconf 91' lang='lat' dir='ltr'>ipse</span> <span class='ocrx_word' id='word_1_98' title='bbox 797 1019 978 1114; x_wconf 90' lang='lat' dir='ltr'>princeps,</span> <span class='ocrx_word' id='word_1_99' title='bbox 1002 1035 1037 1091; x_wconf 90' lang='lat' dir='ltr'>et</span> <span class='ocrx_word' id='word_1_100' title='bbox 1052 1032 1093 1090; x_wconf 88' lang='lat' dir='ltr'>ut</span> <span class='ocrx_word' id='word_1_101' title='bbox 1114 1019 1208 1089; x_wconf 91' lang='lat' dir='ltr'>idem</span> <span class='ocrx_word' id='word_1_102' title='bbox 1223 1016 1276 1087; x_wconf 85' lang='lat' dir='ltr'>ia·</span> <span class='ocrx_word' id='word_1_103' title='bbox 1325 1018 1478 1087; x_wconf 77' lang='lat' dir='ltr'>sessione</span> <span class='ocrx_word' id='word_1_104' title='bbox 1491 1019 1685 1110; x_wconf 91' lang='lat' dir='ltr'>plurimum</span> <span class='ocrx_word' id='word_1_105' title='bbox 1707 1018 1809 1089; x_wconf 83' lang='lat' dir='ltr'>affert</span> <span class='ocrx_word' id='word_1_106' title='bbox 1832 1022 2001 1112; x_wconf 87' lang='lat' dir='ltr'>periculi,</span> <span class='ocrx_word' id='word_1_107' title='bbox 2025 1049 2088 1096; x_wconf 82' lang='lat' dir='ltr'>seu</span> <span class='ocrx_word' id='word_1_108' title='bbox 2110 1044 2150 1101; x_wconf 92' lang='lat' dir='ltr'>ut</span> <span class='ocrx_word' id='word_1_109' title='bbox 2170 1034 2321 1107; x_wconf 90' lang='lat' dir='ltr'>liberius</span> 
     </span>
     <span class='ocr_line' id='line_1_9' title="bbox 289 1116 2326 1225; baseline -0.003 -24"><span class='ocrx_word' id='word_1_110' title='bbox 289 1133 385 1201; x_wconf 87' lang='lat' dir='ltr'>ciant</span> <span class='ocrx_word' id='word_1_111' title='bbox 408 1127 469 1197; x_wconf 90' lang='lat' dir='ltr'>alii</span> <span class='ocrx_word' id='word_1_112' title='bbox 489 1123 695 1216; x_wconf 83' lang='lat' dir='ltr'>gravissime</span> <span class='ocrx_word' id='word_1_113' title='bbox 711 1121 903 1215; x_wconf 84' lang='lat' dir='ltr'>praecipit,</span> <span class='ocrx_word' id='word_1_114' title='bbox 934 1135 969 1192; x_wconf 93' lang='lat' dir='ltr'>et</span> <span class='ocrx_word' id='word_1_115' title='bbox 991 1121 1133 1214; x_wconf 85' lang='lat' dir='ltr'>quidem</span> <span class='ocrx_word' id='word_1_116' title='bbox 1159 1118 1277 1213; x_wconf 89' lang='lat' dir='ltr'>inquit</span> <span class='ocrx_word' id='word_1_117' title='bbox 1328 1120 1415 1188; x_wconf 91' lang='lat' dir='ltr'>dicit</span> <span class='ocrx_word' id='word_1_118' title='bbox 1428 1116 1661 1211; x_wconf 87' lang='lat' dir='ltr'>Hippocrates</span> <span class='ocrx_word' id='word_1_119' title='bbox 1680 1121 1873 1211; x_wconf 90' lang='lat' dir='ltr'>perniciem</span> <span class='ocrx_word' id='word_1_120' title='bbox 1897 1126 2011 1196; x_wconf 81' lang='lat' dir='ltr'>adfert</span> <span class='ocrx_word' id='word_1_121' title='bbox 2034 1122 2111 1214; x_wconf 89' lang='lat' dir='ltr'>his,</span> <span class='ocrx_word' id='word_1_122' title='bbox 2143 1135 2205 1225; x_wconf 88' lang='lat' dir='ltr'>qni</span> <span class='ocrx_word' id='word_1_123' title='bbox 2233 1136 2326 1207; x_wconf 64' lang='lat' dir='ltr'>tale..</span> 
     </span>
     <span class='ocr_line' id='line_1_10' title="bbox 288 1218 2319 1326; baseline -0 -23"><span class='ocrx_word' id='word_1_124' title='bbox 288 1230 470 1303; x_wconf 91' lang='lat' dir='ltr'>Medicum</span> <span class='ocrx_word' id='word_1_125' title='bbox 493 1224 753 1318; x_wconf 87' lang='lat' dir='ltr'>Philosophum</span> <span class='ocrx_word' id='word_1_126' title='bbox 777 1223 894 1293; x_wconf 88' lang='lat' dir='ltr'>virum</span> <span class='ocrx_word' id='word_1_127' title='bbox 911 1222 1074 1291; x_wconf 87' lang='lat' dir='ltr'>divinum</span> <span class='ocrx_word' id='word_1_128' title='bbox 1098 1243 1190 1305; x_wconf 88' lang='lat' dir='ltr'>esse,</span> <span class='ocrx_word' id='word_1_129' title='bbox 1214 1243 1276 1289; x_wconf 91' lang='lat' dir='ltr'>seu</span> <span class='ocrx_word' id='word_1_130' title='bbox 1329 1221 1532 1297; x_wconf 83' lang='lat' dir='ltr'>consulunt.</span> <span class='ocrx_word' id='word_1_131' title='bbox 1591 1218 1691 1291; x_wconf 90' lang='lat' dir='ltr'>ldem</span> <span class='ocrx_word' id='word_1_132' title='bbox 1713 1223 1818 1293; x_wconf 83' lang='lat' dir='ltr'>video</span> <span class='ocrx_word' id='word_1_133' title='bbox 1839 1226 1997 1298; x_wconf 89' lang='lat' dir='ltr'>accidere</span> <span class='ocrx_word' id='word_1_134' title='bbox 2018 1229 2058 1298; x_wconf 93' lang='lat' dir='ltr'>in</span> <span class='ocrx_word' id='word_1_135' title='bbox 2081 1233 2162 1303; x_wconf 89' lang='lat' dir='ltr'>aliis</span> <span class='ocrx_word' id='word_1_136' title='bbox 2184 1238 2319 1326; x_wconf 84' lang='lat' dir='ltr'>proies-</span> 
     </span>
     <span class='ocr_line' id='line_1_11' title="bbox 288 1318 1500 1423; baseline -0.012 -19"><span class='ocrx_word' id='word_1_137' title='bbox 288 1347 330 1404; x_wconf 95' lang='lat' dir='ltr'>ut</span> <span class='ocrx_word' id='word_1_138' title='bbox 350 1331 462 1423; x_wconf 89' lang='lat' dir='ltr'>ipsius</span> <span class='ocrx_word' id='word_1_139' title='bbox 484 1330 630 1398; x_wconf 90' lang='lat' dir='ltr'>verbum</span> <span class='ocrx_word' id='word_1_140' title='bbox 664 1324 879 1416; x_wconf 83' lang='lat' dir='ltr'>exprimam,</span> <span class='ocrx_word' id='word_1_141' title='bbox 911 1320 988 1392; x_wconf 88' lang='lat' dir='ltr'>Deo</span> <span class='ocrx_word' id='word_1_142' title='bbox 1013 1322 1175 1395; x_wconf 88' lang='lat' dir='ltr'>similem.</span> <span class='ocrx_word' id='word_1_143' title='bbox 1235 1318 1276 1390; x_wconf 88' lang='lat' dir='ltr'>ld</span> <span class='ocrx_word' id='word_1_144' title='bbox 1329 1322 1500 1392; x_wconf 88' lang='lat' dir='ltr'>sionibus.</span> 
     </span>
    </p>

    <p class='ocr_par' dir='ltr' id='par_1_5' title="bbox 184 1419 2320 3238">
     <span class='ocr_line' id='line_1_12' title="bbox 289 1419 2318 1531; baseline 0.001 -27"><span class='ocrx_word' id='word_1_145' title='bbox 289 1448 381 1504; x_wconf 90' lang='lat' dir='ltr'>certe</span> <span class='ocrx_word' id='word_1_146' title='bbox 395 1435 442 1501; x_wconf 91' lang='lat' dir='ltr'>oh</span> <span class='ocrx_word' id='word_1_147' title='bbox 459 1453 535 1499; x_wconf 91' lang='lat' dir='ltr'>eam</span> <span class='ocrx_word' id='word_1_148' title='bbox 549 1451 687 1499; x_wconf 90' lang='lat' dir='ltr'>causam</span> <span class='ocrx_word' id='word_1_149' title='bbox 703 1425 808 1504; x_wconf 89' lang='lat' dir='ltr'>dicit,</span> <span class='ocrx_word' id='word_1_150' title='bbox 833 1439 873 1495; x_wconf 91' lang='lat' dir='ltr'>ut</span> <span class='ocrx_word' id='word_1_151' title='bbox 889 1419 1050 1494; x_wconf 89' lang='lat' dir='ltr'>hortetur</span> <span class='ocrx_word' id='word_1_152' title='bbox 1065 1446 1131 1492; x_wconf 90' lang='lat' dir='ltr'>noa</span> <span class='ocrx_word' id='word_1_153' title='bbox 1152 1425 1198 1492; x_wconf 92' lang='lat' dir='ltr'>ad</span> <span class='ocrx_word' id='word_1_154' title='bbox 1213 1446 1278 1492; x_wconf 90' lang='lat' dir='ltr'>ua·</span> <span class='ocrx_word' id='word_1_155' title='bbox 1427 1421 1552 1492; x_wconf 85' lang='lat' dir='ltr'>Redeo</span> <span class='ocrx_word' id='word_1_156' title='bbox 1567 1423 1684 1513; x_wconf 87' lang='lat' dir='ltr'>&#39;igitur</span> <span class='ocrx_word' id='word_1_157' title='bbox 1710 1422 1756 1492; x_wconf 86' lang='lat' dir='ltr'>ad</span> <span class='ocrx_word' id='word_1_158' title='bbox 1782 1422 2055 1518; x_wconf 85' lang='lat' dir='ltr'>Hippocratem,</span> <span class='ocrx_word' id='word_1_159' title='bbox 2089 1428 2196 1506; x_wconf 86' lang='lat' dir='ltr'>huius</span> <span class='ocrx_word' id='word_1_160' title='bbox 2218 1440 2318 1531; x_wconf 89' lang='lat' dir='ltr'>sequi</span> 
     </span>
     <span class='ocr_line' id='line_1_13' title="bbox 200 1517 2317 1626; baseline -0.001 -19"><span class='ocrx_word' id='word_1_161' title='bbox 200 1572 206 1577; x_wconf 95' lang='lat'>·</span> <span class='ocrx_word' id='word_1_162' title='bbox 289 1551 388 1606; x_wconf 88' lang='lat' dir='ltr'>turae</span> <span class='ocrx_word' id='word_1_163' title='bbox 403 1546 436 1601; x_wconf 92' lang='lat' dir='ltr'>et</span> <span class='ocrx_word' id='word_1_164' title='bbox 451 1552 634 1599; x_wconf 89' lang='lat' dir='ltr'>causarum</span> <span class='ocrx_word' id='word_1_165' title='bbox 649 1527 905 1615; x_wconf 85' lang='lat' dir='ltr'>cognitionem,</span> <span class='ocrx_word' id='word_1_166' title='bbox 931 1549 1021 1619; x_wconf 92' lang='lat' dir='ltr'>quae</span> <span class='ocrx_word' id='word_1_167' title='bbox 1035 1549 1114 1595; x_wconf 90' lang='lat' dir='ltr'>cum</span> <span class='ocrx_word' id='word_1_168' title='bbox 1128 1524 1139 1591; x_wconf 91' lang='lat' dir='ltr'>i</span> <span class='ocrx_word' id='word_1_169' title='bbox 1145 1548 1202 1614; x_wconf 85' lang='lat' dir='ltr'>psa</span> <span class='ocrx_word' id='word_1_170' title='bbox 1217 1547 1279 1616; x_wconf 89' lang='lat' dir='ltr'>per</span> <span class='ocrx_word' id='word_1_171' title='bbox 1330 1517 1578 1595; x_wconf 88' lang='lat' dir='ltr'>authoritatem</span> <span class='ocrx_word' id='word_1_172' title='bbox 1596 1546 1658 1594; x_wconf 89' lang='lat' dir='ltr'>vos</span> <span class='ocrx_word' id='word_1_173' title='bbox 1673 1525 1859 1618; x_wconf 86' lang='lat' dir='ltr'>praecipue</span> <span class='ocrx_word' id='word_1_174' title='bbox 1880 1530 1998 1615; x_wconf 91' lang='lat' dir='ltr'>dccet,</span> <span class='ocrx_word' id='word_1_175' title='bbox 2022 1535 2085 1626; x_wconf 93' lang='lat' dir='ltr'>qui</span> <span class='ocrx_word' id='word_1_176' title='bbox 2100 1535 2317 1609; x_wconf 86' lang='lat' dir='ltr'>Medicinam</span> 
     </span>
     <span class='ocr_line' id='line_1_14' title="bbox 290 1622 2320 1719; baseline -0.002 -13"><span class='ocrx_word' id='word_1_177' title='bbox 290 1658 363 1706; x_wconf 92' lang='lat' dir='ltr'>sese</span> <span class='ocrx_word' id='word_1_178' title='bbox 376 1657 432 1703; x_wconf 88' lang='lat' dir='ltr'>res</span> <span class='ocrx_word' id='word_1_179' title='bbox 448 1629 641 1713; x_wconf 88' lang='lat' dir='ltr'>eiusmodi,</span> <span class='ocrx_word' id='word_1_180' title='bbox 666 1623 759 1697; x_wconf 88' lang='lat' dir='ltr'>nibil</span> <span class='ocrx_word' id='word_1_181' title='bbox 775 1642 815 1697; x_wconf 91' lang='lat' dir='ltr'>ut</span> <span class='ocrx_word' id='word_1_182' title='bbox 831 1627 1033 1716; x_wconf 88' lang='lat' dir='ltr'>contingere</span> <span class='ocrx_word' id='word_1_183' title='bbox 1048 1622 1188 1695; x_wconf 92' lang='lat' dir='ltr'>homini</span> <span class='ocrx_word' id='word_1_184' title='bbox 1203 1648 1279 1693; x_wconf 91' lang='lat' dir='ltr'>me-</span> <span class='ocrx_word' id='word_1_185' title='bbox 1329 1624 1554 1715; x_wconf 86' lang='lat' dir='ltr'>profitemini.</span> <span class='ocrx_word' id='word_1_186' title='bbox 1612 1623 1682 1694; x_wconf 91' lang='lat' dir='ltr'>Hic</span> <span class='ocrx_word' id='word_1_187' title='bbox 1703 1648 1766 1695; x_wconf 83' lang='lat' dir='ltr'>vos</span> <span class='ocrx_word' id='word_1_188' title='bbox 1789 1641 1823 1698; x_wconf 93' lang='lat' dir='ltr'>et</span> <span class='ocrx_word' id='word_1_189' title='bbox 1842 1642 1943 1699; x_wconf 87' lang='lat' dir='ltr'>vocat</span> <span class='ocrx_word' id='word_1_190' title='bbox 1955 1633 2001 1719; x_wconf 86' lang='lat' dir='ltr'>ad</span> <span class='ocrx_word' id='word_1_191' title='bbox 2016 1636 2165 1709; x_wconf 89' lang='lat' dir='ltr'>solidam</span> <span class='ocrx_word' id='word_1_192' title='bbox 2184 1640 2320 1712; x_wconf 88' lang='lat' dir='ltr'>doctri.</span> 
     </span>
     <span class='ocr_line' id='line_1_15' title="bbox 290 1725 2319 1830; baseline -0.002 -25"><span class='ocrx_word' id='word_1_193' title='bbox 290 1737 378 1813; x_wconf 90' lang='lat' dir='ltr'>lius,</span> <span class='ocrx_word' id='word_1_194' title='bbox 403 1757 444 1802; x_wconf 90' lang='lat' dir='ltr'>ac</span> <span class='ocrx_word' id='word_1_195' title='bbox 467 1730 625 1800; x_wconf 89' lang='lat' dir='ltr'>divinius</span> <span class='ocrx_word' id='word_1_196' title='bbox 645 1728 775 1821; x_wconf 89' lang='lat' dir='ltr'>possit,</span> <span class='ocrx_word' id='word_1_197' title='bbox 806 1741 881 1798; x_wconf 91' lang='lat' dir='ltr'>tum</span> <span class='ocrx_word' id='word_1_198' title='bbox 907 1752 990 1797; x_wconf 90' lang='lat' dir='ltr'>vero</span> <span class='ocrx_word' id='word_1_199' title='bbox 1014 1728 1062 1796; x_wconf 90' lang='lat' dir='ltr'>ita</span> <span class='ocrx_word' id='word_1_200' title='bbox 1084 1725 1277 1796; x_wconf 88' lang='lat' dir='ltr'>necessaria</span> <span class='ocrx_word' id='word_1_201' title='bbox 1330 1748 1433 1806; x_wconf 85' lang='lat' dir='ltr'>nam,</span> <span class='ocrx_word' id='word_1_202' title='bbox 1459 1739 1493 1796; x_wconf 93' lang='lat' dir='ltr'>et</span> <span class='ocrx_word' id='word_1_203' title='bbox 1510 1727 1675 1797; x_wconf 87' lang='lat' dir='ltr'>instruxit</span> <span class='ocrx_word' id='word_1_204' title='bbox 1700 1726 1773 1796; x_wconf 90' lang='lat' dir='ltr'>suis</span> <span class='ocrx_word' id='word_1_205' title='bbox 1788 1729 2033 1802; x_wconf 87' lang='lat' dir='ltr'>eruditissimis</span> <span class='ocrx_word' id='word_1_206' title='bbox 2047 1739 2197 1830; x_wconf 70' lang='lat' dir='ltr'>scriptis,</span> <span class='ocrx_word' id='word_1_207' title='bbox 2248 1743 2319 1811; x_wconf 66' lang='lat' dir='ltr'>Vir</span> 
     </span>
     <span class='ocr_line' id='line_1_16' title="bbox 291 1824 2319 1926; baseline -0.002 -22"><span class='ocrx_word' id='word_1_208' title='bbox 291 1851 345 1908; x_wconf 88' lang='lat' dir='ltr'>est</span> <span class='ocrx_word' id='word_1_209' title='bbox 363 1835 401 1901; x_wconf 86' lang='lat' dir='ltr'>in</span> <span class='ocrx_word' id='word_1_210' title='bbox 425 1833 615 1902; x_wconf 88' lang='lat' dir='ltr'>exercenda</span> <span class='ocrx_word' id='word_1_211' title='bbox 640 1842 732 1913; x_wconf 90' lang='lat' dir='ltr'>arte,</span> <span class='ocrx_word' id='word_1_212' title='bbox 765 1841 804 1898; x_wconf 91' lang='lat' dir='ltr'>ut</span> <span class='ocrx_word' id='word_1_213' title='bbox 831 1827 903 1912; x_wconf 89' lang='lat' dir='ltr'>illi,</span> <span class='ocrx_word' id='word_1_214' title='bbox 928 1828 991 1922; x_wconf 91' lang='lat' dir='ltr'>qui</span> <span class='ocrx_word' id='word_1_215' title='bbox 1016 1851 1089 1896; x_wconf 92' lang='lat' dir='ltr'>non</span> <span class='ocrx_word' id='word_1_216' title='bbox 1106 1824 1279 1897; x_wconf 84' lang='lat' dir='ltr'>adhibent</span> <span class='ocrx_word' id='word_1_217' title='bbox 1330 1827 1475 1918; x_wconf 84' lang='lat' dir='ltr'>dignus,</span> <span class='ocrx_word' id='word_1_218' title='bbox 1498 1851 1603 1920; x_wconf 88' lang='lat' dir='ltr'>quem</span> <span class='ocrx_word' id='word_1_219' title='bbox 1616 1840 1762 1919; x_wconf 90' lang='lat' dir='ltr'>propter</span> <span class='ocrx_word' id='word_1_220' title='bbox 1773 1829 1908 1920; x_wconf 87' lang='lat' dir='ltr'>ingenii</span> <span class='ocrx_word' id='word_1_221' title='bbox 1924 1833 2160 1926; x_wconf 76' lang='lat' dir='ltr'>divinitatem,</span> <span class='ocrx_word' id='word_1_222' title='bbox 2187 1856 2221 1913; x_wconf 62' lang='grc' dir='ltr'>ει</span> <span class='ocrx_word' id='word_1_223' title='bbox 2237 1867 2319 1913; x_wconf 62' lang='lat' dir='ltr'>ma.</span> 
     </span>
     <span class='ocr_line' id='line_1_17' title="bbox 291 1926 2319 2023; baseline -0.002 -16"><span class='ocrx_word' id='word_1_224' title='bbox 291 1934 505 2016; x_wconf 90' lang='lat' dir='ltr'>doctrinam,</span> <span class='ocrx_word' id='word_1_225' title='bbox 530 1930 726 2014; x_wconf 86' lang='lat' dir='ltr'>carnifices,</span> <span class='ocrx_word' id='word_1_226' title='bbox 751 1952 826 1999; x_wconf 92' lang='lat' dir='ltr'>non</span> <span class='ocrx_word' id='word_1_227' title='bbox 843 1926 978 1998; x_wconf 89' lang='lat' dir='ltr'>Medici</span> <span class='ocrx_word' id='word_1_228' title='bbox 997 1927 1179 1998; x_wconf 91' lang='lat' dir='ltr'>iudicandi</span> <span class='ocrx_word' id='word_1_229' title='bbox 1196 1928 1277 1998; x_wconf 92' lang='lat' dir='ltr'>sint.</span> <span class='ocrx_word' id='word_1_230' title='bbox 1329 1928 1425 1997; x_wconf 90' lang='lat' dir='ltr'>xima</span> <span class='ocrx_word' id='word_1_231' title='bbox 1443 1929 1584 2013; x_wconf 88' lang='lat' dir='ltr'>merita,</span> <span class='ocrx_word' id='word_1_232' title='bbox 1609 1942 1643 1999; x_wconf 92' lang='lat' dir='ltr'>et</span> <span class='ocrx_word' id='word_1_233' title='bbox 1659 1951 1816 2000; x_wconf 89' lang='lat' dir='ltr'>amemus</span> <span class='ocrx_word' id='word_1_234' title='bbox 1833 1945 1867 2001; x_wconf 91' lang='lat' dir='ltr'>et</span> <span class='ocrx_word' id='word_1_235' title='bbox 1882 1934 2131 2023; x_wconf 83' lang='lat' dir='ltr'>praedicemus.</span> <span class='ocrx_word' id='word_1_236' title='bbox 2184 1940 2237 2013; x_wconf 86' lang='lat' dir='ltr'>Ac</span> <span class='ocrx_word' id='word_1_237' title='bbox 2253 1968 2319 2014; x_wconf 81' lang='lat' dir='ltr'>ve.</span> 
     </span>
     <span class='ocr_line' id='line_1_18' title="bbox 288 2028 2320 2132; baseline 0.002 -22"><span class='ocrx_word' id='word_1_238' title='bbox 288 2037 372 2110; x_wconf 89' lang='lat' dir='ltr'>Non</span> <span class='ocrx_word' id='word_1_239' title='bbox 387 2034 483 2103; x_wconf 89' lang='lat' dir='ltr'>enim</span> <span class='ocrx_word' id='word_1_240' title='bbox 505 2032 581 2101; x_wconf 86' lang='lat' dir='ltr'>fieri</span> <span class='ocrx_word' id='word_1_241' title='bbox 606 2043 720 2122; x_wconf 91' lang='lat' dir='ltr'>potest</span> <span class='ocrx_word' id='word_1_242' title='bbox 747 2029 785 2098; x_wconf 93' lang='lat' dir='ltr'>in</span> <span class='ocrx_word' id='word_1_243' title='bbox 809 2043 905 2100; x_wconf 89' lang='lat' dir='ltr'>tanta</span> <span class='ocrx_word' id='word_1_244' title='bbox 928 2053 1133 2112; x_wconf 87' lang='lat' dir='ltr'>causarum,</span> <span class='ocrx_word' id='word_1_245' title='bbox 1159 2043 1194 2097; x_wconf 91' lang='lat' dir='ltr'>et</span> <span class='ocrx_word' id='word_1_246' title='bbox 1209 2028 1280 2098; x_wconf 90' lang='lat' dir='ltr'>cir·</span> <span class='ocrx_word' id='word_1_247' title='bbox 1330 2042 1421 2098; x_wconf 89' lang='lat' dir='ltr'>teres</span> <span class='ocrx_word' id='word_1_248' title='bbox 1437 2030 1580 2121; x_wconf 90' lang='lat' dir='ltr'>quidem</span> <span class='ocrx_word' id='word_1_249' title='bbox 1597 2053 1662 2099; x_wconf 91' lang='lat' dir='ltr'>suo</span> <span class='ocrx_word' id='word_1_250' title='bbox 1683 2054 1780 2100; x_wconf 91' lang='lat' dir='ltr'>more</span> <span class='ocrx_word' id='word_1_251' title='bbox 1799 2034 1997 2106; x_wconf 91' lang='lat' dir='ltr'>retulerunt</span> <span class='ocrx_word' id='word_1_252' title='bbox 2012 2062 2090 2110; x_wconf 92' lang='lat' dir='ltr'>eum</span> <span class='ocrx_word' id='word_1_253' title='bbox 2108 2043 2320 2132; x_wconf 88' lang='lat' dir='ltr'>interDeos,</span> 
     </span>
     <span class='ocr_line' id='line_1_19' title="bbox 290 2125 2318 2221; baseline 0.001 -10"><span class='ocrx_word' id='word_1_254' title='bbox 290 2135 581 2211; x_wconf 88' lang='lat' dir='ltr'>cumstantiarum</span> <span class='ocrx_word' id='word_1_255' title='bbox 607 2132 795 2215; x_wconf 87' lang='lat' dir='ltr'>varietate,</span> <span class='ocrx_word' id='word_1_256' title='bbox 827 2143 868 2199; x_wconf 92' lang='lat' dir='ltr'>ut</span> <span class='ocrx_word' id='word_1_257' title='bbox 884 2130 977 2199; x_wconf 91' lang='lat' dir='ltr'>idem</span> <span class='ocrx_word' id='word_1_258' title='bbox 1001 2129 1279 2221; x_wconf 82' lang='lat' dir='ltr'>experimentum</span> <span class='ocrx_word' id='word_1_259' title='bbox 1330 2131 1425 2221; x_wconf 93' lang='lat' dir='ltr'>quod</span> <span class='ocrx_word' id='word_1_260' title='bbox 1445 2153 1555 2219; x_wconf 83' lang='lat' dir='ltr'>genus</span> <span class='ocrx_word' id='word_1_261' title='bbox 1576 2125 1724 2200; x_wconf 90' lang='lat' dir='ltr'>honoris</span> <span class='ocrx_word' id='word_1_262' title='bbox 1747 2127 1925 2206; x_wconf 88' lang='lat' dir='ltr'>habebant</span> <span class='ocrx_word' id='word_1_263' title='bbox 1947 2150 2086 2211; x_wconf 91' lang='lat' dir='ltr'>tantum</span> <span class='ocrx_word' id='word_1_264' title='bbox 2103 2144 2248 2214; x_wconf 87' lang='lat' dir='ltr'>summis</span> <span class='ocrx_word' id='word_1_265' title='bbox 2263 2148 2318 2216; x_wconf 90' lang='lat' dir='ltr'>vi-</span> 
     </span>
     <span class='ocr_line' id='line_1_20' title="bbox 239 2231 2319 2333; baseline 0.001 -25"><span class='ocrx_word' id='word_1_266' title='bbox 239 2244 249 2264; x_wconf 89' lang='lat'><strong><em>‘</em></strong></span> <span class='ocrx_word' id='word_1_267' title='bbox 290 2241 424 2331; x_wconf 89' lang='lat' dir='ltr'>ubique</span> <span class='ocrx_word' id='word_1_268' title='bbox 443 2236 575 2320; x_wconf 87' lang='lat' dir='ltr'>valeat,</span> <span class='ocrx_word' id='word_1_269' title='bbox 607 2234 703 2327; x_wconf 92' lang='lat' dir='ltr'>quod</span> <span class='ocrx_word' id='word_1_270' title='bbox 725 2255 805 2301; x_wconf 90' lang='lat' dir='ltr'>cum</span> <span class='ocrx_word' id='word_1_271' title='bbox 826 2253 901 2299; x_wconf 90' lang='lat' dir='ltr'>non</span> <span class='ocrx_word' id='word_1_272' title='bbox 922 2231 968 2301; x_wconf 90' lang='lat' dir='ltr'>sit</span> <span class='ocrx_word' id='word_1_273' title='bbox 987 2231 1196 2314; x_wconf 90' lang='lat' dir='ltr'>obscurum,</span> <span class='ocrx_word' id='word_1_274' title='bbox 1227 2243 1281 2299; x_wconf 91' lang='lat' dir='ltr'>ta·</span> <span class='ocrx_word' id='word_1_275' title='bbox 1332 2231 1399 2308; x_wconf 90' lang='lat' dir='ltr'>ris,</span> <span class='ocrx_word' id='word_1_276' title='bbox 1424 2245 1459 2301; x_wconf 91' lang='lat' dir='ltr'>ct</span> <span class='ocrx_word' id='word_1_277' title='bbox 1472 2232 1605 2322; x_wconf 93' lang='lat' dir='ltr'>optime</span> <span class='ocrx_word' id='word_1_278' title='bbox 1618 2233 1754 2301; x_wconf 85' lang='lat' dir='ltr'>meritis</span> <span class='ocrx_word' id='word_1_279' title='bbox 1766 2235 1812 2303; x_wconf 94' lang='lat' dir='ltr'>de</span> <span class='ocrx_word' id='word_1_280' title='bbox 1828 2231 1983 2306; x_wconf 90' lang='lat' dir='ltr'>humano</span> <span class='ocrx_word' id='word_1_281' title='bbox 1997 2265 2134 2332; x_wconf 85' lang='lat' dir='ltr'>genere.</span> <span class='ocrx_word' id='word_1_282' title='bbox 2186 2245 2319 2333; x_wconf 74' lang='lat' dir='ltr'>Quales</span> 
     </span>
     <span class='ocr_line' id='line_1_21' title="bbox 290 2328 2317 2436; baseline 0.001 -26"><span class='ocrx_word' id='word_1_283' title='bbox 290 2363 373 2410; x_wconf 91' lang='lat' dir='ltr'>men</span> <span class='ocrx_word' id='word_1_284' title='bbox 397 2338 427 2407; x_wconf 92' lang='lat' dir='ltr'>si</span> <span class='ocrx_word' id='word_1_285' title='bbox 450 2359 555 2430; x_wconf 89' lang='lat' dir='ltr'>quem</span> <span class='ocrx_word' id='word_1_286' title='bbox 582 2331 676 2403; x_wconf 91' lang='lat' dir='ltr'>nihil</span> <span class='ocrx_word' id='word_1_287' title='bbox 699 2328 785 2402; x_wconf 90' lang='lat' dir='ltr'>haec</span> <span class='ocrx_word' id='word_1_288' title='bbox 808 2333 1030 2403; x_wconf 87' lang='lat' dir='ltr'>eruditorum</span> <span class='ocrx_word' id='word_1_289' title='bbox 1054 2331 1186 2401; x_wconf 90' lang='lat' dir='ltr'>iudicia</span> <span class='ocrx_word' id='word_1_290' title='bbox 1202 2355 1280 2400; x_wconf 93' lang='lat' dir='ltr'>mo·</span> <span class='ocrx_word' id='word_1_291' title='bbox 1330 2330 1463 2402; x_wconf 83' lang='lat' dir='ltr'>fuerint</span> <span class='ocrx_word' id='word_1_292' title='bbox 1477 2355 1610 2417; x_wconf 90' lang='lat' dir='ltr'>mores,</span> <span class='ocrx_word' id='word_1_293' title='bbox 1634 2333 1737 2402; x_wconf 78' lang='lat' dir='ltr'>facile</span> <span class='ocrx_word' id='word_1_294' title='bbox 1751 2335 2003 2428; x_wconf 89' lang='lat' dir='ltr'>estiudicium,</span> <span class='ocrx_word' id='word_1_295' title='bbox 2030 2345 2127 2414; x_wconf 91' lang='lat' dir='ltr'>nulla</span> <span class='ocrx_word' id='word_1_296' title='bbox 2145 2349 2317 2436; x_wconf 82' lang='lat' dir='ltr'>professio</span> 
     </span>
     <span class='ocr_line' id='line_1_22' title="bbox 291 2425 2319 2539; baseline -0.002 -30"><span class='ocrx_word' id='word_1_297' title='bbox 291 2453 392 2522; x_wconf 84' lang='lat' dir='ltr'>vent,</span> <span class='ocrx_word' id='word_1_298' title='bbox 415 2436 571 2526; x_wconf 86' lang='lat' dir='ltr'>exempla</span> <span class='ocrx_word' id='word_1_299' title='bbox 584 2434 797 2517; x_wconf 91' lang='lat' dir='ltr'>consideret,</span> <span class='ocrx_word' id='word_1_300' title='bbox 822 2433 961 2525; x_wconf 92' lang='lat' dir='ltr'>qualem</span> <span class='ocrx_word' id='word_1_301' title='bbox 974 2432 1213 2502; x_wconf 83' lang='lat' dir='ltr'>carnificinam</span> <span class='ocrx_word' id='word_1_302' title='bbox 1227 2431 1279 2499; x_wconf 90' lang='lat' dir='ltr'>ilii</span> <span class='ocrx_word' id='word_1_303' title='bbox 1332 2432 1411 2524; x_wconf 87' lang='lat' dir='ltr'>plus</span> <span class='ocrx_word' id='word_1_304' title='bbox 1432 2425 1539 2503; x_wconf 92' lang='lat' dir='ltr'>habet</span> <span class='ocrx_word' id='word_1_305' title='bbox 1561 2429 1809 2516; x_wconf 85' lang='lat' dir='ltr'>humanitatis,</span> <span class='ocrx_word' id='word_1_306' title='bbox 1841 2462 1946 2530; x_wconf 89' lang='lat' dir='ltr'>quam</span> <span class='ocrx_word' id='word_1_307' title='bbox 1968 2457 2107 2524; x_wconf 86' lang='lat' dir='ltr'>nostra,</span> <span class='ocrx_word' id='word_1_308' title='bbox 2132 2442 2213 2538; x_wconf 79' lang='lat' dir='ltr'>qu&#39;ia</span> <span class='ocrx_word' id='word_1_309' title='bbox 2238 2450 2319 2539; x_wconf 78' lang='lat' dir='ltr'>opi.</span> 
     </span>
     <span class='ocr_line' id='line_1_23' title="bbox 290 2521 2319 2640; baseline 0.002 -29"><span class='ocrx_word' id='word_1_310' title='bbox 290 2521 409 2611; x_wconf 87' lang='lat' dir='ltr'>sicarii</span> <span class='ocrx_word' id='word_1_311' title='bbox 431 2549 628 2619; x_wconf 84' lang='lat' dir='ltr'>exerceant,</span> <span class='ocrx_word' id='word_1_312' title='bbox 658 2556 774 2628; x_wconf 91' lang='lat' dir='ltr'>neque</span> <span class='ocrx_word' id='word_1_313' title='bbox 796 2533 891 2601; x_wconf 91' lang='lat' dir='ltr'>enim</span> <span class='ocrx_word' id='word_1_314' title='bbox 917 2546 977 2601; x_wconf 88' lang='lat' dir='ltr'>aut</span> <span class='ocrx_word' id='word_1_315' title='bbox 999 2556 1076 2602; x_wconf 92' lang='lat' dir='ltr'>rara</span> <span class='ocrx_word' id='word_1_316' title='bbox 1094 2545 1194 2617; x_wconf 88' lang='lat' dir='ltr'>sunt,</span> <span class='ocrx_word' id='word_1_317' title='bbox 1221 2545 1281 2602; x_wconf 92' lang='lat' dir='ltr'>aut</span> <span class='ocrx_word' id='word_1_318' title='bbox 1331 2533 1466 2602; x_wconf 89' lang='lat' dir='ltr'>tulatur</span> <span class='ocrx_word' id='word_1_319' title='bbox 1480 2534 1588 2603; x_wconf 81' lang='lat' dir='ltr'>vitae:</span> <span class='ocrx_word' id='word_1_320' title='bbox 1614 2558 1654 2604; x_wconf 82' lang='lat' dir='ltr'>ac</span> <span class='ocrx_word' id='word_1_321' title='bbox 1669 2559 1716 2605; x_wconf 90' lang='lat' dir='ltr'>ne</span> <span class='ocrx_word' id='word_1_322' title='bbox 1734 2536 1811 2607; x_wconf 84' lang='lat' dir='ltr'>lieri</span> <span class='ocrx_word' id='word_1_323' title='bbox 1832 2540 1973 2632; x_wconf 90' lang='lat' dir='ltr'>quidem</span> <span class='ocrx_word' id='word_1_324' title='bbox 1990 2560 2121 2632; x_wconf 88' lang='lat' dir='ltr'>potest,</span> <span class='ocrx_word' id='word_1_325' title='bbox 2147 2549 2233 2640; x_wconf 89' lang='lat' dir='ltr'>quin</span> <span class='ocrx_word' id='word_1_326' title='bbox 2251 2545 2319 2619; x_wconf 84' lang='lat' dir='ltr'>ho-</span> 
     </span>
     <span class='ocr_line' id='line_1_24' title="bbox 184 2628 2319 2732; baseline 0.003 -19"><span class='ocrx_word' id='word_1_327' title='bbox 184 2688 190 2703; x_wconf 83' lang='lat'>.</span> <span class='ocrx_word' id='word_1_328' title='bbox 292 2642 443 2712; x_wconf 90' lang='lat' dir='ltr'>obscura</span> <span class='ocrx_word' id='word_1_329' title='bbox 459 2636 542 2706; x_wconf 89' lang='lat' dir='ltr'>talia</span> <span class='ocrx_word' id='word_1_330' title='bbox 559 2635 727 2727; x_wconf 88' lang='lat' dir='ltr'>exempla.</span> <span class='ocrx_word' id='word_1_331' title='bbox 780 2628 834 2704; x_wconf 76' lang='lat' dir='ltr'>Ac</span> <span class='ocrx_word' id='word_1_332' title='bbox 848 2634 1000 2703; x_wconf 87' lang='lat' dir='ltr'>debebat</span> <span class='ocrx_word' id='word_1_333' title='bbox 1015 2634 1157 2726; x_wconf 90' lang='lat' dir='ltr'>quidem</span> <span class='ocrx_word' id='word_1_334' title='bbox 1168 2636 1282 2702; x_wconf 90' lang='lat' dir='ltr'>bonos</span> <span class='ocrx_word' id='word_1_335' title='bbox 1331 2634 1469 2702; x_wconf 89' lang='lat' dir='ltr'>minum</span> <span class='ocrx_word' id='word_1_336' title='bbox 1486 2635 1742 2706; x_wconf 85' lang='lat' dir='ltr'>calamitatibus</span> <span class='ocrx_word' id='word_1_337' title='bbox 1763 2638 1934 2711; x_wconf 81' lang='lat' dir='ltr'>afficiatur</span> <span class='ocrx_word' id='word_1_338' title='bbox 1948 2642 2128 2732; x_wconf 86' lang='lat' dir='ltr'>Medicus,</span> <span class='ocrx_word' id='word_1_339' title='bbox 2153 2674 2232 2719; x_wconf 94' lang='lat' dir='ltr'>cum</span> <span class='ocrx_word' id='word_1_340' title='bbox 2254 2653 2319 2719; x_wconf 89' lang='lat' dir='ltr'>ad-</span> 
     </span>
     <span class='ocr_line' id='line_1_25' title="bbox 290 2735 2319 2840; baseline 0.002 -28"><span class='ocrx_word' id='word_1_341' title='bbox 290 2744 366 2834; x_wconf 89' lang='lat' dir='ltr'>ipsa</span> <span class='ocrx_word' id='word_1_342' title='bbox 394 2736 575 2809; x_wconf 89' lang='lat' dir='ltr'>doctrinae</span> <span class='ocrx_word' id='word_1_343' title='bbox 592 2736 763 2826; x_wconf 82' lang='lat' dir='ltr'>dignitas,</span> <span class='ocrx_word' id='word_1_344' title='bbox 788 2752 822 2803; x_wconf 91' lang='lat' dir='ltr'>et</span> <span class='ocrx_word' id='word_1_345' title='bbox 845 2735 998 2804; x_wconf 85' lang='lat' dir='ltr'>suavitas</span> <span class='ocrx_word' id='word_1_346' title='bbox 1013 2737 1057 2804; x_wconf 92' lang='lat' dir='ltr'>ad</span> <span class='ocrx_word' id='word_1_347' title='bbox 1074 2735 1279 2804; x_wconf 88' lang='lat' dir='ltr'>discendum</span> <span class='ocrx_word' id='word_1_348' title='bbox 1332 2749 1384 2806; x_wconf 87' lang='lat' dir='ltr'>est</span> <span class='ocrx_word' id='word_1_349' title='bbox 1405 2736 1573 2825; x_wconf 82' lang='lat' dir='ltr'>aegrotis,</span> <span class='ocrx_word' id='word_1_350' title='bbox 1607 2760 1688 2806; x_wconf 87' lang='lat' dir='ltr'>cnm</span> <span class='ocrx_word' id='word_1_351' title='bbox 1712 2738 1985 2812; x_wconf 86' lang='lat' dir='ltr'>imbecillitatem</span> <span class='ocrx_word' id='word_1_352' title='bbox 2011 2740 2156 2818; x_wconf 87' lang='lat' dir='ltr'>humani</span> <span class='ocrx_word' id='word_1_353' title='bbox 2179 2752 2319 2840; x_wconf 85' lang='lat' dir='ltr'>generis</span> 
     </span>
     <span class='ocr_line' id='line_1_26' title="bbox 291 2832 2320 2932; baseline 0.004 -19"><span class='ocrx_word' id='word_1_354' title='bbox 291 2841 461 2924; x_wconf 89' lang='lat' dir='ltr'>invitare,</span> <span class='ocrx_word' id='word_1_355' title='bbox 486 2838 582 2932; x_wconf 91' lang='lat' dir='ltr'>quod</span> <span class='ocrx_word' id='word_1_356' title='bbox 598 2838 693 2908; x_wconf 90' lang='lat' dir='ltr'>enim</span> <span class='ocrx_word' id='word_1_357' title='bbox 709 2832 846 2906; x_wconf 90' lang='lat' dir='ltr'>homini</span> <span class='ocrx_word' id='word_1_358' title='bbox 863 2859 938 2905; x_wconf 94' lang='lat' dir='ltr'>non</span> <span class='ocrx_word' id='word_1_359' title='bbox 954 2849 1150 2906; x_wconf 87' lang='lat' dir='ltr'>monstrosa</span> <span class='ocrx_word' id='word_1_360' title='bbox 1165 2848 1282 2904; x_wconf 91' lang='lat' dir='ltr'>mente</span> <span class='ocrx_word' id='word_1_361' title='bbox 1332 2838 1608 2928; x_wconf 85' lang='lat' dir='ltr'>contemplatur,</span> <span class='ocrx_word' id='word_1_362' title='bbox 1633 2833 1721 2908; x_wconf 88' lang='lat' dir='ltr'>haec</span> <span class='ocrx_word' id='word_1_363' title='bbox 1736 2840 1881 2912; x_wconf 88' lang='lat' dir='ltr'>flectunt</span> <span class='ocrx_word' id='word_1_364' title='bbox 1894 2844 2029 2916; x_wconf 87' lang='lat' dir='ltr'>animos</span> <span class='ocrx_word' id='word_1_365' title='bbox 2052 2851 2096 2919; x_wconf 91' lang='lat' dir='ltr'>ad</span> <span class='ocrx_word' id='word_1_366' title='bbox 2114 2846 2320 2922; x_wconf 87' lang='lat' dir='ltr'>humanita-</span> 
     </span>
     <span class='ocr_line' id='line_1_27' title="bbox 291 2937 2318 3039; baseline 0.004 -25"><span class='ocrx_word' id='word_1_367' title='bbox 291 2942 472 3039; x_wconf 88' lang='lat' dir='ltr'>praedito,</span> <span class='ocrx_word' id='word_1_368' title='bbox 487 2939 679 3009; x_wconf 89' lang='lat' dir='ltr'>iucundius</span> <span class='ocrx_word' id='word_1_369' title='bbox 691 2960 763 3008; x_wconf 89' lang='lat' dir='ltr'>esse</span> <span class='ocrx_word' id='word_1_370' title='bbox 776 2938 1014 3027; x_wconf 89' lang='lat' dir='ltr'>spectaculum</span> <span class='ocrx_word' id='word_1_371' title='bbox 1030 2937 1143 3006; x_wconf 89' lang='lat' dir='ltr'>ullum</span> <span class='ocrx_word' id='word_1_372' title='bbox 1157 2949 1282 3026; x_wconf 89' lang='lat' dir='ltr'>potest,</span> <span class='ocrx_word' id='word_1_373' title='bbox 1332 2950 1415 3007; x_wconf 89' lang='lat' dir='ltr'>tem.</span> <span class='ocrx_word' id='word_1_374' title='bbox 1476 2937 1645 3009; x_wconf 87' lang='lat' dir='ltr'>Videmus</span> <span class='ocrx_word' id='word_1_375' title='bbox 1672 2954 1789 3010; x_wconf 87' lang='lat' dir='ltr'>autem</span> <span class='ocrx_word' id='word_1_376' title='bbox 1818 2942 1856 3012; x_wconf 91' lang='lat' dir='ltr'>io</span> <span class='ocrx_word' id='word_1_377' title='bbox 1886 2941 2103 3038; x_wconf 87' lang='lat' dir='ltr'>Hippocrate</span> <span class='ocrx_word' id='word_1_378' title='bbox 2138 2975 2318 3022; x_wconf 89' lang='lat' dir='ltr'>summum</span> 
     </span>
     <span class='ocr_line' id='line_1_28' title="bbox 292 3032 2319 3140; baseline 0.004 -26"><span class='ocrx_word' id='word_1_379' title='bbox 292 3069 399 3140; x_wconf 92' lang='lat' dir='ltr'>quam</span> <span class='ocrx_word' id='word_1_380' title='bbox 421 3043 495 3133; x_wconf 88' lang='lat' dir='ltr'>ipsa</span> <span class='ocrx_word' id='word_1_381' title='bbox 518 3053 665 3110; x_wconf 91' lang='lat' dir='ltr'>naturae</span> <span class='ocrx_word' id='word_1_382' title='bbox 688 3036 962 3131; x_wconf 77' lang='lat' dir='ltr'>contemplatio?</span> <span class='ocrx_word' id='word_1_383' title='bbox 1002 3062 1083 3108; x_wconf 90' lang='lat' dir='ltr'>cum</span> <span class='ocrx_word' id='word_1_384' title='bbox 1105 3032 1199 3106; x_wconf 90' lang='lat' dir='ltr'>nihil</span> <span class='ocrx_word' id='word_1_385' title='bbox 1222 3050 1283 3109; x_wconf 92' lang='lat' dir='ltr'>aut</span> <span class='ocrx_word' id='word_1_386' title='bbox 1332 3038 1439 3108; x_wconf 81' lang='lat' dir='ltr'>fuisse</span> <span class='ocrx_word' id='word_1_387' title='bbox 1458 3039 1615 3110; x_wconf 91' lang='lat' dir='ltr'>studium</span> <span class='ocrx_word' id='word_1_388' title='bbox 1638 3040 1888 3114; x_wconf 87' lang='lat' dir='ltr'>benemerendi</span> <span class='ocrx_word' id='word_1_389' title='bbox 1911 3049 1955 3117; x_wconf 84' lang='lat' dir='ltr'>de</span> <span class='ocrx_word' id='word_1_390' title='bbox 1969 3043 2187 3124; x_wconf 88' lang='lat' dir='ltr'>hominibus:</span> <span class='ocrx_word' id='word_1_391' title='bbox 2213 3055 2319 3123; x_wconf 88' lang='lat' dir='ltr'>dein-</span> 
     </span>
     <span class='ocr_line' id='line_1_29' title="bbox 292 3138 2319 3238; baseline 0.003 -22"><span class='ocrx_word' id='word_1_392' title='bbox 292 3139 492 3238; x_wconf 92' lang='lat' dir='ltr'>pulcbrius,</span> <span class='ocrx_word' id='word_1_393' title='bbox 524 3153 585 3210; x_wconf 94' lang='lat' dir='ltr'>aut</span> <span class='ocrx_word' id='word_1_394' title='bbox 617 3140 744 3209; x_wconf 89' lang='lat' dir='ltr'>melius</span> <span class='ocrx_word' id='word_1_395' title='bbox 772 3139 836 3222; x_wconf 89' lang='lat' dir='ltr'>sit,</span> <span class='ocrx_word' id='word_1_396' title='bbox 876 3138 951 3229; x_wconf 90' lang='lat' dir='ltr'>ipsa</span> <span class='ocrx_word' id='word_1_397' title='bbox 988 3162 1108 3208; x_wconf 89' lang='lat' dir='ltr'>rerum</span> <span class='ocrx_word' id='word_1_398' title='bbox 1139 3151 1282 3208; x_wconf 86' lang='lat' dir='ltr'>natura:</span> <span class='ocrx_word' id='word_1_399' title='bbox 1333 3142 1474 3208; x_wconf 90' lang='lat' dir='ltr'>deuon</span> <span class='ocrx_word' id='word_1_400' title='bbox 1500 3155 1645 3230; x_wconf 88' lang='lat' dir='ltr'>possunt</span> <span class='ocrx_word' id='word_1_401' title='bbox 1666 3142 1815 3214; x_wconf 87' lang='lat' dir='ltr'>intanta</span> <span class='ocrx_word' id='word_1_402' title='bbox 1838 3149 2227 3238; x_wconf 88' lang='lat' dir='ltr'>sapientiamoresesse</span> <span class='ocrx_word' id='word_1_403' title='bbox 2244 3176 2319 3224; x_wconf 92' lang='lat' dir='ltr'>non</span> 
     </span>
    </p>
   </div>
   <div class='ocr_carea' id='block_1_5' title="bbox 108 3238 2321 3347">
    <p class='ocr_par' dir='ltr' id='par_1_6' title="bbox 108 3238 2321 3347">
     <span class='ocr_line' id='line_1_30' title="bbox 108 3238 2321 3347; baseline 0.006 -34"><span class='ocrx_word' id='word_1_404' title='bbox 108 3302 118 3313; x_wconf 96' lang='lat'>.</span> <span class='ocrx_word' id='word_1_405' title='bbox 218 3285 225 3291; x_wconf 93' lang='lat'>·</span> <span class='ocrx_word' id='word_1_406' title='bbox 292 3241 550 3318; x_wconf 89' lang='lat' dir='ltr'>deiectatenim</span> <span class='ocrx_word' id='word_1_407' title='bbox 574 3240 716 3324; x_wconf 90' lang='lat' dir='ltr'>videre,</span> <span class='ocrx_word' id='word_1_408' title='bbox 741 3239 897 3307; x_wconf 87' lang='lat' dir='ltr'>mirabili</span> <span class='ocrx_word' id='word_1_409' title='bbox 912 3238 1049 3309; x_wconf 91' lang='lat' dir='ltr'>ratione</span> <span class='ocrx_word' id='word_1_410' title='bbox 1070 3240 1190 3311; x_wconf 87' lang='lat' dir='ltr'>omnia</span> <span class='ocrx_word' id='word_1_411' title='bbox 1210 3240 1283 3309; x_wconf 88' lang='lat' dir='ltr'>dis·</span> <span class='ocrx_word' id='word_1_412' title='bbox 1334 3241 1475 3330; x_wconf 83' lang='lat' dir='ltr'>optimi3</span> <span class='ocrx_word' id='word_1_413' title='bbox 1501 3238 1616 3335; x_wconf 82' lang='lat' dir='ltr'>neque</span> <span class='ocrx_word' id='word_1_414' title='bbox 1634 3243 1729 3313; x_wconf 91' lang='lat' dir='ltr'>enim</span> <span class='ocrx_word' id='word_1_415' title='bbox 1743 3245 1817 3313; x_wconf 85' lang='lat' dir='ltr'>fieri</span> <span class='ocrx_word' id='word_1_416' title='bbox 1832 3262 1964 3336; x_wconf 89' lang='lat' dir='ltr'>potest,</span> <span class='ocrx_word' id='word_1_417' title='bbox 1985 3266 2023 3323; x_wconf 92' lang='lat' dir='ltr'>ut</span> <span class='ocrx_word' id='word_1_418' title='bbox 2042 3279 2145 3326; x_wconf 90' lang='lat' dir='ltr'>mens</span> <span class='ocrx_word' id='word_1_419' title='bbox 2156 3270 2321 3347; x_wconf 87' lang='lat' dir='ltr'>occupata</span> 
     </span>
    </p>
   </div>
   <div class='ocr_carea' id='block_1_6' title="bbox 279 3337 2326 4859">
    <p class='ocr_par' dir='ltr' id='par_1_7' title="bbox 292 3337 2326 4356">
     <span class='ocr_line' id='line_1_31' title="bbox 293 3337 2320 3436; baseline -0.003 -17"><span class='ocrx_word' id='word_1_420' title='bbox 293 3348 425 3419; x_wconf 88' lang='lat' dir='ltr'>tributa</span> <span class='ocrx_word' id='word_1_421' title='bbox 448 3362 540 3416; x_wconf 87' lang='lat' dir='ltr'>esse.</span> <span class='ocrx_word' id='word_1_422' title='bbox 573 3363 689 3432; x_wconf 87' lang='lat' dir='ltr'>neque</span> <span class='ocrx_word' id='word_1_423' title='bbox 713 3337 907 3430; x_wconf 87' lang='lat' dir='ltr'>quidquam</span> <span class='ocrx_word' id='word_1_424' title='bbox 935 3361 1007 3408; x_wconf 90' lang='lat' dir='ltr'>esse</span> <span class='ocrx_word' id='word_1_425' title='bbox 1038 3363 1079 3408; x_wconf 92' lang='lat' dir='ltr'>ex</span> <span class='ocrx_word' id='word_1_426' title='bbox 1106 3364 1177 3433; x_wconf 90' lang='lat' dir='ltr'>quo</span> <span class='ocrx_word' id='word_1_427' title='bbox 1209 3364 1284 3408; x_wconf 90' lang='lat' dir='ltr'>non</span> <span class='ocrx_word' id='word_1_428' title='bbox 1334 3341 1436 3408; x_wconf 89' lang='lat' dir='ltr'>malis</span> <span class='ocrx_word' id='word_1_429' title='bbox 1454 3344 1599 3426; x_wconf 88' lang='lat' dir='ltr'>studiis,</span> <span class='ocrx_word' id='word_1_430' title='bbox 1624 3344 1754 3436; x_wconf 88' lang='lat' dir='ltr'>pariter</span> <span class='ocrx_word' id='word_1_431' title='bbox 1773 3367 1809 3413; x_wconf 90' lang='lat' dir='ltr'>se</span> <span class='ocrx_word' id='word_1_432' title='bbox 1831 3347 1993 3418; x_wconf 89' lang='lat' dir='ltr'>intendat</span> <span class='ocrx_word' id='word_1_433' title='bbox 2009 3352 2046 3421; x_wconf 92' lang='lat' dir='ltr'>in</span> <span class='ocrx_word' id='word_1_434' title='bbox 2070 3371 2320 3428; x_wconf 61' lang='lat' dir='ltr'>tantarum.</span> 
     </span>
     <span class='ocr_line' id='line_1_32' title="bbox 293 3437 2319 3553; baseline -0.001 -35"><span class='ocrx_word' id='word_1_435' title='bbox 293 3467 441 3535; x_wconf 85' lang='lat' dir='ltr'>magnae</span> <span class='ocrx_word' id='word_1_436' title='bbox 470 3441 621 3519; x_wconf 81' lang='lat' dir='ltr'>existant</span> <span class='ocrx_word' id='word_1_437' title='bbox 650 3438 829 3510; x_wconf 88' lang='lat' dir='ltr'>utilitates.</span> <span class='ocrx_word' id='word_1_438' title='bbox 891 3437 991 3509; x_wconf 89' lang='lat' dir='ltr'>Sicut</span> <span class='ocrx_word' id='word_1_439' title='bbox 1020 3452 1055 3508; x_wconf 89' lang='lat' dir='ltr'>et</span> <span class='ocrx_word' id='word_1_440' title='bbox 1076 3439 1284 3510; x_wconf 88' lang='lat' dir='ltr'>Aristoteles</span> <span class='ocrx_word' id='word_1_441' title='bbox 1306 3507 1311 3553; x_wconf 59' lang='grc' dir='ltr'>Ι</span> <span class='ocrx_word' id='word_1_442' title='bbox 1334 3464 1414 3510; x_wconf 89' lang='lat' dir='ltr'>rum</span> <span class='ocrx_word' id='word_1_443' title='bbox 1438 3441 1713 3534; x_wconf 88' lang='lat' dir='ltr'>inquisitionem.</span> <span class='ocrx_word' id='word_1_444' title='bbox 1768 3441 1817 3517; x_wconf 84' lang='lat' dir='ltr'>Et</span> <span class='ocrx_word' id='word_1_445' title='bbox 1836 3442 1999 3519; x_wconf 87' lang='lat' dir='ltr'>heroicae</span> <span class='ocrx_word' id='word_1_446' title='bbox 2029 3470 2179 3529; x_wconf 68' lang='lat' dir='ltr'>naturae</span> <span class='ocrx_word' id='word_1_447' title='bbox 2201 3461 2319 3529; x_wconf 65' lang='lat' dir='ltr'>divina</span> 
     </span>
     <span class='ocr_line' id='line_1_33' title="bbox 293 3539 2322 3649; baseline 0.002 -33"><span class='ocrx_word' id='word_1_448' title='bbox 293 3549 430 3640; x_wconf 93' lang='lat' dir='ltr'>inquit,</span> <span class='ocrx_word' id='word_1_449' title='bbox 460 3541 597 3612; x_wconf 90' lang='lat' dir='ltr'>nullam</span> <span class='ocrx_word' id='word_1_450' title='bbox 620 3562 696 3611; x_wconf 92' lang='lat' dir='ltr'>rem</span> <span class='ocrx_word' id='word_1_451' title='bbox 717 3539 754 3609; x_wconf 92' lang='lat' dir='ltr'>in</span> <span class='ocrx_word' id='word_1_452' title='bbox 777 3552 904 3610; x_wconf 88' lang='lat' dir='ltr'>natura</span> <span class='ocrx_word' id='word_1_453' title='bbox 927 3560 1017 3625; x_wconf 89' lang='lat' dir='ltr'>esse,</span> <span class='ocrx_word' id='word_1_454' title='bbox 1048 3539 1087 3608; x_wconf 93' lang='lat' dir='ltr'>in</span> <span class='ocrx_word' id='word_1_455' title='bbox 1118 3564 1188 3634; x_wconf 93' lang='lat' dir='ltr'>qua</span> <span class='ocrx_word' id='word_1_456' title='bbox 1209 3563 1284 3610; x_wconf 89' lang='lat' dir='ltr'>non</span> <span class='ocrx_word' id='word_1_457' title='bbox 1334 3543 1487 3635; x_wconf 91' lang='lat' dir='ltr'>quadam</span> <span class='ocrx_word' id='word_1_458' title='bbox 1501 3545 1548 3630; x_wconf 87' lang='lat' dir='ltr'>vi,</span> <span class='ocrx_word' id='word_1_459' title='bbox 1570 3569 1643 3616; x_wconf 91' lang='lat' dir='ltr'>non</span> <span class='ocrx_word' id='word_1_460' title='bbox 1659 3547 1772 3619; x_wconf 89' lang='lat' dir='ltr'>solum</span> <span class='ocrx_word' id='word_1_461' title='bbox 1785 3548 1828 3617; x_wconf 90' lang='lat' dir='ltr'>ad</span> <span class='ocrx_word' id='word_1_462' title='bbox 1844 3573 2049 3641; x_wconf 86' lang='lat' dir='ltr'>magnarum</span> <span class='ocrx_word' id='word_1_463' title='bbox 2063 3581 2183 3629; x_wconf 90' lang='lat' dir='ltr'>rerum</span> <span class='ocrx_word' id='word_1_464' title='bbox 2199 3560 2322 3649; x_wconf 83' lang='lat' dir='ltr'>cogni.</span> 
     </span>
     <span class='ocr_line' id='line_1_34' title="bbox 294 3640 2320 3742; baseline 0.001 -22"><span class='ocrx_word' id='word_1_465' title='bbox 294 3648 383 3719; x_wconf 87' lang='lat' dir='ltr'>insit</span> <span class='ocrx_word' id='word_1_466' title='bbox 405 3645 574 3742; x_wconf 90' lang='lat' dir='ltr'>quiddam</span> <span class='ocrx_word' id='word_1_467' title='bbox 596 3641 832 3712; x_wconf 87' lang='lat' dir='ltr'>admiratione</span> <span class='ocrx_word' id='word_1_468' title='bbox 852 3640 1022 3728; x_wconf 83' lang='lat' dir='ltr'>dignum,</span> <span class='ocrx_word' id='word_1_469' title='bbox 1047 3664 1163 3736; x_wconf 92' lang='lat' dir='ltr'>neque</span> <span class='ocrx_word' id='word_1_470' title='bbox 1178 3642 1283 3735; x_wconf 84' lang='lat' dir='ltr'>quid·</span> <span class='ocrx_word' id='word_1_471' title='bbox 1335 3643 1489 3727; x_wconf 90' lang='lat' dir='ltr'>tionem,</span> <span class='ocrx_word' id='word_1_472' title='bbox 1519 3649 1581 3716; x_wconf 91' lang='lat' dir='ltr'>sed</span> <span class='ocrx_word' id='word_1_473' title='bbox 1601 3649 1708 3719; x_wconf 87' lang='lat' dir='ltr'>etiam</span> <span class='ocrx_word' id='word_1_474' title='bbox 1728 3651 1774 3719; x_wconf 89' lang='lat' dir='ltr'>ad</span> <span class='ocrx_word' id='word_1_475' title='bbox 1797 3673 1921 3721; x_wconf 88' lang='lat' dir='ltr'>omnes</span> <span class='ocrx_word' id='word_1_476' title='bbox 1941 3652 2086 3726; x_wconf 88' lang='lat' dir='ltr'>virtutes</span> <span class='ocrx_word' id='word_1_477' title='bbox 2103 3658 2320 3732; x_wconf 74' lang='lat' dir='ltr'>excitantur:</span> 
     </span>
     <span class='ocr_line' id='line_1_35' title="bbox 294 3739 2323 3852; baseline 0.003 -31"><span class='ocrx_word' id='word_1_478' title='bbox 294 3773 401 3844; x_wconf 84' lang='lat' dir='ltr'>quam</span> <span class='ocrx_word' id='word_1_479' title='bbox 428 3768 501 3818; x_wconf 87' lang='lat' dir='ltr'>esse</span> <span class='ocrx_word' id='word_1_480' title='bbox 520 3767 602 3815; x_wconf 91' lang='lat' dir='ltr'>casu</span> <span class='ocrx_word' id='word_1_481' title='bbox 623 3744 774 3825; x_wconf 84' lang='lat' dir='ltr'>iactum,</span> <span class='ocrx_word' id='word_1_482' title='bbox 806 3744 867 3812; x_wconf 90' lang='lat' dir='ltr'>sed</span> <span class='ocrx_word' id='word_1_483' title='bbox 889 3740 1010 3813; x_wconf 89' lang='lat' dir='ltr'>omnia</span> <span class='ocrx_word' id='word_1_484' title='bbox 1032 3742 1112 3812; x_wconf 85' lang='lat' dir='ltr'>finis</span> <span class='ocrx_word' id='word_1_485' title='bbox 1134 3742 1285 3813; x_wconf 89' lang='lat' dir='ltr'>alicuius</span> <span class='ocrx_word' id='word_1_486' title='bbox 1334 3759 1368 3815; x_wconf 91' lang='lat' dir='ltr'>et</span> <span class='ocrx_word' id='word_1_487' title='bbox 1381 3744 1418 3811; x_wconf 91' lang='lat' dir='ltr'>in</span> <span class='ocrx_word' id='word_1_488' title='bbox 1439 3739 1507 3814; x_wconf 90' lang='lat' dir='ltr'>boc</span> <span class='ocrx_word' id='word_1_489' title='bbox 1526 3771 1598 3818; x_wconf 91' lang='lat' dir='ltr'>uno</span> <span class='ocrx_word' id='word_1_490' title='bbox 1612 3770 1739 3838; x_wconf 83' lang='lat' dir='ltr'>genere</span> <span class='ocrx_word' id='word_1_491' title='bbox 1753 3774 1877 3822; x_wconf 89' lang='lat' dir='ltr'>verum</span> <span class='ocrx_word' id='word_1_492' title='bbox 1897 3766 1966 3839; x_wconf 89' lang='lat' dir='ltr'>est,</span> <span class='ocrx_word' id='word_1_493' title='bbox 1991 3759 2085 3849; x_wconf 89' lang='lat' dir='ltr'>quod</span> <span class='ocrx_word' id='word_1_494' title='bbox 2108 3754 2323 3852; x_wconf 86' lang='lat' dir='ltr'>Philosophi</span> 
     </span>
     <span class='ocr_line' id='line_1_36' title="bbox 292 3841 2326 3955; baseline 0.002 -34"><span class='ocrx_word' id='word_1_495' title='bbox 292 3851 405 3942; x_wconf 87' lang='lat' dir='ltr'>gratia</span> <span class='ocrx_word' id='word_1_496' title='bbox 428 3847 536 3921; x_wconf 87' lang='lat' dir='ltr'>nasci.</span> <span class='ocrx_word' id='word_1_497' title='bbox 593 3841 733 3914; x_wconf 89' lang='lat' dir='ltr'>Harum</span> <span class='ocrx_word' id='word_1_498' title='bbox 753 3866 871 3914; x_wconf 88' lang='lat' dir='ltr'>rerum</span> <span class='ocrx_word' id='word_1_499' title='bbox 893 3843 1048 3936; x_wconf 81' lang='lat' dir='ltr'>cognitio</span> <span class='ocrx_word' id='word_1_500' title='bbox 1071 3857 1105 3915; x_wconf 92' lang='lat' dir='ltr'>et</span> <span class='ocrx_word' id='word_1_501' title='bbox 1128 3868 1191 3936; x_wconf 91' lang='lat' dir='ltr'>per</span> <span class='ocrx_word' id='word_1_502' title='bbox 1210 3867 1285 3915; x_wconf 90' lang='lat' dir='ltr'>sese</span> <span class='ocrx_word' id='word_1_503' title='bbox 1334 3846 1476 3925; x_wconf 90' lang='lat' dir='ltr'>dicunt,</span> <span class='ocrx_word' id='word_1_504' title='bbox 1501 3849 1649 3919; x_wconf 83' lang='lat' dir='ltr'>virtutes</span> <span class='ocrx_word' id='word_1_505' title='bbox 1670 3874 1744 3921; x_wconf 84' lang='lat' dir='ltr'>esse</span> <span class='ocrx_word' id='word_1_506' title='bbox 1769 3876 1953 3928; x_wconf 85' lang='lat' dir='ltr'>connexas.</span> <span class='ocrx_word' id='word_1_507' title='bbox 2003 3856 2213 3953; x_wconf 84' lang='lat' dir='ltr'>Quanquam</span> <span class='ocrx_word' id='word_1_508' title='bbox 2232 3864 2326 3955; x_wconf 85' lang='lat' dir='ltr'>quid</span> 
     </span>
     <span class='ocr_line' id='line_1_37' title="bbox 293 3945 2324 4043; baseline -0.001 -21"><span class='ocrx_word' id='word_1_509' title='bbox 293 3965 345 4023; x_wconf 81' lang='lat' dir='ltr'>est</span> <span class='ocrx_word' id='word_1_510' title='bbox 368 3950 591 4037; x_wconf 84' lang='lat' dir='ltr'>suavissima,</span> <span class='ocrx_word' id='word_1_511' title='bbox 622 3971 664 4017; x_wconf 90' lang='lat' dir='ltr'>eo</span> <span class='ocrx_word' id='word_1_512' title='bbox 690 3947 786 4040; x_wconf 92' lang='lat' dir='ltr'>quod</span> <span class='ocrx_word' id='word_1_513' title='bbox 813 3947 859 4015; x_wconf 93' lang='lat' dir='ltr'>ad</span> <span class='ocrx_word' id='word_1_514' title='bbox 883 3969 959 4015; x_wconf 91' lang='lat' dir='ltr'>eam</span> <span class='ocrx_word' id='word_1_515' title='bbox 983 3946 1125 4038; x_wconf 90' lang='lat' dir='ltr'>proprie</span> <span class='ocrx_word' id='word_1_516' title='bbox 1150 3945 1285 4016; x_wconf 90' lang='lat' dir='ltr'>conditi</span> <span class='ocrx_word' id='word_1_517' title='bbox 1335 3970 1424 4037; x_wconf 90' lang='lat' dir='ltr'>opus</span> <span class='ocrx_word' id='word_1_518' title='bbox 1446 3960 1497 4016; x_wconf 92' lang='lat' dir='ltr'>est</span> <span class='ocrx_word' id='word_1_519' title='bbox 1519 3949 1623 4040; x_wconf 89' lang='lat' dir='ltr'>longa</span> <span class='ocrx_word' id='word_1_520' title='bbox 1644 3953 1899 4043; x_wconf 86' lang='lat' dir='ltr'>disputatione,</span> <span class='ocrx_word' id='word_1_521' title='bbox 1935 3971 2026 4030; x_wconf 81' lang='lat' dir='ltr'>extat</span> <span class='ocrx_word' id='word_1_522' title='bbox 2043 3961 2118 4032; x_wconf 68' lang='lat' dir='ltr'>cius</span> <span class='ocrx_word' id='word_1_523' title='bbox 2136 3960 2324 4034; x_wconf 64' lang='lat' dir='ltr'>lucium.</span> 
     </span>
     <span class='ocr_line' id='line_1_38' title="bbox 293 4045 2323 4155; baseline 0 -29"><span class='ocrx_word' id='word_1_524' title='bbox 293 4074 436 4136; x_wconf 87' lang='lat' dir='ltr'>sumus,</span> <span class='ocrx_word' id='word_1_525' title='bbox 461 4064 495 4121; x_wconf 92' lang='lat' dir='ltr'>et</span> <span class='ocrx_word' id='word_1_526' title='bbox 516 4045 625 4120; x_wconf 91' lang='lat' dir='ltr'>hahet</span> <span class='ocrx_word' id='word_1_527' title='bbox 647 4047 817 4117; x_wconf 89' lang='lat' dir='ltr'>utilitates</span> <span class='ocrx_word' id='word_1_528' title='bbox 842 4046 1009 4121; x_wconf 84' lang='lat' dir='ltr'>infinitas.</span> <span class='ocrx_word' id='word_1_529' title='bbox 1060 4046 1131 4120; x_wconf 86' lang='lat' dir='ltr'>Sed</span> <span class='ocrx_word' id='word_1_530' title='bbox 1149 4047 1178 4116; x_wconf 87' lang='lat' dir='ltr'>si</span> <span class='ocrx_word' id='word_1_531' title='bbox 1196 4072 1284 4142; x_wconf 91' lang='lat' dir='ltr'>quos</span> <span class='ocrx_word' id='word_1_532' title='bbox 1336 4051 1441 4132; x_wconf 91' lang='lat' dir='ltr'>dum,</span> <span class='ocrx_word' id='word_1_533' title='bbox 1467 4049 1506 4118; x_wconf 91' lang='lat' dir='ltr'>in</span> <span class='ocrx_word' id='word_1_534' title='bbox 1530 4077 1600 4145; x_wconf 91' lang='lat' dir='ltr'>quo</span> <span class='ocrx_word' id='word_1_535' title='bbox 1617 4077 1697 4123; x_wconf 91' lang='lat' dir='ltr'>cum</span> <span class='ocrx_word' id='word_1_536' title='bbox 1715 4054 1793 4123; x_wconf 91' lang='lat' dir='ltr'>dira</span> <span class='ocrx_word' id='word_1_537' title='bbox 1808 4055 2020 4147; x_wconf 90' lang='lat' dir='ltr'>imprecetur</span> <span class='ocrx_word' id='word_1_538' title='bbox 2038 4064 2196 4155; x_wconf 87' lang='lat' dir='ltr'>sibiipsi,</span> <span class='ocrx_word' id='word_1_539' title='bbox 2222 4065 2251 4134; x_wconf 79' lang='lat' dir='ltr'>si</span> <span class='ocrx_word' id='word_1_540' title='bbox 2266 4088 2323 4137; x_wconf 64' lang='lat' dir='ltr'>eac</span> 
     </span>
     <span class='ocr_line' id='line_1_39' title="bbox 292 4146 2323 4259; baseline 0.003 -34"><span class='ocrx_word' id='word_1_541' title='bbox 292 4151 380 4225; x_wconf 87' lang='lat' dir='ltr'>haec</span> <span class='ocrx_word' id='word_1_542' title='bbox 408 4173 533 4243; x_wconf 86' lang='lat' dir='ltr'>parum</span> <span class='ocrx_word' id='word_1_543' title='bbox 571 4159 734 4229; x_wconf 89' lang='lat' dir='ltr'>movent,</span> <span class='ocrx_word' id='word_1_544' title='bbox 774 4146 864 4215; x_wconf 91' lang='lat' dir='ltr'>illud</span> <span class='ocrx_word' id='word_1_545' title='bbox 896 4149 1018 4217; x_wconf 89' lang='lat' dir='ltr'>saltem</span> <span class='ocrx_word' id='word_1_546' title='bbox 1050 4149 1285 4232; x_wconf 87' lang='lat' dir='ltr'>considerent,</span> <span class='ocrx_word' id='word_1_547' title='bbox 1335 4151 1426 4240; x_wconf 89' lang='lat' dir='ltr'>leges</span> <span class='ocrx_word' id='word_1_548' title='bbox 1440 4175 1515 4220; x_wconf 92' lang='lat' dir='ltr'>non</span> <span class='ocrx_word' id='word_1_549' title='bbox 1529 4155 1708 4238; x_wconf 85' lang='lat' dir='ltr'>observet,</span> <span class='ocrx_word' id='word_1_550' title='bbox 1733 4179 1808 4226; x_wconf 93' lang='lat' dir='ltr'>non</span> <span class='ocrx_word' id='word_1_551' title='bbox 1822 4159 1977 4230; x_wconf 91' lang='lat' dir='ltr'>dubitari</span> <span class='ocrx_word' id='word_1_552' title='bbox 1993 4165 2237 4259; x_wconf 87' lang='lat' dir='ltr'>potest,·quin</span> <span class='ocrx_word' id='word_1_553' title='bbox 2251 4167 2323 4237; x_wconf 85' lang='lat' dir='ltr'>illis</span> 
     </span>
     <span class='ocr_line' id='line_1_40' title="bbox 294 4246 2180 4356; baseline 0.003 -32"><span class='ocrx_word' id='word_1_554' title='bbox 294 4278 368 4324; x_wconf 91' lang='lat' dir='ltr'>non</span> <span class='ocrx_word' id='word_1_555' title='bbox 391 4251 508 4321; x_wconf 91' lang='lat' dir='ltr'>solum</span> <span class='ocrx_word' id='word_1_556' title='bbox 531 4247 772 4339; x_wconf 90' lang='lat' dir='ltr'>impudentes,</span> <span class='ocrx_word' id='word_1_557' title='bbox 801 4247 860 4314; x_wconf 88' lang='lat' dir='ltr'>sed</span> <span class='ocrx_word' id='word_1_558' title='bbox 885 4246 991 4316; x_wconf 90' lang='lat' dir='ltr'>etiam</span> <span class='ocrx_word' id='word_1_559' title='bbox 1022 4248 1203 4337; x_wconf 89' lang='lat' dir='ltr'>improbos</span> <span class='ocrx_word' id='word_1_560' title='bbox 1225 4274 1284 4319; x_wconf 91' lang='lat' dir='ltr'>eos</span> <span class='ocrx_word' id='word_1_561' title='bbox 1335 4252 1407 4320; x_wconf 88' lang='lat' dir='ltr'>suis</span> <span class='ocrx_word' id='word_1_562' title='bbox 1423 4252 1560 4342; x_wconf 88' lang='lat' dir='ltr'>legibus</span> <span class='ocrx_word' id='word_1_563' title='bbox 1573 4255 1762 4346; x_wconf 84' lang='lat' dir='ltr'>diligenter</span> <span class='ocrx_word' id='word_1_564' title='bbox 1778 4272 1813 4330; x_wconf 91' lang='lat' dir='ltr'>ct</span> <span class='ocrx_word' id='word_1_565' title='bbox 1830 4261 1993 4353; x_wconf 84' lang='lat' dir='ltr'>religiose</span> <span class='ocrx_word' id='word_1_566' title='bbox 2010 4267 2180 4356; x_wconf 83' lang='lat' dir='ltr'>paruerit.</span> 
     </span>
    </p>

    <p class='ocr_par' dir='ltr' id='par_1_8' title="bbox 279 4341 2325 4859">
     <span class='ocr_line' id='line_1_41' title="bbox 294 4341 2324 4461; baseline 0.006 -37"><span class='ocrx_word' id='word_1_567' title='bbox 294 4375 387 4433; x_wconf 91' lang='lat' dir='ltr'>csse,</span> <span class='ocrx_word' id='word_1_568' title='bbox 420 4347 483 4441; x_wconf 92' lang='lat' dir='ltr'>qui</span> <span class='ocrx_word' id='word_1_569' title='bbox 514 4371 594 4416; x_wconf 91' lang='lat' dir='ltr'>cum</span> <span class='ocrx_word' id='word_1_570' title='bbox 616 4347 764 4416; x_wconf 90' lang='lat' dir='ltr'>salutem</span> <span class='ocrx_word' id='word_1_571' title='bbox 789 4341 997 4416; x_wconf 89' lang='lat' dir='ltr'>hominibus</span> <span class='ocrx_word' id='word_1_572' title='bbox 1019 4347 1059 4416; x_wconf 94' lang='lat' dir='ltr'>in</span> <span class='ocrx_word' id='word_1_573' title='bbox 1081 4348 1285 4419; x_wconf 91' lang='lat' dir='ltr'>discrimine</span> <span class='ocrx_word' id='word_1_574' title='bbox 1435 4352 1592 4427; x_wconf 91' lang='lat' dir='ltr'>Proinde</span> <span class='ocrx_word' id='word_1_575' title='bbox 1610 4381 1690 4430; x_wconf 90' lang='lat' dir='ltr'>cum</span> <span class='ocrx_word' id='word_1_576' title='bbox 1712 4361 1836 4433; x_wconf 88' lang='lat' dir='ltr'>caeteri</span> <span class='ocrx_word' id='word_1_577' title='bbox 1860 4387 2000 4450; x_wconf 90' lang='lat' dir='ltr'>omnes,</span> <span class='ocrx_word' id='word_1_578' title='bbox 2026 4380 2102 4437; x_wconf 92' lang='lat' dir='ltr'>tum</span> <span class='ocrx_word' id='word_1_579' title='bbox 2124 4394 2207 4440; x_wconf 90' lang='lat' dir='ltr'>vero</span> <span class='ocrx_word' id='word_1_580' title='bbox 2221 4391 2324 4461; x_wconf 90' lang='lat' dir='ltr'>prae·</span> 
     </span>
     <span class='ocr_line' id='line_1_42' title="bbox 295 4446 2322 4561; baseline 0.008 -40"><span class='ocrx_word' id='word_1_581' title='bbox 295 4456 388 4523; x_wconf 88' lang='lat' dir='ltr'>vitae</span> <span class='ocrx_word' id='word_1_582' title='bbox 410 4447 662 4542; x_wconf 89' lang='lat' dir='ltr'>polliceantur,</span> <span class='ocrx_word' id='word_1_583' title='bbox 687 4470 759 4514; x_wconf 95' lang='lat' dir='ltr'>non</span> <span class='ocrx_word' id='word_1_584' title='bbox 776 4461 859 4516; x_wconf 91' lang='lat' dir='ltr'>sunt</span> <span class='ocrx_word' id='word_1_585' title='bbox 883 4446 1011 4516; x_wconf 83' lang='lat' dir='ltr'>inacte</span> <span class='ocrx_word' id='word_1_586' title='bbox 1034 4471 1079 4517; x_wconf 91' lang='lat' dir='ltr'>ne</span> <span class='ocrx_word' id='word_1_587' title='bbox 1095 4449 1285 4520; x_wconf 89' lang='lat' dir='ltr'>mediocri·</span> <span class='ocrx_word' id='word_1_588' title='bbox 1335 4454 1437 4555; x_wconf 85' lang='lat' dir='ltr'>cipue</span> <span class='ocrx_word' id='word_1_589' title='bbox 1462 4482 1541 4538; x_wconf 89' lang='lat' dir='ltr'>vos,</span> <span class='ocrx_word' id='word_1_590' title='bbox 1566 4483 1654 4554; x_wconf 90' lang='lat' dir='ltr'>quos</span> <span class='ocrx_word' id='word_1_591' title='bbox 1677 4458 1744 4531; x_wconf 91' lang='lat' dir='ltr'>hoc</span> <span class='ocrx_word' id='word_1_592' title='bbox 1760 4475 1917 4555; x_wconf 88' lang='lat' dir='ltr'>ternpore</span> <span class='ocrx_word' id='word_1_593' title='bbox 1933 4466 1969 4536; x_wconf 91' lang='lat' dir='ltr'>in</span> <span class='ocrx_word' id='word_1_594' title='bbox 1987 4470 2244 4561; x_wconf 89' lang='lat' dir='ltr'>amplissimum</span> <span class='ocrx_word' id='word_1_595' title='bbox 2264 4494 2322 4539; x_wconf 88' lang='lat' dir='ltr'>or-</span> 
     </span>
     <span class='ocr_line' id='line_1_43' title="bbox 294 4547 2324 4664; baseline 0.006 -36"><span class='ocrx_word' id='word_1_596' title='bbox 294 4569 348 4629; x_wconf 91' lang='lat' dir='ltr'>ter</span> <span class='ocrx_word' id='word_1_597' title='bbox 374 4551 518 4648; x_wconf 91' lang='lat' dir='ltr'>quidem</span> <span class='ocrx_word' id='word_1_598' title='bbox 546 4547 729 4634; x_wconf 88' lang='lat' dir='ltr'>instructi,</span> <span class='ocrx_word' id='word_1_599' title='bbox 764 4571 871 4641; x_wconf 89' lang='lat' dir='ltr'>quam</span> <span class='ocrx_word' id='word_1_600' title='bbox 895 4547 1114 4639; x_wconf 87' lang='lat' dir='ltr'>profitentur.</span> <span class='ocrx_word' id='word_1_601' title='bbox 1173 4549 1284 4645; x_wconf 89' lang='lat' dir='ltr'>quue</span> <span class='ocrx_word' id='word_1_602' title='bbox 1335 4557 1454 4625; x_wconf 91' lang='lat' dir='ltr'>dinem</span> <span class='ocrx_word' id='word_1_603' title='bbox 1474 4558 1674 4631; x_wconf 85' lang='lat' dir='ltr'>Medicinae</span> <span class='ocrx_word' id='word_1_604' title='bbox 1702 4566 1940 4653; x_wconf 80' lang='lat' dir='ltr'>professorum</span> <span class='ocrx_word' id='word_1_605' title='bbox 1974 4571 2205 4663; x_wconf 85' lang='lat' dir='ltr'>recipiemus,</span> <span class='ocrx_word' id='word_1_606' title='bbox 2239 4596 2324 4664; x_wconf 90' lang='lat' dir='ltr'>pro·</span> 
     </span>
     <span class='ocr_line' id='line_1_44' title="bbox 279 4649 2325 4758; baseline 0.001 -29"><span class='ocrx_word' id='word_1_607' title='bbox 279 4670 494 4751; x_wconf 79' lang='lat' dir='ltr'>peccatum,</span> <span class='ocrx_word' id='word_1_608' title='bbox 519 4651 611 4742; x_wconf 90' lang='lat' dir='ltr'>leges</span> <span class='ocrx_word' id='word_1_609' title='bbox 635 4651 741 4723; x_wconf 89' lang='lat' dir='ltr'>etiam</span> <span class='ocrx_word' id='word_1_610' title='bbox 765 4649 870 4742; x_wconf 92' lang='lat' dir='ltr'>plecti</span> <span class='ocrx_word' id='word_1_611' title='bbox 899 4650 1040 4737; x_wconf 90' lang='lat' dir='ltr'>iubeot;</span> <span class='ocrx_word' id='word_1_612' title='bbox 1075 4651 1136 4721; x_wconf 90' lang='lat' dir='ltr'>sed</span> <span class='ocrx_word' id='word_1_613' title='bbox 1167 4666 1286 4724; x_wconf 90' lang='lat' dir='ltr'>tuetur</span> <span class='ocrx_word' id='word_1_614' title='bbox 1337 4658 1457 4745; x_wconf 87' lang='lat' dir='ltr'>ponite</span> <span class='ocrx_word' id='word_1_615' title='bbox 1471 4658 1828 4752; x_wconf 88' lang='lat' dir='ltr'>vobisHippocratem</span> <span class='ocrx_word' id='word_1_616' title='bbox 1845 4680 1878 4736; x_wconf 86' lang='lat' dir='ltr'>et</span> <span class='ocrx_word' id='word_1_617' title='bbox 1894 4675 2178 4758; x_wconf 82' lang='lat' dir='ltr'>cognoscendum</span> <span class='ocrx_word' id='word_1_618' title='bbox 2194 4687 2227 4744; x_wconf 72' lang='lat'>01</span> <span class='ocrx_word' id='word_1_619' title='bbox 2243 4674 2325 4743; x_wconf 78' lang='lat' dir='ltr'>imi.</span> 
     </span>
     <span class='ocr_line' id='line_1_45' title="bbox 294 4747 2324 4859; baseline 0.002 -28"><span class='ocrx_word' id='word_1_620' title='bbox 294 4783 369 4843; x_wconf 90' lang='lat' dir='ltr'>eos,</span> <span class='ocrx_word' id='word_1_621' title='bbox 394 4757 448 4827; x_wconf 90' lang='lat' dir='ltr'>vel</span> <span class='ocrx_word' id='word_1_622' title='bbox 467 4754 639 4837; x_wconf 89' lang='lat' dir='ltr'>stulticia,</span> <span class='ocrx_word' id='word_1_623' title='bbox 665 4752 721 4823; x_wconf 83' lang='lat' dir='ltr'>rel</span> <span class='ocrx_word' id='word_1_624' title='bbox 738 4752 948 4847; x_wconf 88' lang='lat' dir='ltr'>perversitas</span> <span class='ocrx_word' id='word_1_625' title='bbox 964 4747 1161 4824; x_wconf 90' lang='lat' dir='ltr'>hominum.</span> <span class='ocrx_word' id='word_1_626' title='bbox 1214 4752 1284 4825; x_wconf 88' lang='lat' dir='ltr'>Sed</span> <span class='ocrx_word' id='word_1_627' title='bbox 1336 4761 1495 4828; x_wconf 87' lang='lat' dir='ltr'>tandum.</span> <span class='ocrx_word' id='word_1_628' title='bbox 1545 4759 1657 4834; x_wconf 86' lang='lat' dir='ltr'>Nemo</span> <span class='ocrx_word' id='word_1_629' title='bbox 1676 4766 1779 4835; x_wconf 87' lang='lat' dir='ltr'>fidem</span> <span class='ocrx_word' id='word_1_630' title='bbox 1802 4784 1835 4840; x_wconf 89' lang='lat' dir='ltr'>et</span> <span class='ocrx_word' id='word_1_631' title='bbox 1861 4768 2080 4859; x_wconf 90' lang='lat' dir='ltr'>diligentiam</span> <span class='ocrx_word' id='word_1_632' title='bbox 2096 4775 2135 4844; x_wconf 91' lang='lat' dir='ltr'>in</span> <span class='ocrx_word' id='word_1_633' title='bbox 2147 4776 2324 4846; x_wconf 75' lang='lat' dir='ltr'>medendo</span> 
     </span>
    </p>
   </div>
   <div class='ocr_carea' id='block_1_7' title="bbox 294 4842 2326 5066">
    <p class='ocr_par' dir='ltr' id='par_1_9' title="bbox 294 4842 2326 5066">
     <span class='ocr_line' id='line_1_46' title="bbox 295 4842 2326 4968; baseline 0.007 -36"><span class='ocrx_word' id='word_1_634' title='bbox 295 4861 418 4932; x_wconf 90' lang='lat' dir='ltr'>desino</span> <span class='ocrx_word' id='word_1_635' title='bbox 442 4853 506 4928; x_wconf 90' lang='lat' dir='ltr'>hac</span> <span class='ocrx_word' id='word_1_636' title='bbox 529 4859 572 4928; x_wconf 92' lang='lat' dir='ltr'>de</span> <span class='ocrx_word' id='word_1_637' title='bbox 595 4880 633 4926; x_wconf 89' lang='lat' dir='ltr'>re</span> <span class='ocrx_word' id='word_1_638' title='bbox 657 4855 798 4946; x_wconf 88' lang='lat' dir='ltr'>longius</span> <span class='ocrx_word' id='word_1_639' title='bbox 814 4842 950 4938; x_wconf 87' lang='lat' dir='ltr'>dicere,</span> <span class='ocrx_word' id='word_1_640' title='bbox 975 4856 1073 4946; x_wconf 91' lang='lat' dir='ltr'>pleni</span> <span class='ocrx_word' id='word_1_641' title='bbox 1089 4867 1173 4925; x_wconf 92' lang='lat' dir='ltr'>sunt</span> <span class='ocrx_word' id='word_1_642' title='bbox 1188 4857 1285 4926; x_wconf 90' lang='lat' dir='ltr'>enim</span> <span class='ocrx_word' id='word_1_643' title='bbox 1337 4873 1512 4948; x_wconf 89' lang='lat' dir='ltr'>praestare</span> <span class='ocrx_word' id='word_1_644' title='bbox 1527 4876 1659 4954; x_wconf 89' lang='lat' dir='ltr'>potest,</span> <span class='ocrx_word' id='word_1_645' title='bbox 1685 4891 1791 4962; x_wconf 91' lang='lat' dir='ltr'>quam</span> <span class='ocrx_word' id='word_1_646' title='bbox 1809 4884 1844 4941; x_wconf 93' lang='lat' dir='ltr'>et</span> <span class='ocrx_word' id='word_1_647' title='bbox 1860 4873 2011 4965; x_wconf 87' lang='lat' dir='ltr'>requirit</span> <span class='ocrx_word' id='word_1_648' title='bbox 2032 4875 2106 4965; x_wconf 89' lang='lat' dir='ltr'>ipse</span> <span class='ocrx_word' id='word_1_649' title='bbox 2124 4892 2159 4948; x_wconf 91' lang='lat' dir='ltr'>et</span> <span class='ocrx_word' id='word_1_650' title='bbox 2174 4878 2326 4968; x_wconf 89' lang='lat' dir='ltr'>praesti-</span> 
     </span>
     <span class='ocr_line' id='line_1_47' title="bbox 294 4953 2324 5066; baseline 0.009 -36"><span class='ocrx_word' id='word_1_651' title='bbox 294 4962 378 5031; x_wconf 89' lang='lat' dir='ltr'>libri</span> <span class='ocrx_word' id='word_1_652' title='bbox 392 4973 594 5030; x_wconf 89' lang='lat' dir='ltr'>nostrorum</span> <span class='ocrx_word' id='word_1_653' title='bbox 610 4953 820 5041; x_wconf 87' lang='lat' dir='ltr'>authorum,</span> <span class='ocrx_word' id='word_1_654' title='bbox 837 4954 900 5048; x_wconf 91' lang='lat' dir='ltr'>qui</span> <span class='ocrx_word' id='word_1_655' title='bbox 913 4978 976 5025; x_wconf 87' lang='lat' dir='ltr'>vos</span> <span class='ocrx_word' id='word_1_656' title='bbox 984 4959 1027 5026; x_wconf 91' lang='lat' dir='ltr'>ad</span> <span class='ocrx_word' id='word_1_657' title='bbox 1036 4981 1139 5027; x_wconf 86' lang='lat' dir='ltr'>verae</span> <span class='ocrx_word' id='word_1_658' title='bbox 1152 4958 1286 5027; x_wconf 91' lang='lat' dir='ltr'>doctri·</span> <span class='ocrx_word' id='word_1_659' title='bbox 1337 4959 1397 5043; x_wconf 88' lang='lat' dir='ltr'>tit,</span> <span class='ocrx_word' id='word_1_660' title='bbox 1428 4961 1497 5030; x_wconf 89' lang='lat' dir='ltr'>nisi</span> <span class='ocrx_word' id='word_1_661' title='bbox 1526 4967 1569 5035; x_wconf 91' lang='lat' dir='ltr'>ad</span> <span class='ocrx_word' id='word_1_662' title='bbox 1598 4972 1778 5059; x_wconf 81' lang='lat' dir='ltr'>vulgarem</span> <span class='ocrx_word' id='word_1_663' title='bbox 1805 4994 1908 5042; x_wconf 87' lang='lat' dir='ltr'>usum</span> <span class='ocrx_word' id='word_1_664' title='bbox 1931 4974 2101 5066; x_wconf 87' lang='lat' dir='ltr'>adiungat</span> <span class='ocrx_word' id='word_1_665' title='bbox 2121 4978 2226 5050; x_wconf 90' lang='lat' dir='ltr'>etiam</span> <span class='ocrx_word' id='word_1_666' title='bbox 2247 5004 2324 5049; x_wconf 90' lang='lat' dir='ltr'>eam</span> 
     </span>
    </p>
   </div>
   <div class='ocr_carea' id='block_1_8' title="bbox 295 5052 2325 5172">
    <p class='ocr_par' dir='ltr' id='par_1_10' title="bbox 295 5052 2325 5172">
     <span class='ocr_line' id='line_1_48' title="bbox 295 5052 2325 5172; baseline 0.009 -40"><span class='ocrx_word' id='word_1_667' title='bbox 295 5086 361 5133; x_wconf 87' lang='lat' dir='ltr'>nae</span> <span class='ocrx_word' id='word_1_668' title='bbox 383 5063 539 5132; x_wconf 90' lang='lat' dir='ltr'>studium</span> <span class='ocrx_word' id='word_1_669' title='bbox 563 5056 761 5129; x_wconf 84' lang='lat' dir='ltr'>hortantur.</span> <span class='ocrx_word' id='word_1_670' title='bbox 815 5053 965 5145; x_wconf 84' lang='lat' dir='ltr'>Quoties</span> <span class='ocrx_word' id='word_1_671' title='bbox 984 5052 1049 5129; x_wconf 90' lang='lat' dir='ltr'>hac</span> <span class='ocrx_word' id='word_1_672' title='bbox 1070 5062 1113 5158; x_wconf 78' lang='lat' dir='ltr'>de</span> <span class='ocrx_word' id='word_1_673' title='bbox 1129 5082 1167 5128; x_wconf 92' lang='lat' dir='ltr'>re</span> <span class='ocrx_word' id='word_1_674' title='bbox 1183 5083 1285 5150; x_wconf 90' lang='lat' dir='ltr'>prae-</span> <span class='ocrx_word' id='word_1_675' title='bbox 1336 5063 1552 5152; x_wconf 89' lang='lat' dir='ltr'>doctrinam,</span> <span class='ocrx_word' id='word_1_676' title='bbox 1574 5094 1664 5162; x_wconf 90' lang='lat' dir='ltr'>quae</span> <span class='ocrx_word' id='word_1_677' title='bbox 1678 5094 1798 5142; x_wconf 86' lang='lat' dir='ltr'>causas</span> <span class='ocrx_word' id='word_1_678' title='bbox 1808 5088 2000 5146; x_wconf 72' lang='lat' dir='ltr'>serenatur:</span> <span class='ocrx_word' id='word_1_679' title='bbox 2026 5083 2325 5172; x_wconf 90' lang='lat' dir='ltr'>quemadmodum</span> 
     </span>
    </p>
   </div>
   <div class='ocr_carea' id='block_1_9' title="bbox 293 5156 2327 5374">
    <p class='ocr_par' dir='ltr' id='par_1_11' title="bbox 293 5156 2327 5374">
     <span class='ocr_line' id='line_1_49' title="bbox 293 5156 2327 5276; baseline 0.011 -47"><span class='ocrx_word' id='word_1_680' title='bbox 293 5164 380 5257; x_wconf 80' lang='lat' dir='ltr'>cipit</span> <span class='ocrx_word' id='word_1_681' title='bbox 393 5160 648 5253; x_wconf 85' lang='lat' dir='ltr'>Hippocrates?</span> <span class='ocrx_word' id='word_1_682' title='bbox 670 5160 808 5253; x_wconf 91' lang='lat' dir='ltr'>quoties</span> <span class='ocrx_word' id='word_1_683' title='bbox 824 5156 1006 5229; x_wconf 81' lang='lat' dir='ltr'>Galenus?</span> <span class='ocrx_word' id='word_1_684' title='bbox 1031 5160 1092 5252; x_wconf 93' lang='lat' dir='ltr'>qui</span> <span class='ocrx_word' id='word_1_685' title='bbox 1108 5160 1284 5251; x_wconf 82' lang='lat' dir='ltr'>integrum</span> <span class='ocrx_word' id='word_1_686' title='bbox 1335 5166 1470 5239; x_wconf 89' lang='lat' dir='ltr'>censuit</span> <span class='ocrx_word' id='word_1_687' title='bbox 1482 5165 1715 5262; x_wconf 87' lang='lat' dir='ltr'>Hippocrates</span> <span class='ocrx_word' id='word_1_688' title='bbox 1730 5195 1805 5242; x_wconf 87' lang='lat' dir='ltr'>esse</span> <span class='ocrx_word' id='word_1_689' title='bbox 1818 5175 2037 5266; x_wconf 88' lang='lat' dir='ltr'>iaciendum,</span> <span class='ocrx_word' id='word_1_690' title='bbox 2063 5182 2125 5276; x_wconf 93' lang='lat' dir='ltr'>qui</span> <span class='ocrx_word' id='word_1_691' title='bbox 2140 5197 2327 5273; x_wconf 87' lang='lat' dir='ltr'>propterea</span> 
     </span>
     <span class='ocr_line' id='line_1_50' title="bbox 293 5255 2327 5374; baseline 0.008 -37"><span class='ocrx_word' id='word_1_692' title='bbox 293 5268 428 5338; x_wconf 93' lang='lat' dir='ltr'>librum</span> <span class='ocrx_word' id='word_1_693' title='bbox 458 5263 497 5331; x_wconf 91' lang='lat' dir='ltr'>in</span> <span class='ocrx_word' id='word_1_694' title='bbox 526 5255 619 5331; x_wconf 89' lang='lat' dir='ltr'>hanc</span> <span class='ocrx_word' id='word_1_695' title='bbox 647 5259 856 5333; x_wconf 90' lang='lat' dir='ltr'>seutentiam</span> <span class='ocrx_word' id='word_1_696' title='bbox 885 5259 1053 5332; x_wconf 79' lang='lat' dir='ltr'>adversus</span> <span class='ocrx_word' id='word_1_697' title='bbox 1074 5255 1284 5334; x_wconf 83' lang='lat' dir='ltr'>Thessalum</span> <span class='ocrx_word' id='word_1_698' title='bbox 1336 5261 1554 5341; x_wconf 86' lang='lat' dir='ltr'>Medicinam</span> <span class='ocrx_word' id='word_1_699' title='bbox 1577 5276 1620 5341; x_wconf 91' lang='lat' dir='ltr'>ad</span> <span class='ocrx_word' id='word_1_700' title='bbox 1645 5273 1817 5344; x_wconf 91' lang='lat' dir='ltr'>rationem</span> <span class='ocrx_word' id='word_1_701' title='bbox 1843 5280 2039 5363; x_wconf 86' lang='lat' dir='ltr'>revocavit,</span> <span class='ocrx_word' id='word_1_702' title='bbox 2072 5285 2168 5374; x_wconf 92' lang='lat' dir='ltr'>quod</span> <span class='ocrx_word' id='word_1_703' title='bbox 2193 5284 2272 5354; x_wconf 89' lang='lat' dir='ltr'>sine</span> <span class='ocrx_word' id='word_1_704' title='bbox 2287 5309 2327 5354; x_wconf 90' lang='lat' dir='ltr'>ea</span> 
     </span>
    </p>
   </div>
   <div class='ocr_carea' id='block_1_10' title="bbox 293 5366 2326 5479">
    <p class='ocr_par' dir='ltr' id='par_1_12' title="bbox 293 5366 2326 5479">
     <span class='ocr_line' id='line_1_51' title="bbox 293 5366 2326 5479; baseline 0.006 -38"><span class='ocrx_word' id='word_1_705' title='bbox 293 5367 444 5459; x_wconf 86' lang='lat' dir='ltr'>scripsit.</span> <span class='ocrx_word' id='word_1_706' title='bbox 960 5428 965 5439; x_wconf 84' lang='lat'><em>,</em></span> <span class='ocrx_word' id='word_1_707' title='bbox 1333 5366 1496 5442; x_wconf 88' lang='lat' dir='ltr'>doctrina</span> <span class='ocrx_word' id='word_1_708' title='bbox 1526 5374 1721 5465; x_wconf 88' lang='lat' dir='ltr'>periculose</span> <span class='ocrx_word' id='word_1_709' title='bbox 1749 5399 1909 5450; x_wconf 88' lang='lat' dir='ltr'>exercere</span> <span class='ocrx_word' id='word_1_710' title='bbox 1933 5381 2152 5479; x_wconf 91' lang='lat' dir='ltr'>Medicinam</span> <span class='ocrx_word' id='word_1_711' title='bbox 2174 5385 2326 5459; x_wconf 86' lang='lat' dir='ltr'>videbat.</span> 
     </span>
    </p>
   </div>
   <div class='ocr_carea' id='block_1_11' title="bbox 0 0 2379 6020">
    <p class='ocr_par' dir='ltr' id='par_1_13' title="bbox 0 0 2379 6020">
     <span class='ocr_line' id='line_1_52' title="bbox 0 0 2379 6020; baseline 0 0"><span class='ocrx_word' id='word_1_712' title='bbox 0 0 2379 6020; x_wconf 95' lang='lat' dir='ltr'> </span> 
     </span>
    </p>
   </div>
  </div>
 </body>
</html>
