4756 6022
162 275 237 363 196.
652 269 813 350 DECL.
846 273 906 348 lN
937 269 1186 361 LAUDEM
1218 271 1401 350 ARTIS
1432 271 1712 357 MEDICAE.
1949 316 1952 321 ·
2124 285 2200 363 196

161 453 272 545 signis
291 451 436 526 utilitas.
495 450 555 521 Sic
584 448 691 518 etiam
710 445 914 520 Medicinae
934 471 1009 519 non
1029 446 1151 518 minus
1203 445 1317 517 millia
1350 469 1498 519 aureum
1530 447 1749 540 etamplius
1777 451 1940 522 trecentis
1964 452 2009 534 in,
2036 454 2197 549 singulos

161 556 353 648 voluptatis
374 568 407 624 et
426 553 541 622 bonae
556 550 688 642 frugis,
713 574 820 642 quam
841 551 1024 642 dignitatis
1048 550 1151 634 inest,
1204 567 1318 619 annos
1337 549 1555 642 stipendium
1577 549 1701 620 fuisse:
1728 575 1794 621 nae
1817 552 1874 622 illi
1897 555 2008 646 probe
2031 560 2197 631 maiesta-

163 658 236 729 nisi
261 655 338 750 quis
364 665 463 743 putat
485 652 621 747 aliquid
649 653 775 723 melius
802 665 835 723 et
864 653 1056 746 optabilius
1079 673 1152 722 esse
1203 663 1275 720 tem
1297 663 1332 722 et
1353 674 1498 743 operam
1514 649 1718 723 Medicinae
1738 667 1955 745 perspectam
1978 652 2199 750 habuerunt,

164 762 258 830 bona
273 753 495 839 valetudine,
508 777 598 848 qnae
611 752 813 827 Medicinae
825 756 997 827 beneficio
1010 777 1153 825 conser—
1205 765 1241 823 et
1263 753 1391 823 melius
1410 766 1445 824 et
1467 753 1654 823 candidius
1678 755 1723 823 de
1745 751 1903 826 honestis
1928 758 2036 829 rebus
2057 762 2202 836 iudica-

165 872 287 936 vatut,
312 871 345 927 et
361 855 518 926 eiusdem
533 879 638 947 opera
654 856 860 929 labefactata
875 871 1036 941 curatum
1062 878 1153 949 ΨΜ
1204 867 1301 926 ῐΰῦῑ·
1353 852 1509 943 Quidam
1530 855 1740 925 libefflllbffi
1758 858 1923 948 1)ῐὸθωὶἰδ
1945 859 2060 931 b⁰¹¹⁰⁸
2075 863 2201 935 Medi·

165 986 207 1030 ex
232 957 339 1027 variis
362 953 482 1027 herbis
501 981 624 1028 suecos
644 959 824 1052 quantivis
843 959 953 1052 precii
980 957 1097 1047 exugit
1115 957 1154 1025 in
1206 977 1265 1027 cos
1293 949 1529 1027 honestarunt
1557 969 1728 1050 tantoque
1750 959 1854 1029 illum
1874 960 2038 1031 ordinem
2060 959 2200 1039 bonore

165 1059 378 1131 valetudinis
400 1058 618 1145 subsidium,
642 1058 734 1131 sicut
755 1085 838 1153 apes
863 1085 904 1132 es
924 1059 1032 1130 variis
1052 1058 1155 1128 flori-
1205 1057 1411 1129 affecerunt.
1462 1054 1512 1129 At
1526 1081 1622 1128 nunc
1637 1082 1679 1128 eo
1695 1060 1884 1132 deventum
1900 1074 1970 1148 est,
1998 1075 2039 1135 ut
2054 1088 2097 1135 ex
2112 1067 2201 1140 libi-

165 1164 233 1233 bus
249 1150 431 1230 materiam
448 1161 640 1249 colligunt,
662 1163 760 1231 unde
779 1163 852 1233 mel
872 1162 1049 1245 conflent,
1073 1159 1155 1254 qui·
1206 1159 1310 1242 dine,
1332 1183 1407 1228 non
1425 1182 1466 1228 ex
1486 1181 1571 1229 vero
1597 1160 1812 1232 iudicemus:
1839 1186 1880 1231 ex
1897 1165 2029 1254 gratia,
2057 1178 2132 1238 non
2153 1193 2200 1243 ex

166 1267 233 1334 bus
248 1261 384 1332 nobisa
399 1261 534 1333 morbis
549 1261 798 1334 circumventis
814 1279 849 1339 et
859 1262 1036 1356 oppressis
1050 1285 1155 1354 opem
1207 1260 1334 1330 merito
1361 1258 1578 1346 tribuamus;
1624 1262 1785 1355 fiuntque
1815 1265 1987 1357 paulatim
2021 1270 2200 1345 deteriora

167 1367 274 1449 ferat,
299 1363 362 1456 qui
385 1364 489 1433 nobis
512 1385 531 1432 a
552 1364 688 1449 fronte,
713 1378 830 1458 tergo,
855 1366 1043 1450 lateribus,
1067 1362 1155 1433 insi·
1207 1361 1347 1446 omnia,
1380 1376 1417 1432 et
1439 1362 1478 1430 in
1504 1361 1604 1454 peius
1626 1363 1851 1440 delabuntur.
1910 1364 2034 1462 Neque
2056 1371 2198 1457 desunt,

168 1467 243 1536 dias
257 1467 419 1550 tendunt,
440 1479 480 1536 ut
498 1489 543 1533 ne
562 1461 668 1536 lanus
681 1467 825 1561 quidem
841 1468 887 1539 ab
901 1463 957 1537 his
971 1480 1067 1539 tutus
1081 1487 1155 1536 esse
1207 1463 1338 1557 quibus
1362 1485 1458 1533 nuuc
1475 1462 1656 1534 Medicina
1673 1467 1809 1547 sordet,
1834 1490 1925 1560 quae
1946 1469 2035 1541 olim
2058 1475 2199 1566 magnit

168 1580 289 1662 queat,
315 1567 433 1635 sinon
449 1565 630 1638 Medicina
646 1568 753 1654 adsit,
779 1592 869 1663 quae
886 1570 931 1638 ab
945 1568 1044 1638 omni
1058 1579 1157 1660 parte
1207 1579 1242 1636 et
1257 1564 1474 1657 sapientibus
1488 1565 1574 1634 viris
1590 1566 1678 1637 tanti
1696 1567 1810 1642 fiebat.
1847 1567 1919 1640 Sed
1936 1570 2023 1664 quid
2039 1575 2200 1658 mirum?

168 1671 313 1739 morbos
326 1682 492 1761 tanquam
508 1669 680 1759 especula
695 1671 868 1756 observet,
893 1685 1008 1742 etnos
1021 1671 1082 1764 qui
1096 1691 1156 1739 eos
1207 1664 1258 1739 Ut
1279 1667 1374 1735 enim
1398 1667 1554 1736 scarabei
1579 1668 1725 1759 preciosi
1749 1671 1922 1760 unguenti
1942 1675 2052 1745 odore
2083 1677 2199 1748 offen-

170 1770 396 1859 effugiamus,
433 1783 591 1856 moneat,
623 1771 681 1840 vel
704 1772 759 1863 ab,
778 1767 833 1841 his
857 1795 1060 1863 oppressos,
1092 1793 1156 1842 ceu
1208 1769 1361 1852 duntur,
1387 1780 1422 1838 et
1432 1776 1515 1837 'sues
1528 1769 1720 1839 amaracini
1735 1771 1938 1860 fragrantia,
1963 1774 2014 1845 sic
2028 1771 2068 1848 hi
2082 1780 2198 1851 nostri

170 1870 329 1942 emostis
343 1870 504 1941 faucibus
518 1871 655 1961 eripiat.
707 1870 818 1944 Cuius
832 1874 884 1943 rei
899 1875 996 1943 testis
1009 1886 1062 1943 est
1077 1895 1157 1962 gra·
1209 1869 1364 1940 scarabei
1388 1882 1422 1938 θῑ
1449 1892 1546 1954 ⁸⁰⁰⁸,
1577 1871 1774 1962 ΡΜιὸῒὸη
1797 1887 1832 1943 ⁶²
1856 1868 2021 1947 h⁰¹¹⁰⁸¹²⁸
2046 1902 2101 1949 ¹⁰⁸
2121 1904 2200 1953 ”⁰¹²

169 1972 333 2042 vissimns
347 1972 426 2057 ille,
453 1997 527 2043 non
544 1973 688 2044 dicendi
704 1977 831 2060 modo,
855 1976 915 2046 sed
932 1975 1037 2044 etiam
1051 1974 1158 2044 intel·
1207 1972 1338 2041 ferunt·
1390 1968 1460 2040 Sed
1483 1969 1564 2063 qnis
1585 1972 1670 2041 istos
1694 1996 1769 2041 non
1785 1977 2011 2049 contemnat?
2033 1979 2102 2051 nisi
2118 1983 2199 2076 quis

56 2088 61 2095 '
169 2074 303 2166 ligendi
331 2088 537 2166 praeceptor
557 2089 591 2146 et
614 2076 779 2170 magister
801 2074 943 2161 Cicero,
967 2075 1157 2170 inquiens:
1208 2073 1323 2146 levem
1337 2084 1372 2142 et
1384 2071 1565 2162 impurum
1579 2094 1721 2143 servum
1734 2070 1933 2175 Geryonem
1947 2083 2043 2173 apud
2058 2081 2200 2156 Aristo.

171 2174 348 2246 Valetudo
370 2189 587 2248 sustentatur
605 2178 738 2249 noticia
759 2178 814 2248 sui
838 2178 1015 2270 corporis,
1040 2190 1073 2247 et
1093 2176 1158 2247 oh-
1208 2168 1363 2266 phanem
1394 2172 1614 2244 audiendum
1640 2188 1756 2266 pulsia
1788 2177 1851 2270 qui
1873 2179 1990 2251 virum
2015 2180 2199 2258 Medicum

170 2277 368 2349 servatione
399 2300 519 2347 earum
544 2303 682 2364 rerum,
715 2303 805 2372 quae
829 2303 885 2348 res
908 2293 970 2350 aut
993 2279 1158 2370 prodesse
1210 2268 1467 2365 scatopbagon,
1499 2274 1537 2343 id
1567 2289 1635 2360 est,
1667 2279 1833 2349 stercoris
1859 2297 2061 2355 voratorem
2087 2304 2200 2371 vocat,

169 2381 322 2464 soleant,
348 2390 408 2450 aut
431 2382 563 2451 obesse.
614 2377 663 2451 At
685 2382 760 2452 sola
783 2379 964 2450 Medicina
987 2381 1159 2463 observat,
1210 2400 1290 2446 cum
1308 2375 1445 2444 nemini
1460 2370 1646 2446 hominum
1661 2379 1852 2451 obscurum
1867 2383 1932 2469 sit,
1956 2388 2052 2480 quod
2076 2389 2200 2480 lingua

170 2480 300 2573 quibus
330 2497 449 2550 nostra
480 2498 606 2554 natura
637 2477 863 2553 vehementer
900 2483 1096 2553 oblectetur
1124 2494 1160 2551 et
1210 2491 1273 2561 est,
1299 2491 1339 2547 ut
1353 2477 1413 2546 ille
1429 2476 1558 2570 inquit,
1582 2501 1663 2570 pars
1678 2481 1828 2570 pessima
1843 2485 1951 2558 servi.
2002 2486 2126 2583 Neque
2142 2491 2205 2579 ἧς’

169 2582 364 2667 reficiatur,
391 2583 564 2676 quibusve
579 2584 733 2674 graviter
746 2584 918 2668 laedatur,
941 2606 1050 2676 quare
1064 2583 1157 2651 idem
1210 2592 1442 2662 veteratores,
1464 2580 1595 2671 quibus
1611 2581 1704 2649 mala
1720 2606 1831 2670 mens,
1855 2587 1968 2658 malus
1983 2590 2125 2663 animus
2138 2607 2203 2678 est,

171 2697 275 2753 antor
298 2683 417 2768 addit,
443 2685 682 2755 valetudinem
707 2686 895 2755 sustentari
924 2698 999 2755 arte
1022 2707 1159 2768 eorum,
1211 2681 1314 2750 aliter
1331 2680 1485 2765 faciunt,
1508 2680 1676 2773 aquibus
1691 2682 1900 2775 vituperari.
1925 2688 2024 2760 laudi
2038 2692 2201 2763 ducitur:

172 2809 324 2878 quorum
351 2787 394 2853 ad
423 2785 605 2855 scientiam
630 2781 717 2856 haec
743 2786 939 2879 pertinent3
981 2799 1014 2856 et
1040 2800 1157 2857 tamen
1212 2784 1402 2874 prudentes
1423 2780 1494 2850 viri
1525 2796 1618 2853 recte
1641 2784 1811 2861 iudicant.
1867 2785 1958 2858 istos
1983 2792 2088 2862 etiam
2111 2817 2201 2863 con·

171 2900 270 2972 sunt,
296 2886 358 2980 qui
383 2882 469 2958 baec
489 2901 695 2958 mouentem
717 2913 793 2958 non
808 2889 977 2972 audiunt,
1002 2887 1065 2981 qui
1083 2900 1157 2956 tum
1211 2883 1420 2955 temnendos
1442 2883 1552 2968 duco,
1584 2885 1646 2977 qui
1668 2886 1758 2955 ebrii
1779 2887 1872 2959 inter
1892 2891 2018 2981 pocula
2035 2907 2199 2968 eructant

170 2989 315 3057 demum
330 3013 393 3059 sua
406 2989 564 3075 consilia,
586 2989 658 3060 imo
672 2991 902 3062 temeritatem
916 3001 1160 3073 contemnunt,
1211 2999 1248 3056 et
1268 2998 1429 3076 crepant:
1470 2982 1545 3073 Qui
1578 2986 1713 3057 medice
1741 2988 1847 3076 vivit,
1881 2991 2075 3064 miserrime
2097 2998 2201 3082 vivit,

172 3113 252 3158 cum
273 3090 344 3158 iam
361 3104 424 3160 aut
440 3091 532 3160 febri
552 3093 824 3182 concutiuntur,
850 3106 912 3163 aut
927 3090 1055 3161 morbo
1072 3113 1159 3164 con·
1212 3086 1373 3156 videntes
1390 3085 1544 3180 aliquem
1555 3088 1795 3161 continentiae
1811 3105 1845 3162 et
1858 3093 2077 3183 frugalitatis,
2090 3121 2201 3189 quarn

171 3189 367 3263 tabescunt.
417 3189 540 3260 Veluti
555 3186 809 3280 Athenienses,
835 3193 958 3286 quide
979 3215 1064 3285 pare
1085 3213 1160 3263 non
1211 3189 1375 3281 crapulae
1391 3186 1636 3264 amantiorem.
1679 3187 1750 3260 Sed
1767 3217 1874 3286 quam
1890 3196 2018 3266 misere
2034 3197 2120 3269 istae
2131 3195 2203 3272 ho-

59 3369 61 3373 ,
172 3288 244 3359 nisi
269 3289 395 3381 pullati
418 3291 685 3372 consultabant,
717 3295 807 3364 sicut
827 3291 1002 3364 Demades
1030 3291 1159 3387 inquit.
1211 3290 1349 3360 minum
1372 3289 1491 3359 larvae
1506 3289 1679 3372 delirant,
1704 3293 1766 3385 qui
1782 3294 1985 3368 existimant
2001 3297 2111 3370 istum
2132 3301 2220 3370 mi-.

173 3388 220 3464 Et
236 3392 379 3462 discunt
394 3391 452 3462 isti
473 3390 542 3461 lari
562 3415 689 3483 magno
703 3416 767 3463 suo
784 3395 897 3475 malo,
923 3407 1015 3464 recte
1028 3416 1161 3486 sapere,
1212 3413 1288 3460 sere
1309 3389 1447 3476 vivere,
1477 3391 1540 3486 qui
1561 3394 1697 3463 medice
1722 3394 1823 3468 vivit:
1855 3421 1923 3467 nae
1938 3398 1997 3471 isti
2023 3400 2201 3492 ignorant,

173 3507 208 3563 et
241 3514 297 3563 res
326 3517 407 3562 vere
432 3493 537 3564 utiles
562 3516 637 3563 non
661 3489 792 3565 temere
825 3494 1052 3585 negligendas
1078 3515 1161 3564 esse.
1213 3491 1301 3587 quid
1315 3491 1470 3578 mederi,
1495 3505 1558 3564 aut
1570 3491 1772 3583 Medicina,
1795 3512 1858 3570 aut
1871 3497 2035 3571 Medicus
2050 3504 2113 3575 sit-z
2138 3501 2202 3597 qui

173 3593 355 3665 Medicina
379 3619 483 3680 vero,
508 3594 537 3665 si
559 3595 633 3666 ulla
653 3618 709 3665 res
729 3595 818 3680 elia,
844 3596 947 3666 nobis
970 3595 1008 3665 in
1035 3593 1161 3687 primis
1213 3594 1243 3663 si
1264 3593 1504 3683 intelligerent
1524 3596 1651 3680 verba,
1672 3596 1833 3672 ‚iuvandi
1856 3614 1890 3672 et
1908 3600 2104 3689 auxiliandi
2124 3605 2202 3675 visn

173 3696 366 3766 necessaria
383 3709 446 3780 est,
468 3696 568 3767 cuius
583 3721 690 3788 opera
705 3696 901 3768 incolumes
915 3713 950 3769 et
966 3697 1054 3768 salvi
1071 3696 1161 3766 vivi-
1212 3692 1361 3779 babere,
1388 3710 1482 3766 certe
1498 3696 1601 3768 aliter
1622 3699 1835 3774 iudicarent.
1886 3701 1956 3776 Sed
1970 3704 2056 3796 quid
2081 3728 2204 3777 mora-

172 3822 263 3869 mus.
320 3795 421 3885 Sole,
446 3799 547 3889 igne,
577 3823 668 3892 aqua
695 3813 731 3871 et
759 3822 840 3870 sere
868 3799 1022 3893 denique
1057 3796 1161 3869 citius
1214 3821 1295 3868 mur
1311 3791 1396 3883 hos,
1420 3795 1550 3890 quibus
1572 3823 1676 3869 nemo
1696 3823 1805 3894 sanus
1823 3804 2120 3896 respondendum
2135 3831 2203 3900 pu·

172 3898 388 3987 carebimus,
412 3926 518 3995 quam
534 3898 728 3976 Medicina.
778 3899 870 3970 Nam
886 3913 1038 3993 praestat
1053 3899 1161 3970 semel
1213 3912 1283 3984 tat,
1308 3899 1368 3967 sed
1385 3895 1606 3970 helleborum
1626 3904 1899 3993 porrigendum,
1925 3919 1965 3978 ut
1980 3921 2129 3999 purgato
2145 3932 2203 3980 ea-

172 4000 265 4072 mori
287 4015 322 4074 et
346 4002 483 4094 magnis
504 4002 656 4073 miseriis
675 4001 840 4095 defungi,
866 4027 973 4097 quam
991 4002 1029 4072 in
1044 3999 1161 4092 longis
1213 4001 1337 4080 cebro,
1377 4001 1542 4074 desinant
1575 4003 1752 4074 delirare?
1816 4004 1941 4102 Neque
1976 4006 2201 4083 Medicorum

172 4103 326 4194 morbis,
350 4105 480 4195 quibus
495 4103 641 4173 liberari
657 4127 826 4197 nequeas,
849 4106 1017 4176 miserum
1033 4105 1162 4174 ducere
1212 4101 1335 4174 ordini
1358 4101 1474 4173 fraudi
1497 4126 1571 4174 esse
1596 4106 1700 4177 debet
1723 4111 1947 4201 quorundam
1969 4111 2154 4185 temeritas
2169 4125 2202 4183 et

173 4204 354 4293 spiritum,
379 4223 483 4296 atque
497 4202 695 4274 infoelicem
713 4204 831 4273 vivere
844 4205 970 4289 vitam,
996 4205 1162 4297 aquibus
1213 4204 1370 4289 inscitia,
1395 4205 1457 4298 qui
1472 4205 1547 4275 eius
1561 4205 1648 4274 artis
1665 4207 1770 4279 titulo
1785 4234 1822 4281 se
1839 4211 2082 4298 venditantes,
2107 4213 2201 4285 mul·

174 4305 280 4373 multi
303 4305 353 4373 sic
376 4312 606 4394 premuntur,
631 4330 652 4375 a
671 4303 874 4375 Medicinae
896 4304 1030 4375 auxilio
1052 4304 1161 4374 ‹lesti-
1213 4306 1258 4379 tis
1271 4307 1392 4377 fucum
1404 4304 1559 4385 faciunt,
1585 4306 1715 4399 quibus
1732 4310 1761 4379 si
1777 4311 1857 4406 quis
1877 4313 2021 4387 titulum
2036 4309 2201 4387 detrahe-

173 4405 258 4488 tuti‚
280 4418 320 4474 ut
341 4404 550 4474 sibimanus
569 4406 707 4475 adferre
726 4427 800 4473 non
816 4404 992 4476 dubitent.
1040 4402 1161 4493 Quare
1212 4419 1287 4489 ret,
1312 4405 1407 4476 idem
1421 4405 1571 4481 saueeis
1586 4408 1778 4493 accideret,
1804 4418 1900 4508 qnod
1915 4412 2079 4487 Cumano
2094 4416 2201 4502 leoni,

172 4502 330 4577 Romani
344 4501 509 4575 Caesares
520 4505 634 4576 videri
648 4518 795 4598 possunt
811 4505 1036 4587 intellexisse,
1053 4531 1161 4600 quam
1212 4508 1276 4603 qui
1291 4508 1384 4601 pelle
1398 4509 1565 4594 nudatus,
1588 4509 1710 4582 asinus
1723 4513 1840 4589 fiebat.
1879 4515 1985 4587 Talea
2000 4517 2202 4611 non-magis

173 4608 344 4678 salutares
377 4622 411 4679 et
444 4608 629 4679 necessarii
660 4621 776 4680 essent
806 4608 893 4679 boni
919 4605 1054 4678 Medici
1086 4604 1160 4679 Re-
1213 4608 1416 4682 Medicinae
1447 4609 1587 4680 officere
1615 4614 1764 4701 debent,
1811 4640 1918 4710 quam
1950 4613 2202 4691 honestissimo

40 4776 52 4804 Ι
121 4709 130 4717 “
173 4710 324 4801 buspub.
344 4710 408 4804 qui
435 4711 486 4782 eis
514 4710 553 4780 in
576 4709 735 4801 singulos
762 4733 876 4782 annos
903 4707 1160 4802 amplissimum
1212 4706 1478 4800 Theologorum
1491 4711 1624 4794 ordini,
1643 4717 1852 4789 triobolnres
1866 4718 1925 4789 isti
1940 4716 2205 4812 Theologastri,

172 4811 390 4903 stipendium
405 4811 557 4883 ducenta
572 4826 607 4884 et
621 4812 878 4908 quinquaginta
892 4810 1049 4884 sestertia
1071 4833 1160 4903 peu·
1212 4811 1295 4908 qui,
1329 4835 1393 4883 ceu
1416 4812 1537 4882 foedae
1550 4809 1734 4913 Harpyae,
1765 4832 1799 4889 et
1820 4843 1936 4907 sacra,
1961 4836 1996 4893 et
2019 4822 2203 4895 sanctissi-

172 4913 323 5007 debant,
349 4915 444 4986 sieut.
454 4911 591 4987 Plinius
612 4930 716 4987 autor
739 4928 810 5000 est,
838 4938 919 4985 cum
939 4927 1058 4985 tamen
1075 4913 1160 4984 reli-
1212 4908 1529 5004 mum'l‘heologiei
1543 4919 1701 4990 nominis
1713 4919 1875 4991 ordinem
1890 4924 2203 5021 defoedantstque

173 5039 322 5109 quarum
348 5015 616 5108 disciplinarum
644 5015 901 5109 professoribus
925 5030 1072 5087 centena
1104 5037 1158 5086 se·
1210 5029 1456 5109 conspureant.
1498 5014 1549 5091 Ut
1559 5021 1656 5090 enim
1672 5021 1768 5091 inter
1781 5018 2039 5115 pulcherrimas
2053 5041 2202 5118 segetes,

171 5118 291 5186 stertia
306 5120 414 5188 modo
427 5118 466 5186 in
481 5142 615 5190 annum
633 5117 866 5189 numerarim.
919 5115 1031 5211 Cuius
1050 5141 1159 5209 pecu·
1209 5117 1370 5190 triticum
1392 5133 1427 5190 et
1446 5119 1642 5210 siliginem,
1666 5122 1800 5194 zizania
1821 5139 1856 5197 et
1879 5127 2005 5198 lolium
2030 5128 2103 5200 sibi
2126 5151 2201 5201 esse

171 5217 252 5288 niae
270 5218 300 5287 si
323 5219 496 5290 rationem
514 5243 613 5289 more
626 5233 748 5291 nostro
768 5218 933 5304 iniveris,
964 5218 1158 5312 comperies
1209 5218 1338 5292 volunt
1357 5219 1495 5302 locum,
1527 5221 1576 5293 ita
1597 5237 1633 5293 et
1655 5223 1786 5315 perditi
1808 5227 1954 5322 quidam
1976 5224 2143 5302 homines
2158 5230 2200 5304 in

171 5314 392 5391 Rhetoribus
412 5334 446 5392 et
459 5317 578 5394 Poetis
598 5321 665 5392 tria
679 5322 793 5394 millia
809 5343 957 5394 aureum
972 5333 1006 5392 et
1019 5334 1156 5392 trecen·
1208 5316 1393 5395 honoratis
1417 5322 1579 5394 virorum
1604 5327 1794 5398 ordinibus
1816 5353 1963 5425 quoquo
1985 5334 2096 5404 modo
2126 5356 2203 5405 esse

171 5432 227 5495 tos
241 5423 384 5515 triginta
399 5434 553 5519 quatuor
565 5435 789 5512 numeratos,
812 5422 963 5497 Medicis
977 5447 1060 5495 vere
1075 5434 1155 5495 octo
1206 5423 1352 5519 volunt,
1376 5422 1440 5520 qui
1455 5421 1556 5516 digni
1569 5440 1671 5510 sunt,
1696 5441 1737 5503 ut
1755 5429 1794 5500 in
1811 5453 1936 5505 corvos
1951 5435 2200 5526 deportentur,
