4732 6030
273 320 348 392 607
697 298 855 376 Daca,
899 297 972 371 DE
1003 292 1459 373 CONIUNCTIONE
1490 291 1864 371 SCHOLARUM.
2219 304 2298 381 608

275 488 413 561 ordinis
426 480 594 571 dignitate
607 473 793 566 quicquam
807 472 975 561 decerpo,
999 492 1127 539 ornare
1139 468 1257 559 potius
1306 480 1426 537 ternae
1441 464 1649 537 intenebris
1668 466 1744 537 siue
1759 462 1890 560 lychno
1912 469 2034 541 nullus
2047 493 2133 541 usus
2149 487 2223 561 est,
2249 480 2300 551 ita

277 612 398 663 omnes
416 584 555 653 studeo:
579 589 614 644 et
634 572 780 642 memini
801 570 934 641 dictum
951 567 1170 653 Aristotelis,
1195 568 1258 659 qui
1308 571 1413 639 urbes
1435 568 1584 641 extincta
1605 567 1785 657 agnitione
1807 564 1894 649 Dei,
1927 582 1963 637 et
1985 594 2105 641 rerum
2121 572 2299 650 bonarum

277 708 317 763 ut
346 684 513 773 significet
543 676 662 745 multis
691 673 857 762 gradibus
881 685 985 763 atque
1010 671 1144 739 artibus
1168 671 1259 737 ritae
1309 668 1487 754 doctrina,
1513 668 1777 740 inutilesmoles
1790 691 1873 741 esse.
1925 666 2125 742 Fatendum
2141 692 2301 771 astorgo,

276 810 366 881 opus
386 806 477 864 esse,
502 779 635 870 inquit:
661 774 741 843 Non
761 797 800 840 ex
817 772 953 840 medico
969 785 1003 840 ct
1018 772 1173 851 medico,
1199 770 1257 837 sed
1309 767 1480 841 Ecclesias
1496 793 1534 837 ac
1558 783 1677 838 coetus
1699 793 1772 838 esse
1786 783 1966 861 oportere,
1991 774 2053 867 qui
2075 772 2190 847 Deum
2207 785 2299 852 cele.

277 913 318 958 er
340 885 477 954 medico
500 894 535 949 et
556 876 709 967 agricola
731 875 769 942 lit
791 872 930 956 civitas,
955 872 991 939 id
1017 886 1084 953 est,
1110 871 1260 939 coniun-
1310 874 1433 955 brent,
1459 869 1521 962 qui
1542 870 1738 939 doctrinam
1764 872 1806 938 de
1832 870 1908 940 eius
1923 887 2052 945 natura
2066 891 2100 947 et
2114 879 2300 954 voluntate

277 990 341 1060 ctis
365 985 530 1055 omnibus
554 978 705 1054 artibus,
731 996 817 1066 quas
834 970 929 1042 Deus
952 973 1125 1056 ostendit,
1149 984 1190 1039 ut
1206 972 1260 1038 vi·
1310 972 1440 1063 passim
1463 983 1644 1060 spargunt:
1680 966 1746 1039 boc
1770 994 1874 1041 nemo
1897 989 2035 1064 praeter
2047 974 2217 1070 Cyclopes
2234 1009 2300 1053 ne.

279 1107 333 1161 tae
363 1082 533 1176 praesidia
560 1080 643 1150 sint.
695 1073 866 1164 Magnum
894 1073 1040 1142 omnino
1072 1075 1178 1140 decus
1210 1084 1261 1139 est
1311 1096 1391 1160 gare
1408 1071 1563 1140 audebit.
1614 1066 1752 1140 Deinde
1779 1073 1842 1140 etsi
1866 1074 1971 1144 multi
1985 1078 2201 1167 existimant,
2230 1079 2299 1154 lto·

280 1211 400 1261 eorum
424 1184 486 1277 qui
511 1181 643 1249 curiam
666 1177 881 1265 gubernant,
907 1198 970 1243 nec
992 1174 1108 1241 minus
1125 1185 1174 1240 est
1192 1172 1262 1238 mi·
1313 1174 1424 1241 mines
1448 1170 1525 1239 sine
1546 1170 1676 1250 literis,
1709 1185 1835 1241 natura
1858 1175 1966 1261 duee,
1997 1180 2213 1251 voluntatem
2229 1184 2300 1256 Dei

280 1293 384 1361 litum
413 1285 474 1377 qui
504 1280 610 1350 armis
631 1276 809 1368 Rernpub.
834 1287 968 1362 tegunt.
1018 1271 1155 1341 Deinde
1178 1295 1262 1340 suus
1313 1296 1454 1343 cernere
1470 1296 1586 1362 posse:
1613 1285 1728 1341 tamen
1742 1297 1807 1343 nos
1822 1273 1859 1341 in
1874 1270 2029 1347 Ecclesia
2045 1281 2299 1356 scimusDeum

281 1394 379 1460 locus
402 1401 453 1456 est
468 1381 648 1471 agricolis,
672 1376 880 1459 artificibus,
903 1376 993 1445 adde
1009 1374 1112 1442 etiam
1130 1396 1262 1440 merca·
1314 1375 1483 1441 immensa
1508 1372 1665 1441 bonitate
1691 1396 1764 1443 sese
1782 1374 1982 1465 patefecisse
1993 1382 2114 1468 generi
2132 1378 2300 1473 humano,

281 1493 428 1565 toribus.
479 1485 572 1554 Deus
595 1477 706 1548 voluit
727 1472 887 1544 homines
912 1476 1004 1544 iuter
1017 1498 1056 1543 se
1069 1469 1134 1542 bac
1149 1473 1263 1540 varie·
1315 1474 1417 1543 certis
1431 1487 1465 1541 et
1479 1471 1676 1543 illustribus
1691 1473 1917 1560 testimoniis,
1941 1491 1980 1548 ut
1992 1503 2156 1552 arcanam
2173 1488 2299 1556 volun-

283 1606 351 1663 tate
365 1585 560 1658 officiorum
577 1578 756 1649 devinctos
769 1599 852 1648 esse.
903 1576 973 1646 Sed
987 1599 1090 1667 quem
1102 1576 1144 1641 ad
1156 1573 1261 1640 tinem
1315 1588 1420 1644 tatem
1446 1574 1490 1641 de
1513 1587 1632 1643 nostra
1656 1574 1767 1643 salute
1792 1576 1895 1645 nobis
1914 1576 2118 1652 declararet
2170 1584 2299 1679 Legem

282 1691 369 1764 baec
397 1708 541 1756 munera
571 1680 689 1748 omnia
711 1678 891 1745 referenda
912 1677 1020 1746 suut?
1068 1672 1170 1743 Dicet
1191 1674 1264 1741 for·
1316 1677 1359 1744 de
1381 1674 1479 1743 coelo
1499 1673 1636 1754 sonuit,
1660 1674 1757 1744 misit
1778 1675 1911 1761 lilium,
1935 1692 1969 1751 et
1987 1682 2125 1754 addidit
2142 1690 2300 1759 testimo-

283 1794 383 1864 tassis
404 1785 529 1877 aliquis
542 1778 687 1870 Epicuri
710 1779 753 1844 de
778 1798 879 1863 grege
902 1799 1040 1864 porcus:
1068 1773 1116 1844 Ut
1137 1774 1176 1841 in
1193 1774 1264 1841 vita
1317 1777 1395 1858 nia,
1426 1775 1724 1844 resuscitationem
1746 1789 1985 1865 mortuorum,
2028 1796 2062 1852 et
2092 1786 2161 1855 alia
2196 1792 2301 1878 facta,

284 1888 474 1980 tranquilla
497 1883 649 1952 suaviter
669 1880 828 1946 fruamur
844 1875 1101 1964 voluptatibus,
1126 1897 1165 1942 ae
1177 1896 1265 1962 pau·
1317 1899 1406 1968 quae
1432 1876 1612 1944 constabat
1637 1875 1746 1944 solius
1770 1874 1835 1946 Dei
1859 1902 1964 1967 opera
1988 1904 2072 1955 esse.
2124 1884 2227 1958 lussit
2263 1907 2300 1963 et

284 1993 383 2063 latim
404 1984 523 2054 nativo
545 1982 661 2050 calore
680 1977 893 2065 deflagrante
916 1974 1266 2066 siuespeimmorta·
1317 1977 1408 2045 clara
1433 1999 1517 2043 voce
1537 1975 1652 2044 audiri
1673 1976 1802 2056 tilium,
1837 1979 2016 2071 inquiens:
2047 1980 2116 2054 llic
2138 2003 2189 2058 est
2204 1991 2299 2062 filius

285 2089 392 2163 litatis
424 2084 560 2176 placide
592 2093 838 2171 putrescamus.
907 2073 1003 2144 Haec
1036 2099 1118 2142 vero
1153 2073 1266 2142 oratio
1319 2076 1596 2159 meosdilectus,
1624 2070 1719 2146 huuc
1740 2079 1869 2152 audite.
1922 2079 2043 2171 Quare
2059 2086 2218 2159 doctrina
2238 2117 2300 2162 ne-

283 2194 387 2285 plena
415 2182 647 2275 turpitudinis
674 2204 713 2247 ac
742 2176 879 2247 sceleris
907 2188 969 2245 est.
1019 2172 1094 2243 lmo
1118 2175 1198 2242 ideo
1222 2174 1265 2240 ad
1318 2177 1462 2246 cessaria
1487 2174 1682 2262 Ecclesiae,
1714 2200 1787 2246 uon
1813 2194 1863 2249 est
1887 2183 2059 2273 sapientia
2087 2186 2300 2280 deprehensa

285 2293 484 2363 societatem
513 2280 647 2352 conditi
668 2293 752 2349 sunt
774 2271 955 2357 homines,
988 2289 1029 2346 ut
1051 2275 1087 2341 iu
1108 2270 1175 2343 lrac
1196 2276 1267 2341 fre·
1320 2271 1556 2349 bumanorum
1573 2277 1796 2367 ingeniorum
1813 2283 2015 2369 sagacitate,
2041 2291 2100 2357 sed
2117 2306 2166 2360 est
2175 2317 2300 2367 arcana

285 2390 425 2488 quentia
447 2389 561 2456 luceat
583 2381 712 2451 noticia
726 2375 812 2462 Dei,
837 2391 870 2446 et
884 2374 979 2447 Deus
1003 2376 1199 2444 celebretur
1214 2387 1268 2444 at·
1319 2378 1490 2447 sententia
1505 2374 1571 2445 Dei
1588 2379 1721 2467 prolata
1735 2402 1798 2470 per
1813 2380 1926 2450 lilium
1942 2408 1982 2453 ex
1995 2386 2074 2457 sinu
2087 2395 2220 2460 aeterni
2231 2393 2300 2466 P..

286 2518 353 2587 que
369 2493 571 2566 invocetur,
594 2497 629 2553 et
645 2480 707 2550 alii
722 2480 766 2548 ab
781 2477 858 2546 aliis
873 2500 911 2545 ea
926 2476 1086 2545 doctriua
1103 2477 1268 2543 imbuan-
1319 2478 1400 2562 tris,
1425 2502 1529 2570 quam
1552 2475 1647 2547 Deus
1669 2479 1785 2549 statim
1810 2481 1914 2551 initio
1935 2489 2093 2556 mandari
2108 2491 2220 2562 literis
2235 2520 2300 2566 vo-

284 2609 362 2677 tur,
394 2612 484 2682 quae
508 2587 641 2657 aditum
670 2583 712 2648 ad
742 2593 916 2648 aeternam
946 2577 1117 2646 laeticiam
1146 2589 1179 2646 et
1201 2572 1268 2643 Dei
1322 2581 1404 2661 luit,
1429 2593 1469 2648 ut
1492 2580 1657 2649 omnibus
1676 2582 1848 2652 aetatibus
1868 2586 2034 2656 memoria
2059 2591 2134 2660 eius
2158 2619 2300 2667 conser-

284 2689 573 2765 consuetudinem
589 2680 759 2775 patefacit.
811 2677 970 2749 Similem
984 2678 1091 2765 igitur
1105 2672 1195 2745 banc
1209 2700 1268 2745 so·
1321 2681 1394 2748 vari
1424 2691 1550 2771 posset.
1608 2678 1781 2769 Magnum
1809 2696 1843 2753 et
1868 2684 2113 2759 admirandum
2138 2719 2226 2784 opus
2248 2715 2300 2770 est

285 2799 443 2867 rietatem
465 2784 649 2857 bominum
669 2775 809 2851 scholae
824 2801 896 2847 esse
911 2776 1124 2865 intelligitis,
1148 2778 1184 2845 iu
1199 2790 1269 2868 qua
1321 2804 1438 2849 rerum
1457 2779 1597 2852 creatio.
1648 2780 1717 2851 Sed
1734 2807 1807 2851 non
1824 2784 1937 2854 minus
1951 2786 2176 2877 beneficium,
2201 2803 2300 2888 quod

285 2902 330 2968 de
343 2893 419 2964 Deo
443 2904 476 2960 et
499 2891 542 2958 de
563 2885 693 2955 virtute
710 2880 894 2971 praecipue
911 2879 1138 2949 commentari
1152 2874 1268 2946 bomi-
1320 2904 1393 2951 sese
1419 2879 1596 2971 patefecit,
1631 2882 1764 2972 prodiit
1792 2887 1837 2953 ad
1863 2880 2042 2974 homines,
2079 2893 2301 2970 sarniliariter

285 3005 509 3084 nesoportet.
559 2985 678 3056 Huius
692 2998 811 3054 coetus
824 2980 1003 3050 domicilia
1018 2992 1100 3049 sunt
1113 2978 1269 3069 politiae.
1321 2980 1503 3050 uobiscum
1521 2981 1725 3061 collocutus,
1738 2997 1809 3069 est,
1835 2999 1874 3058 ut
1891 2989 1993 3059 adlici
2011 3014 2046 3061 se
2065 3016 2145 3063 cora
2162 3002 2300 3086 generis

286 3095 335 3165 Et
355 3091 438 3162 hoie
461 3113 597 3158 summo
611 3087 732 3177 uperi,
758 3084 888 3153 scilicet
903 3082 1084 3151 doetrinae
1099 3100 1269 3170 propaga·
1322 3079 1466 3153 humani
1484 3083 1693 3154 ostenderet.
1745 3083 1896 3156 Moveor
1918 3091 2097 3183 equidem,
2120 3110 2160 3169 ut
2177 3101 2219 3167 de
2235 3103 2300 3170 bo-

287 3192 377 3265 tioni
399 3189 529 3257 servire
552 3187 700 3253 curiam:
727 3187 849 3265 duces,
875 3183 1063 3263 exercitus,
1087 3178 1269 3269 agricolas,
1322 3183 1430 3252 nitate
1453 3180 1519 3249 Dei
1542 3183 1711 3271 cogitem,
1743 3210 1822 3253 cum
1849 3212 1968 3258 rerum
1992 3206 2152 3264 natorum
2176 3200 2300 3270 distin-

288 3292 447 3385 opifices,
472 3284 623 3375 denique
637 3304 759 3348 omnes
774 3284 865 3349 vitae
878 3284 1005 3368 gradus
1022 3281 1270 3350 existimemus.
1322 3297 1413 3353 ctam
1428 3282 1581 3350 mirabili
1594 3284 1776 3366 varietate,
1803 3297 1836 3352 et
1853 3288 1898 3351 ad
1915 3312 2000 3357 usus
2013 3312 2154 3367 nostros
2167 3324 2300 3370 arcum.

286 3388 488 3467 CurDavid
514 3384 606 3455 bella
630 3379 716 3449 foris
739 3381 899 3468 gerebat,
925 3404 996 3446 nun
1022 3392 1061 3447 ut
1082 3381 1120 3445 in
1144 3381 1269 3446 urbem
1322 3384 1497 3451 modatam
1521 3384 1721 3452 considero:
1753 3386 1813 3450 sed
1837 3384 1950 3457 naulto
1968 3386 2211 3470 vehementius
2228 3429 2302 3473 mo-

286 3487 513 3585 triumpbans
548 3485 593 3554 ab
631 3475 826 3571 elephantis
860 3473 1100 3548 inveberetur:
1142 3479 1201 3545 sed
1232 3491 1272 3546 ut
1323 3506 1422 3561 seor,
1458 3484 1595 3574 quoties
1616 3484 1730 3572 cogito
1752 3482 1818 3553 Dei
1840 3486 2016 3581 colloquia
2039 3518 2120 3564 cum
2138 3497 2302 3574 Patribus

287 3595 387 3690 pueri
410 3606 443 3661 et
464 3568 601 3681 puellae
620 3582 738 3665 domi,
771 3579 979 3670 intemplo,
1004 3578 1042 3646 iu
1062 3572 1191 3646 scholis
1214 3577 1271 3644 di·
1321 3596 1355 3652 et
1366 3576 1573 3673 Prophetis,
1600 3598 1634 3655 et
1645 3578 1736 3655 banc
1751 3585 2098 3662 familiaremeristi
2114 3619 2303 3674 consueto-

287 3708 423 3773 scereut
442 3692 581 3772 literas,
608 3685 763 3777 legerent
782 3680 951 3774 Moysen,
981 3679 1146 3749 audirent
1159 3679 1272 3748 inter-
1322 3684 1441 3752 dinem
1467 3707 1546 3753 cum
1578 3685 1743 3755 universo
1773 3687 1921 3778 populo,
1952 3702 1986 3759 et
2008 3690 2122 3761 lucem
2146 3694 2304 3786 Spiritus

286 3813 401 3894 pretes
425 3793 510 3882 legis
531 3801 566 3859 et
588 3783 882 3877 promissionum,
914 3780 952 3848 in
973 3781 1103 3873 quibus
1124 3803 1160 3847 se
1174 3777 1271 3849 Deus
1322 3783 1434 3854 sarrcti
1449 3807 1603 3875 sparsam
1625 3788 1669 3854 de
1690 3787 1808 3868 coelo,
1832 3800 1866 3857 et
1883 3788 2058 3883 colloquia
2073 3789 2204 3867 Christi
2221 3817 2303 3889 post

288 3900 503 3994 patefecerat.
557 3887 677 3960 Armis
693 3886 851 3954 virorum
867 3880 1216 3954 fortiomcoetusilli
1232 3880 1271 3947 io
1323 3884 1611 3954 resurrectionem
1635 3910 1714 3956 cum
1734 3888 1868 3958 multis.
1927 3884 1969 3959 ln
1992 3884 2116 3964 barum
2132 3899 2304 3971 maxima.

287 4000 418 4090 templo
431 4011 466 4065 et
481 3989 610 4062 scholis
626 3989 855 4075 tegebantur,
880 4006 926 4052 ne
947 3982 1078 4052 noticia
1094 3978 1162 4051 Dei
1178 3981 1273 4050 iuter
1323 4011 1402 4055 rum
1438 4009 1556 4055 rerum
1589 3987 1797 4075 cogitatione
1829 3988 1966 4059 assidue
1990 3995 2149 4064 omnium
2170 4016 2304 4072 mentes

287 4101 450 4173 hominos
466 4093 605 4184 penitus
618 4089 888 4173 extingueretur.
938 4079 991 4152 Ac
1008 4082 1109 4174 pauci
1126 4082 1271 4174 quidem
1323 4088 1452 4155 versari
1470 4088 1648 4156 deberent.
1699 4086 1770 4159 Nec
1786 4112 1868 4158 vero
1885 4089 2032 4177 frustra,
2051 4099 2205 4167 autsine
2222 4126 2304 4173 cau·

287 4208 538 4294 gubernatores
561 4190 604 4256 ad
622 4183 713 4254 barac
734 4198 860 4252 metam
877 4184 1037 4254 tendunt.
1091 4181 1201 4251 lulius
1216 4182 1271 4249 di·
1323 4211 1360 4256 sa
1383 4186 1484 4256 toties
1504 4200 1575 4256 tam
1601 4187 1704 4257 claris
1726 4190 1936 4259 testimoniis
1956 4214 1993 4262 se
2018 4198 2178 4285 patefecit
2199 4197 2304 4275 Deus.

288 4303 413 4379 micat,
446 4317 490 4361 ne
514 4291 558 4361 ab
579 4285 711 4355 invidis
731 4284 902 4370 dignitate
920 4283 1103 4371 spolietur.
1154 4280 1271 4354 Anto·
1321 4287 1403 4359 Non
1417 4288 1654 4357 existimemus
1666 4283 1751 4359 haec
1767 4289 1886 4359 inania
1902 4286 2101 4381 phasmata,
2127 4314 2189 4369 aut
2204 4326 2304 4391 prae-

288 4404 372 4473 nius
401 4388 651 4467 marabello,
692 4399 729 4452 ut
758 4387 801 4450 de
831 4382 948 4448 alieno
973 4380 1125 4449 helluari
1151 4382 1271 4483 possit.
1323 4388 1459 4477 stigias,
1479 4402 1541 4459 out
1558 4389 1662 4458 ludos
1683 4412 1767 4463 esse.
1818 4388 1965 4480 Magnas
1987 4407 2021 4464 et
2042 4398 2147 4467 serias
2163 4425 2218 4470 res
2237 4404 2304 4494 egit

288 4501 359 4576 Sed
383 4500 421 4566 in
445 4488 599 4565 Ecclesia
624 4505 746 4553 omues
769 4482 957 4573 prudentes
979 4480 1082 4549 illum
1098 4483 1271 4572 optimum
1322 4487 1439 4574 Deus,
1464 4491 1647 4559 ostendere
1668 4490 1783 4560 voluit
1802 4514 1935 4561 severe
1950 4495 2052 4564 adfici
2067 4522 2150 4569 cura
2166 4516 2304 4573 nostrae

287 4608 393 4675 finem
409 4593 609 4689 prospicere
626 4589 745 4666 decet,
771 4583 1033 4653 corotitoendas
1047 4602 1122 4649 este
1144 4597 1177 4651 et
1191 4608 1271 4651 mtt-
1323 4590 1457 4663 salutis.
1516 4588 1640 4658 Voluit
1666 4602 1700 4658 et
1721 4613 1803 4660 suae
1824 4592 1919 4673 voci,
1945 4618 1985 4662 ae
2009 4597 2192 4670 doctrinae
2210 4604 2305 4675 testi-

287 4705 436 4777 uiendas
456 4693 673 4783 retegendas
691 4685 849 4777 ΡοΙῑῑῑῢδ,
874 4700 912 4753 ¹¹1
928 4686 966 4753 5¹1
991 4683 1041 4753 eis
1058 4682 1187 4751 110ῑὶ(ῑῆ
1204 4679 1272 4753 Dei
1322 4691 1440 4759 monia
1463 4690 1566 4759 nobis
1587 4691 1744 4773 tradere,
1770 4692 1809 4759 io
1834 4717 1903 4785 qua
1925 4695 2086 4767 coelestia
2111 4725 2258 4773 munera
2273 4722 2305 4778 et

286 4815 509 4901 propagetur.
560 4791 735 4865 Adiiciam
758 4787 944 4877 imaginem
967 4783 1123 4855 fortassis
1140 4784 1272 4854 insulse
1303 4791 1521 4861 ‘societatem
1538 4812 1622 4859 suae
1645 4791 1875 4863 beatitudinis
1898 4795 2001 4863 nobis
2016 4797 2186 4888 impertit.
2235 4802 2306 4878 Nee

284 4927 366 4981 are
388 4903 450 4973 vili
474 4910 662 4988 sumptam.
722 4890 792 4961 Sed
811 4905 927 4957 tamen
944 4886 1074 4956 multae
1091 4898 1173 4956 sunt
1190 4909 1272 4977 par·
1322 4890 1431 4979 magis
1454 4890 1593 4976 Patres,
1626 4886 1838 4982 l‘ropbetas,
1871 4890 2060 4984 Apostolos
2082 4899 2118 4966 in
2137 4900 2210 4972 illis
2223 4904 2307 4997 ipsis

284 5034 349 5087 yae
372 5003 602 5074 maximarum
623 5015 739 5062 renam
761 4989 931 5079 imagines
945 4986 1109 5058 illustres.
1160 4984 1271 5077 Saepe
1321 4990 1557 5062 familiaribus
1569 4992 1812 5081 congressibus
1823 4994 2041 5085 acquiescere
2054 4999 2184 5088 voluit,
2201 5030 2307 5097 quam

285 5106 375 5181 mibi
392 5099 618 5190 cogitantide
639 5093 709 5162 vita
734 5090 932 5174 communi,
955 5086 985 5156 ti
1006 5085 1270 5180 quandomini·
1321 5091 1360 5160 iu
1395 5092 1469 5182 ipsa
1502 5093 1663 5166 doctrina
1690 5092 1777 5163 velit
1809 5116 1931 5164 omues
1956 5090 2119 5169 homines
2144 5107 2309 5176 omnium

285 5229 357 5283 ster
372 5218 479 5275 noctu
496 5190 672 5290 praecedit
687 5185 855 5284 lychnum
873 5203 1010 5277 gestans
1025 5188 1202 5257 inclusum
1217 5187 1270 5255 la·
1320 5205 1472 5263 aetatum
1487 5196 1716 5287 acquiescere.
1749 5188 1797 5264 Ut
1813 5217 1931 5264 coram
1950 5199 2134 5271 manifesto
2149 5205 2307 5281 inlumi-

285 5331 423 5393 tarnae,
450 5301 547 5371 venit
570 5296 607 5364 in
630 5305 782 5361 mentem
807 5292 948 5380 politius
970 5287 1102 5358 similes
1123 5311 1196 5361 esse
1217 5289 1270 5358 la·
1320 5316 1366 5361 ue
1392 5295 1482 5365 vidit
1504 5293 1647 5389 Moyses
1661 5290 1794 5378 Deum,
1820 5308 1915 5365 stans
1942 5297 1979 5365 in
1997 5322 2099 5392 rupe:
2125 5304 2177 5374 sic
2194 5320 2306 5379 tecum

285 5432 424 5490 ternae,
455 5399 651 5475 doctrinam
673 5392 857 5461 coelestem
883 5385 1025 5485 lyclrno.
1083 5385 1136 5458 Ac
1160 5402 1201 5459 ut
1216 5389 1271 5458 la-
1320 5407 1415 5465 certo
1435 5420 1514 5465 eum
1529 5394 1685 5489 colloqui
1697 5394 1805 5479 scias,
1829 5397 1964 5488 quoties
1983 5394 2048 5470 hos
2065 5401 2158 5493 ipsos
2169 5406 2308 5480 libellos
