4732 6030
116 267 192 340 897

219 435 417 509 Discrimen
446 432 553 522 igitur
576 433 671 502 inter
692 426 824 502 Christi
847 454 1045 504 sermonem
1078 444 1111 500 et

116 543 222 614 aliam
240 537 447 630 sapientiam
463 549 586 604 notum
610 534 673 614 sit,
699 547 734 604 et
755 534 935 624 propriam
962 534 1026 602 filii
1043 525 1109 603 Dei

116 667 239 715 vocem
258 640 415 712 studiose
434 660 695 726 cognoscamus.
786 674 791 685 ·

218 744 287 816 Sed
323 766 388 812 cur
419 763 503 810 usus
530 753 581 809 est
608 737 740 807 Paulus
762 736 871 806 verbo
896 731 1111 807 habitandi?

117 847 277 917 Primum
309 859 418 914 totam
446 838 639 910 Ecclesiam
673 840 751 911 vult
783 838 1005 908 domicilium
1037 861 1109 907 esse

44 968 48 974 ‘
116 946 244 1018 horum
259 948 454 1023 librorum,
481 939 540 1012 hic
555 940 727 1012 custodiri
743 941 820 1011 vult
844 936 940 1009 hunc
963 934 1108 1009 thesau-

115 1075 196 1121 rum
221 1045 465 1140 promissionis
492 1042 602 1115 aDeo
627 1043 795 1122 traditae,
821 1067 927 1134 quam
952 1055 1109 1111 caeterae

115 1167 236 1243 gemes
271 1149 476 1239 negligunt,
510 1159 546 1216 et
570 1142 625 1213 his
648 1144 751 1214 libris
776 1145 914 1215 reiectis
940 1145 1108 1212 desinunt

116 1277 189 1325 csse
205 1276 286 1344 pars
309 1251 433 1344 populi
449 1244 529 1321 Dei.
581 1244 680 1317 Idem
704 1247 744 1316 fit
765 1245 803 1314 in
824 1246 973 1336 singulis
990 1243 1108 1315 homi·

115 1358 232 1425 nibus.
351 1343 353 1349 ’

219 1454 341 1524 Donec
368 1467 468 1522 tuum
505 1463 627 1544 pectus
662 1464 713 1520 εει
745 1448 966 1519 domicilium
1000 1443 1107 1518 huius

118 1560 320 1637 doctrinae,
363 1555 537 1646 tantisper
558 1576 594 1621 es
617 1548 794 1622 Ecclesiae
825 1550 911 1619 civis
938 1565 970 1619 et
996 1575 1107 1619 mem-

115 1663 219 1731 brum
245 1658 377 1750 populi·
390 1655 469 1725 Dei.
519 1653 750 1748 Nequaquam
771 1667 853 1723 sunt
875 1653 968 1722 cives
982 1648 1106 1722 Eccle-

116 1764 198 1854 siae,
226 1761 287 1854 qui
304 1784 368 1828 nec
384 1759 516 1846 legunt,
542 1781 607 1827 nec
620 1756 774 1827 audiunt
787 1750 880 1824 hanc
895 1754 1105 1828 doctrinam.

217 1860 265 1932 Et
281 1885 356 1930 non
372 1861 486 1930 solum
504 1873 672 1950 perpetua
691 1858 911 1927 conservatio
934 1858 973 1925 in
994 1858 1104 1926 verbo

116 1965 350 2057 praecipitur,
396 1963 455 2031 sed
501 1962 608 2031 etiam
643 1959 846 2029 dulcissima
884 1958 1106 2028 familiaritas

115 2068 344 2155 significatur.
397 2061 448 2133 lta
463 2062 686 2132 familiariter
708 2073 742 2130 et
765 2083 867 2150 saepe
891 2060 1106 2150 colloquaris

115 2193 195 2239 cum
218 2163 379 2250 Christo,
414 2190 493 2234 cum
518 2162 703 2246 Patribus,
736 2157 923 2252 Prophetis
948 2176 983 2233 et
1006 2157 1106 2252 Apo-

117 2271 234 2353 stolis,
258 2281 297 2338 ut
313 2266 525 2359 colloqueris
540 2289 621 2335 cum
637 2266 682 2333 iis
697 2265 734 2331 in
757 2263 891 2332 familia
912 2279 991 2349 tua,
1017 2287 1106 2357 quos

117 2373 304 2463 praecipue
319 2391 433 2453 amas,
460 2382 591 2438 etcum
607 2368 737 2460 quibus
757 2388 881 2434 ornnes
903 2381 982 2436 tuas
1004 2389 1106 2443 curas

117 2472 379 2543 communicare
395 2471 497 2540 soles.

218 2573 272 2644 Ac
285 2595 407 2642 revera
421 2570 518 2641 Deus
534 2572 570 2639 in
590 2570 654 2639 illo
672 2585 812 2663 pectore
829 2565 985 2652 habitat,
1008 2572 1104 2663 quod

118 2670 211 2744 hanc
248 2675 447 2775 doctrinam
481 2674 627 2761 cogitat,
675 2673 900 2764 amplectitur
933 2685 968 2741 et
1002 2686 1104 2741 amat

119 2774 226 2865 Quod
244 2789 295 2847 est
309 2791 425 2846 autem
439 2777 552 2844 maius
570 2777 722 2857 bonum,
746 2799 853 2867 quam
869 2770 955 2844 haec
968 2771 1037 2845 Dei
1052 2776 1106 2843 fa-

115 2878 326 2948 miliaritas?
357 2877 419 2970 qui
452 2870 520 2944 hoc
550 2874 772 2942 domicilium
799 2875 847 2942 ita
869 2878 1039 2961 custodit,
1067 2890 1107 2946 ut

116 2979 418 3068 simul'impertiat
433 2997 533 3044 stram
548 2975 775 3066 sapientiam,
801 2974 972 3045 iustitiam
996 2992 1031 3047 et
1053 2979 1106 3046 vi·

117 3096 187 3154 tam
205 3094 399 3150 aeternam.
986 3096 989 3100 ·

219 3179 331 3249 Multi
346 3192 429 3249 sunt
446 3190 562 3247 autem
584 3177 714 3265 gradus
734 3178 988 3268 negligentium
1014 3175 1106 3249 hanc

117 3282 402 3353 familiaritatem.

219 3382 403 3453 Notissimi
418 3392 502 3448 sunt
517 3375 704 3468 Epicurei,
729 3380 790 3474 qui
807 3373 873 3449 hos
895 3379 1007 3451 libros
1029 3395 1104 3451 tum

117 3487 297 3565 derident,
324 3497 400 3554 tum
418 3483 581 3551 oderunt.

221 3586 381 3657 Proximi
404 3597 488 3653 sunt
513 3577 735 3674 hypocritae,
760 3584 822 3675 qui
842 3585 906 3650 etsi
929 3607 992 3652 sua
1014 3585 1105 3652 deli-

119 3702 277 3761 ramenta
297 3703 331 3759 et
344 3686 441 3757 idola
458 3684 659 3754 anteferunt
674 3682 749 3753 Deo
767 3698 802 3752 et
820 3679 876 3752 his
903 3685 1023 3768 libris,
1051 3699 1106 3754 ta-

117 3817 200 3863 men
220 3805 261 3863 ut
285 3793 406 3861 fucum
422 3787 551 3854 faciant
575 3786 724 3876 populo,
746 3787 787 3855 ad
803 3808 883 3855 suas
897 3786 1107 3876 cupiditates

118 3896 229 3966 multa
245 3894 337 3963 dicta
354 3883 544 3982 sophistice
561 3887 759 3959 inflectunt.
855 3933 857 3936 <

220 3995 359 4066 Horum
378 4015 459 4061 cum
477 3989 550 4058 sint
565 3989 741 4059 manifesti
767 3990 925 4074 furores,
952 4012 1026 4058 non
1050 3989 1106 4058 di-

118 4119 194 4165 cam
212 4120 307 4165 nunc
320 4098 365 4166 de
382 4095 432 4163 cis
447 4092 635 4183 prolixius:
661 4103 800 4161 tantum
816 4116 880 4161 oro
896 4092 1009 4161 filium
1027 4089 1107 4177 Dei,

118 4210 158 4268 ut
180 4197 349 4288 reprimat
370 4196 550 4278 diabolos,
582 4207 615 4264 ει
638 4193 699 4262 illa
722 4192 858 4262 diaboli
879 4216 1028 4284 organa,
1061 4217 1107 4264 ne

118 4300 158 4367 iu
172 4295 328 4368 Ecclesia
341 4299 463 4368 multis
479 4313 640 4367 noceant.
1024 4354 1029 4365 .

221 4398 297 4470 Alii
313 4412 395 4469 sunt
410 4399 529 4468 minus
544 4399 647 4495 mali,
671 4399 733 4482 sed
749 4412 865 4467 tamen
879 4421 1020 4487 segnes,
1045 4398 1107 4491 qni

119 4498 193 4573 non
218 4504 372 4574 oderunt
393 4500 607 4585 doctrinam,
641 4503 702 4570 sed
737 4487 834 4570 velut
862 4501 975 4571 saturi
1009 4501 1123 4569 fasti..

13 4675 24 4680 ,,
119 4606 240 4674 diunt:
282 4617 467 4695 postquam
494 4602 604 4670 semel
635 4615 739 4695 atque
773 4602 901 4672 iterum
935 4604 1108 4694 legerunt,

417 257 577 343 DECL.
617 257 695 335 DE
727 255 933 331 ulcToz
964 256 1168 333 SERMO
1203 258 1446 332 CHRlSTl
1484 258 1751 334 ΗΑΒΙΤΕΤ
1783 281 1867 336 ιιι.

2083 263 2159 337 898

1268 430 1366 499 Haec
1387 456 1466 500 cum
1489 433 1592 516 fiant,
1619 433 1769 504 lectione
1791 449 1824 506 et
1845 435 2058 525 cogitatione
2078 430 2156 506 ser-

1162 535 1279 603 monis
1295 534 1420 616 divini,
1447 536 1686 605 assiduitatem
1704 536 1742 604 in
1758 536 1906 627 legendo
1922 539 2155 608 necessariam

1163 659 1235 704 esse
1251 636 1492 705 confitendum
1509 651 1571 708 cst.

1262 733 1334 807 Sed
1349 733 1664 810 hicEnthusiastae
1681 740 1827 833 quidam
1844 741 2052 812 reclamant:
2076 738 2155 812 Ab·

1162 837 1224 920 sit,
1252 839 1441 932 inquiunt,
1468 855 1506 910 ut
1530 842 1673 911 lectioni
1695 844 1893 912 tribuamus
1917 838 2004 912 haec
2029 843 2152 912 incen-

1161 940 1239 1023 dia,
1264 962 1352 1033 quae
1376 944 1520 1033 proprie
1541 967 1559 1012 a
1582 943 1719 1036 Spiritu
1740 957 1862 1015 sancto
1878 944 2064 1029 oriuntur,
2090 945 2151 1038 qui

1161 1067 1233 1112 non
1250 1043 1408 1113 inclusus
1424 1061 1474 1114 cst
1497 1046 1643 1140 syllabis
1664 1060 1700 1117 et
1718 1047 1839 1136 liguris
1861 1047 2062 1116 literarum:
2089 1049 2150 1117 sed

1161 1169 1239 1214 cum
1265 1146 1332 1235 ipsi
1355 1147 1459 1229 libet,
1492 1149 1585 1239 rapit
1608 1171 1690 1218 suos
1713 1150 1907 1241 quosdam,
1940 1147 2090 1242 scriptos
2112 1148 2150 1219 in

1160 1247 1325 1317 fatalibus
1340 1248 1482 1321 tabulis.

1261 1347 1342 1419 Scio
1373 1350 1568 1421 multorum
1599 1352 1715 1421 studia
1746 1352 1952 1442 languelieri
1977 1346 2042 1421 hac
2071 1350 2151 1442 opi·

1159 1450 1285 1535 dione,
1323 1467 1357 1522 et
1380 1453 1482 1521 valde
1505 1454 1610 1523 doleo
1629 1453 1732 1522 etiam
1756 1456 1878 1525 doctos
1893 1455 2065 1549 quosdam
2085 1449 2150 1523 has

1159 1553 1400 1643 persuasiones
1416 1568 1450 1625 et
1465 1578 1581 1624 amare
1597 1569 1630 1626 et
1644 1555 1864 1638 confirmare,
1889 1557 2019 1651 quibus
2030 1555 2149 1624 omni-

1159 1655 1225 1722 bus
1242 1680 1384 1747 oppono
1402 1657 1580 1726 luculenta
1593 1657 1819 1744 testimonia,
1845 1682 1935 1752 quae
1947 1657 2148 1728 labefactari

1158 1757 1260 1825 nullo
1275 1761 1382 1827 modo
1400 1774 1558 1846 possunt.
1677 1762 1681 1769 ’

1261 1856 1353 1929 Νοιε
1371 1884 1438 1928 vox
1458 1873 1509 1930 est
1524 1860 1644 1930 Pauli:
1669 1856 1905 1948 Evangelium
1922 1874 1974 1932 εει
1989 1859 2148 1951 potentia

1159 1955 1225 2028 Dei
1247 1961 1290 2028 ad
1313 1961 1461 2031 salutem
1484 1963 1583 2030 omni
1607 1962 1775 2032 credenti.
1841 1960 1945 2032 ltcm:
1980 1961 2086 2032 Fides
2107 1986 2148 2032 ex

1159 2061 1283 2130 auditu
1315 2077 1374 2130 est.
1434 2060 1538 2134 ltem:
1572 2059 1808 2154 Evangelium
1834 2077 1886 2135 est
1910 2063 2147 2136 ministerium
2231 2091 2234 2094 ·

1159 2161 1324 2253 Spiritus.

1261 2279 1342 2353 Non
1361 2275 1421 2353 hic
1445 2284 1591 2376 quidem
1613 2282 1722 2355 sentit
1745 2283 1923 2355 inclusum
1946 2306 2019 2354 esse
2033 2282 2150 2377 Spiri-

1158 2397 1234 2454 tum
1252 2397 1413 2456 sanctum
1428 2385 1466 2454 in
1480 2387 1662 2456 literarum
1675 2386 1815 2476 figuras,
1833 2388 1894 2457 sed
1910 2388 2064 2456 celebrat
2079 2386 2149 2455 irn-

1160 2510 1315 2555 mensam
1329 2487 1524 2557 bonitatem
1539 2487 1625 2570 Dei,
1652 2488 1714 2582 qui
1738 2481 1835 2559 hunc
1854 2488 1971 2580 ipsum
1985 2487 2148 2558 ordinem

1159 2602 1192 2658 et
1208 2588 1336 2678 agendi
1352 2590 1497 2666 modum
1513 2589 1680 2675 instituit.

1261 2702 1470 2800 Alloquitur
1501 2706 1638 2777 surhma
1665 2708 1850 2780 clementia
1881 2731 1992 2801 genus
2021 2703 2151 2778 huma-

1158 2833 1264 2895 num,
1290 2810 1367 2881 vult
1389 2810 1506 2880 audiri
1528 2834 1626 2879 suam
1655 2835 1796 2897 vocem,
1821 2811 1873 2882 ihi
1895 2813 1975 2883 vult
1995 2808 2152 2902 conspici

1158 2935 1258 2981 suam
1283 2912 1542 2997 voluntatem„
1557 2907 1622 2981 hac
1649 2936 1754 2998 voce,
1788 2937 1868 2985 curn
1893 2928 1928 2986 et
1956 2913 2150 3002 cogitamus

1160 3008 1253 3097 eam,
1288 3025 1323 3083 ει
1345 3014 1522 3084 luctamur
1546 3013 1640 3083 inter
1665 3014 1936 3107 trepidationes,
1959 3028 2001 3086 ut
2020 3015 2151 3108 pavida

1159 3139 1258 3185 mens
1273 3114 1508 3201 adsentiatur,
1534 3129 1570 3186 et
1585 3139 1650 3185 nos
1665 3117 1752 3207 erigi
1773 3117 1943 3210 petimus,
1972 3116 2151 3188 verissime

1160 3215 1314 3308 Spiritus
1331 3230 1471 3287 sanctus
1487 3231 1539 3288 est
1552 3218 1684 3293 efficax.

1272 3334 1411 3427 Sepone
1427 3336 1497 3404 iam
1516 3337 1655 3407 tabulas
1672 3337 1751 3407 illas
1766 3339 1901 3425 fatales,
1926 3362 2013 3433 quas
2030 3337 2152 3431 inqui-

1158 3458 1236 3503 rere
1258 3461 1333 3504 non
1355 3452 1407 3508 est
1426 3449 1597 3509 nostrum.
1649 3436 1731 3508 Huc
1752 3439 1854 3509 flecte
1877 3455 2031 3510 mentem
2043 3490 2054 3528 ,
2079 3462 2149 3531 quo

1159 3550 1193 3608 ιε
1212 3552 1313 3607 vocat
1327 3535 1436 3612 Deus.

1263 3651 1437 3725 Universa
1459 3656 1620 3726 doctrina
1643 3658 1803 3728 coelestis
1827 3657 2003 3741 clamitat,
2034 3654 2150 3728 Deum

1159 3778 1200 3822 ex
1229 3777 1294 3824 suo
1322 3778 1486 3826 sermone
1511 3761 1794 3849 cognoscendum
1820 3783 1910 3830 esse:
1943 3760 2150 3830 mandatum

1159 3856 1318 3925 omnium
1334 3879 1512 3928 summum
1536 3882 1629 3940 esse,
1655 3874 1696 3931 ut
1719 3854 1804 3931 haec
1822 3861 1896 3953 ipsa
1920 3861 2048 3953 scripta
2067 3886 2153 3954 pro-

1159 3951 1357 4049 pheticact
1380 3960 1572 4049 apostolica
1592 3962 1800 4033 audiantur:
1836 3976 1876 4033 ut
1895 3963 1933 4033 in
1949 3956 2026 4033 Deo
2048 3987 2151 4032 men·

1159 4071 1210 4129 tes
1215 4059 1470 4231 ὀεξὶιιιιιὶεεειιιι,
1496 4062 1592 4134 iuxta
1615 4057 1701 4135 haec
1720 4065 1937 4149 testimonia,
1964 4089 2055 4160 quae
2074 4064 2151 4161 ipse

1159 4173 1214 4232 tra
1241 4186 1251 4230 t
1280 4175 1320 4232 ιι.

1262 4278 1359 4352 llaec
1375 4306 1449 4352 non
1465 4285 1509 4354 ab
1527 4283 1676 4369 ociosis,
1699 4284 1831 4357 securis
1856 4298 1890 4357 et
1913 4284 2021 4355 ebriis
2036 4285 2150 4355 admi:-

1159 4384 1297 4455 ratione
1314 4385 1368 4470 sui
1384 4384 1535 4456 iudicari
1550 4400 1714 4479 possum:
1740 4389 1801 4458 sed
1823 4388 1870 4459 ab
1887 4386 1952 4473 iis,
1977 4386 2150 4482 quiveris

1160 4485 1346 4557 doloribus
1362 4489 1520 4580 oppressi
1537 4505 1633 4565 sunt.

1261 4602 1411 4674 Homini
1429 4620 1673 4690 consternato,
1700 4607 1761 4699 qui
1780 4608 1822 4676 ad
1846 4604 2060 4699 supplicium
2081 4608 2149 4675 du-

119 4707 322 4777 existimant
338 4729 375 4776 se
392 4718 499 4775 totam
516 4698 584 4771 Dei
599 4702 808 4792 sapientiam
824 4701 1043 4785 exhausisse,
1069 4730 1108 4774 ac
1160 4708 1271 4792 citur,
1305 4708 1391 4799 quid
1412 4707 1532 4775 dices?
1581 4706 1678 4778 Num
1699 4708 1839 4778 iubebis
1860 4723 1901 4778 ut
1925 4708 2080 4799 disputet
2104 4710 2149 4777 de

120 4810 348 4878 relectionem
379 4830 443 4875 nec
478 4804 727 4887 necessariam,
773 4831 838 4877 nec
870 4808 995 4878 utilem
1025 4831 1108 4876 esse.
1161 4809 1360 4880 electione?
1414 4803 1473 4877 An
1498 4833 1574 4879 non
1589 4808 1708 4901 potius
1725 4833 1844 4880 vocem
1861 4806 2049 4898 Evangelii
2064 4832 2149 4902 pro·

119 4909 259 4980 Horum
275 4907 416 4979 fastidia
433 4907 535 4976 valde
554 4907 706 4975 taxanda
721 4921 814 4977 sunt.
889 4946 898 4963 ·
1142 4902 1288 5002 pones,
1314 4933 1404 5003 quae
1428 4924 1523 4981 certo
1547 4911 1874 4983 reconciliationem
1896 4911 2016 4982 offert:
2041 4923 2076 4982 et
2099 4911 2149 4980 si-

222 5013 312 5081 Nam
328 5012 450 5080 crebra
464 5007 567 5078 lectio
585 5032 658 5077 non
676 5021 813 5077 tantum
832 5004 899 5078 hoc
916 5012 1041 5094 adfert,
1069 5025 1110 5082 ιιι
1161 5012 1254 5096 mul,
1278 5027 1319 5083 ut
1332 5011 1509 5104 Baptista,
1536 5014 1751 5084 monstrabis
1767 5037 1916 5106 agnum,
1937 5013 2051 5084 filium
2068 5011 2149 5097 Dei,

119 5127 233 5187 totum
251 5112 434 5199 doctrinae
455 5133 584 5201 corpus
606 5110 668 5179 liat
693 5110 831 5193 notius,
854 5114 913 5181 sed
929 5113 1034 5185 etiam
1050 5137 1109 5183 ac·
1161 5128 1195 5186 et
1224 5128 1359 5207 repetes
1385 5110 1478 5187 hanc
1507 5116 1733 5201 concionem,
1774 5140 1865 5212 quae
1890 5115 2076 5208 praecipit,
2108 5122 2150 5185 ιιι

119 5217 239 5288 cendit
258 5229 375 5285 motus
399 5211 529 5296 animi,
554 5212 664 5282 flectit
687 5212 732 5281 ad
755 5212 1026 5304 poenitentiam,
1051 5215 1109 5284 in·
1160 5210 1258 5288 hunc
1273 5215 1485 5288 audiamus?
1516 5214 1761 5289 Abomnihos‘
1777 5219 1855 5290 vult
1874 5219 2015 5310 agnosci
2036 5216 2148 5286 lilium

119 5320 207 5390 cutit
234 5333 405 5398 terrores,
439 5314 607 5387 exuscitet
635 5314 920 5401 invocationem,
950 5320 1110 5389 medetur
1160 5331 1324 5392 aeternus
1349 5334 1463 5412 pater,
1490 5333 1523 5392 et
1544 5333 1690 5413 propter
1704 5346 1785 5394 eum
1801 5335 1895 5394 certo
1914 5344 1979 5391 nos
1993 5332 2027 5389 et
2041 5317 2151 5408 gratis

120 5419 318 5492 doloribus.
1081 5453 1083 5458 ’
1161 5420 1297 5519 recipit.

169 5525 347 5591 lllrosrrm
364 5528 470 5590 Orrn.
484 5523 567 5590 Vos.
582 5521 644 5589 xl.
