4732 6030
157 237 234 312 stt
826 221 993 299 nect..
1024 218 1098 294 DE
1131 218 1527 323 ARISTOTELE.
2119 234 2196 310 343

261 402 389 476 Docuit
411 397 561 473 Athenis
584 420 696 466 aranos
723 396 909 481 tredecim,
947 420 1011 466 nec
1033 397 1150 467 solum
1172 413 1176 506 Ι
1199 394 1305 463 fidem
1326 418 1367 464 ac
1391 393 1634 463 dexteritatem
1656 393 1693 463 in
1717 396 1898 482 docendo,
1924 397 2085 469 laborem
2107 407 2196 476 scri-

159 510 341 585 doctrinae
363 507 466 574 laude
492 503 615 570 urbem
636 499 865 571 celebriorem
887 498 1062 584 reddidit,
1087 497 1149 569 sed
1172 521 1175 531 ·
1200 495 1309 566 bendi
1330 508 1383 567 tot
1400 494 1537 586 egregia
1554 510 1803 583 monumenta,
1826 523 1969 569 morum
1985 505 2195 590 gravitatem

159 616 266 686 etiam
286 609 421 679 civibus
440 624 567 692 magna
584 601 751 671 beneficia
767 600 970 692 impetravit
983 597 1150 672 abAnti-
1201 611 1236 668 et
1257 592 1534 683 humanitatem,
1558 612 1738 690 postremo
1765 600 1870 670 etiam
1893 601 2044 675 iniurias
2065 632 2155 700 quas
2176 635 2195 681 a

161 731 274 811 patro,
297 707 359 802 qui
375 703 623 774 Macedoniam
639 703 873 792 gubernabat,
898 715 932 772 et
947 703 1051 774 unice
1064 701 1149 773 Ari·
1201 694 1437 794 Sycophantis
1456 702 1599 793 accepit.
1663 699 1780 789 Quem
1804 726 1880 772 non
1902 705 2052 778 delectet
2073 711 2195 783 videre

159 815 317 890 stotelem
333 819 592 900 praeceptorem
609 805 788 894 diligebat.
833 802 925 874 Cum
941 817 1057 875 autem
1073 829 1149 875 cer·
1171 836 1175 855 ·
1201 815 1236 871 et
1261 801 1483 872 considerare
1504 803 1543 872 in
1569 826 1642 871 nno
1666 803 1766 888 viro,
1790 818 1861 874 tam
1884 807 2015 879 multas
2034 805 2195 885 heroicas

158 916 292 989 tamine
313 904 589 981 Atheniensium
613 932 692 978 curn
716 903 907 998 Antipatro
930 920 1052 999 postea
1074 931 1150 975 cre-
1171 862 1175 987 l
1200 903 1372 974 virtutes?
1422 903 1512 975 Cum
1537 905 1632 973 enim
1656 904 1694 975 in
1718 900 1786 974 hoc
1802 929 1931 995 genere
1947 913 2121 1000 periectos
2137 941 2195 984 ar-

158 1028 313 1095 scerent,
339 1034 384 1080 ne
400 1012 472 1101 ipse
488 1009 632 1102 quidem
647 1021 745 1079 tutus
760 1007 829 1077 luit
842 1003 1006 1083 Athenis.
1058 1008 1149 1079 Nam
1172 992 1175 1055 l
1201 1006 1286 1077 tifex
1315 1006 1440 1090 fuerit,
1473 1007 1556 1075 satis
1580 1020 1725 1097 apparet
1748 1008 1923 1080 divinitus
1946 1035 2030 1082 eum
2053 1009 2194 1087 heroica

158 1143 238 1192 cum
262 1112 431 1185 homines
459 1110 575 1180 invidi
605 1123 788 1201 sperarent
815 1134 896 1178 eum
924 1112 1025 1179 facile
1049 1132 1150 1202 posse
1171 1076 1176 1179 l
1200 1120 1327 1179 natura
1345 1108 1543 1200 praeditum
1559 1108 1677 1177 fuisse.
2056 1128 2064 1139 '

159 1217 334 1316 opprimi,
372 1213 529 1285 invisum
559 1211 629 1280 iam
657 1225 801 1303 propter
823 1211 1006 1302 Antipatri
1028 1211 1151 1280 amici-
1302 1206 1483 1279 Hactenus
1503 1211 1548 1278 de
1568 1209 1638 1285 vita
1661 1210 1754 1295 dixi,
1785 1214 1899 1284 multo
1922 1215 2065 1284 brevius
2084 1241 2190 1307 quam

39 1396 41 1401 ,
161 1327 267 1401 tiam,
300 1315 666 1387 finxeruntadversus
689 1337 767 1382 eum
792 1313 983 1404 impietatis
1005 1312 1150 1397 crimen,
1201 1334 1258 1381 res
1287 1312 1468 1401 poscebat;
1504 1336 1601 1380 nctnc
1628 1313 1672 1381 de
1704 1313 1780 1382 eius
1801 1310 2036 1407 Philosophia
2067 1318 2190 1387 dicam.

47 1423 49 1440 ¹
161 1426 258 1521 quod
279 1419 476 1491 fabulosam
493 1414 651 1485 Deorum
672 1414 937 1484 multitudinem
957 1410 1151 1512 reprehen-
1202 1410 1290 1483 Erat
1310 1426 1429 1483 >autem
1451 1407 1537 1481 haec
1561 1436 1640 1503 pars
1663 1416 1835 1485 orationis
1850 1419 1963 1488 multo
1981 1418 2122 1509 longior
2136 1420 2192 1490 lu·

159 1528 284 1608 debat,
310 1535 345 1590 et
361 1543 468 1590 unam
485 1517 642 1610 aliquam
659 1529 837 1587 aeternam
853 1529 957 1610 atque
975 1517 1149 1588 infinitam
1202 1529 1302 1598 tura,
1329 1516 1397 1583 nisi
1421 1514 1580 1604 angustia
1606 1517 1777 1608 temporis
1798 1531 1943 1590 vetaret.
1995 1518 2192 1605 Conferen-

159 1640 337 1706 mentem,
361 1643 501 1691 cansam
525 1620 686 1688 omnium
710 1641 828 1688 rerum
851 1641 925 1688 esse
941 1620 1151 1702 affirmabat,
1202 1620 1267 1685 ‹lae
1288 1617 1382 1684 enim
1404 1628 1651 1698 erantsectae,
1678 1621 1848 1711 quaedam
1864 1621 1967 1690 etiam
1984 1623 2029 1690 de
2044 1620 2193 1692 Platone

160 1730 250 1800 illud
268 1725 372 1795 etiam
390 1720 617 1792 Homericum
635 1721 764 1789 citans:
1203 1718 1350 1786 dicenda
1385 1730 1505 1802 erant,
1553 1720 1612 1786 sed
1649 1712 1734 1788 haec
1767 1722 1919 1791 breviter
1946 1725 2192 1813 perstringam.

252 1821 309 1890 οὐκ
328 1818 452 1903 ἀγαθὸν
471 1817 711 1902 πολυκοιρανίη,
739 1815 781 1891 εἷς
799 1815 944 1900 κοίρανος
965 1813 1056 1884 tbro.
1174 1816 1177 1921 l
1204 1819 1318 1888 Tanta
1334 1833 1383 1887 est
1396 1818 1781 1911 eloquentiaPlatnniS,
1800 1835 1841 1892 ut
1852 1818 1946 1894 haud
1962 1825 2070 1893 dubie
2083 1825 2190 1913 louge

160 1928 373 2006 Formidans
387 1924 496 2013 igitur
510 1923 633 2016 iniqua
647 1920 790 2004 iudicia,
813 1923 985 1992 concessit
995 1917 1151 1992 inChal-
1174 1926 1178 2025 ξ
1202 1921 1391 1991 antecellat
1411 1923 1578 1991 omnihus
1598 1946 1750 2015 quorum
1772 1936 1891 1995 extant
1907 1925 2040 1997 literae.
2090 1925 2191 1995 Mul-

162 2034 298 2110 cidem,
322 2051 411 2121 quae
434 2037 508 2095 erat
530 2023 568 2092 in
592 2023 659 2092 fide
674 2017 868 2113 Antipatri.
918 2021 1042 2118 Neque
1065 2019 1151 2094 haec
1202 2004 1257 2093 tae
1279 2023 1384 2093 etiam
1407 2022 1682 2114 sapientissimae
1702 2026 1931 2115 cogitationes
1952 2049 2091 2118 sparsae
2110 2040 2193 2098 sunt

161 2131 356 2214 calumnia,
383 2151 498 2221 neque
519 2123 606 2197 haec
627 2125 728 2213 fuga,
752 2124 821 2192 viri
843 2119 1053 2216 Philosophi
1074 2127 1150 2215 glo·
1203 2125 1241 2194 in
1270 2125 1347 2196 eius
1369 2125 1631 2211 monumentis,
1669 2128 1729 2196 secl
1752 2127 1889 2198 nullam
1913 2141 2023 2199 artem
2048 2129 2194 2219 integre,

161 2239 252 2308 riam
285 2235 485 2303 obscurant.
559 2226 628 2299 Sed
663 2221 731 2295 hoc
760 2248 870 2314 genus
900 2221 1150 2318 periculorum,
1203 2251 1317 2320 neque
1337 2227 1463 2295 ordine
1481 2227 1638 2298 tradidit.
1689 2225 1827 2299 Deinde
1845 2231 1998 2301 maxima
2014 2254 2193 2323 parsope-

161 2339 257 2435 quod
280 2356 467 2405 commune
491 2344 543 2401 est
563 2327 732 2398 omnibus
753 2328 843 2395 bene
867 2331 1084 2399 merentibus
1106 2330 1150 2398 de
1202 2354 1281 2398 rum
1306 2326 1441 2398 ironica
1465 2341 1534 2415 est,
1559 2353 1649 2422 quae
1672 2330 1782 2418 ligura
1807 2333 1851 2401 ad
1873 2334 2111 2405 deridendum
2134 2356 2190 2402 ac·

160 2461 287 2532 genere
309 2431 487 2516 humano,
514 2430 632 2521 potius
656 2451 822 2518 maguum
846 2431 946 2499 addit
969 2432 1150 2501 cumulum
1202 2430 1460 2501 commodatior
1473 2442 1536 2515 cst,
1560 2454 1666 2524 quam
1680 2435 1723 2500 ad
1738 2434 1949 2506 docendum.
1987 2428 2191 2504 Athenaeus

160 2545 206 2615 a'd
228 2540 302 2609 eius
324 2536 458 2605 laudes.
512 2531 672 2601 Primum
689 2531 784 2599 enim
800 2530 873 2621 ipsa
893 2532 1050 2603 veritatis
1068 2557 1151 2624 pro·
1203 2531 1326 2602 scribit
1365 2535 1542 2625 quendam
1569 2531 1729 2605 Platonis
1766 2535 1965 2607 auditorem
1989 2530 2189 2605 Cheronem

158 2642 264 2716 fessio
289 2635 534 2709 honestissima
559 2646 629 2717 est;
664 2627 756 2700 hanc
781 2645 897 2702 autem
923 2634 960 2702 in
984 2635 1151 2727 periculis
1202 2646 1430 2704 consecutum
1453 2635 1679 2728 tyrannidem
1703 2636 1743 2706 in
1766 2638 1899 2729 patria,
1923 2636 2102 2708 imitatum
2119 2658 2191 2705 esse

161 2745 335 2824 retinere,
362 2763 426 2808 nec
445 2736 530 2808 ullis
552 2733 661 2802 minis
684 2746 745 2803 aut
769 2735 924 2806 cruciatu
943 2737 1018 2805 ullo
1034 2740 1151 2806 deter-
1203 2737 1373 2805 absurdas
1396 2735 1474 2804 illas
1495 2737 1818 2828 disputationes'de
1837 2737 2021 2809 communi
2042 2761 2109 2807 usu
2133 2761 2190 2805 re-

160 2847 231 2920 reri
246 2869 286 2914 ac
300 2840 462 2937 depellia
478 2849 572 2906 recta
588 2835 773 2917 sententia,
799 2832 885 2906 haec
899 2839 1051 2927 gravitas
1066 2862 1151 2908 con·
1202 2861 1282 2907 rum
1306 2850 1339 2907 et
1356 2837 1567 2924 mulierum;
1592 2840 1715 2931 tulisse
1729 2840 1824 2911 enim
1839 2840 1970 2931 legem,
1995 2852 2035 2910 nt
2053 2838 2191 2908 domini

160 2947 357 3038 stantiaque
372 2940 514 3036 proprie
527 2939 634 3027 digna
648 2952 698 3009 est
711 2932 1027 3029 viroPhilosopbo.
1060 2938 1148 3010 Glo-
1203 2952 1238 3009 et
1259 2940 1349 3008 servi
1372 2941 1606 3010 communiter
1621 2943 1788 3013 omnibus
1802 2941 1955 3014 fortunis
1970 2955 2003 3011 et
2020 2939 2192 3011 uxoribus

161 3054 296 3123 riosum
320 3059 370 3114 est
389 3044 496 3134 igitur
511 3038 714 3124 Aristoteli,
740 3042 922 3110 numerari
941 3043 1035 3112 inter
1051 3065 1149 3110 sum-
1202 3053 1397 3132 uterentur.
1459 3040 1510 3111 lta
1532 3043 1624 3112 male
1644 3043 1842 3115 intellectae
1863 3032 2022 3114 Platonis
2042 3043 2192 3125 ironiae,

160 3173 239 3222 mos
253 3149 366 3230 viros,
390 3145 453 3236 qui
469 3155 613 3234 propter
627 3137 794 3211 honestas
807 3143 996 3235 opiniones
1009 3157 1044 3215 et
1058 3158 1156 3227 recta
1202 3144 1363 3232 ineptum
1386 3138 1568 3213 hominem
1589 3167 1733 3235 prorsus
1757 3146 1986 3219 infamarunt
2054 3138 2191 3215 Aristo-

163 3249 312 3324 consilia
342 3238 619 3339 aSycophantis
647 3243 761 3312 vexati
791 3259 853 3314 aut
877 3246 1036 3336 oppressi
1057 3258 1150 3319 sunt.
1202 3246 1288 3313 teles
1320 3258 1442 3314 contra
1477 3245 1689 3318 discentium
1727 3248 1873 3318 utilitati
1909 3247 2113 3329 consulere,
2158 3260 2193 3314 ct

43 3375 52 3382 ·
151 3351 210 3426 Bt
229 3349 400 3445 quoniam
422 3343 590 3415 omnibus
612 3344 785 3411 aetatibus
809 3343 1054 3437 Sycophantae
1075 3348 1149 3416 bel·
1203 3341 1340 3414 scholas
1372 3346 1495 3416 iuvare
1525 3349 1651 3422 voluit.
1714 3347 1813 3418 Haec
1835 3348 2002 3418 voluntas
2025 3349 2129 3418 etiam
2155 3347 2192 3414 in

161 3458 236 3527 lum
265 3463 393 3543 gerunt
423 3470 503 3518 cum
533 3441 932 3530 veritacedonovdeor,
977 3448 1151 3535 erigamus
1203 3441 1422 3536 Philosopho
1455 3471 1615 3538 magnam
1645 3451 1786 3521 laudem
1817 3463 1985 3523 meretur.
2055 3447 2193 3536 lntegre

154 3556 300 3628 'animos
329 3549 498 3642 exemplis
527 3545 781 3638 praestantium
812 3547 955 3618 illorum
982 3549 1151 3633 virorum,
1202 3550 1404 3639 complexus
1418 3562 1469 3619 est
1483 3565 1574 3620 artes
1588 3549 1821 3638 Dialecticen,
1845 3547 2022 3647 Physicen
2037 3565 2072 3621 et
2087 3545 2192 3618 Ethi-

161 3684 227 3730 nec
243 3655 429 3749 iniquitate
446 3646 632 3719 hominum
648 3648 804 3716 sinamus
820 3673 885 3719 nos
898 3651 942 3718 ab
956 3651 1072 3721 officio
1087 3652 1149 3720 ab·
1203 3674 1287 3733 cen,
1313 3665 1348 3720 et
1371 3652 1458 3720 duas
1482 3675 1536 3720 res
1551 3649 1715 3736 adhibet,
1742 3679 1831 3748 quae
1847 3654 1970 3724 lumen
1985 3653 2135 3722 afferunt
2152 3651 2191 3718 in

162 3760 255 3831 duci.
308 3754 350 3826 ln
376 3775 512 3824 secessu
532 3751 595 3819 illo
619 3751 801 3843 aliquanto
827 3765 903 3844 post
923 3766 1149 3823 mortuusest
1203 3754 1382 3836 docendo,
1416 3749 1641 3840 methodum,
1673 3770 1707 3827 et
1735 3755 1984 3847 proprietatem
2005 3752 2192 3831 sermonis.

92 3934 95 3939 ,
161 3887 278 3947 anno,
303 3871 345 3930 ut
369 3859 507 3938 ferunt,
533 3852 788 3936 climacterico,
813 3854 1025 3942 sexagesimo
1046 3856 1150 3925 tertio
1204 3851 1300 3924 Utile
1321 3867 1373 3923 est
1394 3854 1501 3944 igitur
1518 3857 1755 3932 adolescentes
1772 3860 1814 3927 ad
1832 3854 2088 3928 Aristotelicam
2104 3878 2194 3922 con-

162 3966 285 4036 aetatis
298 3984 393 4032 suae.
420 3956 543 4028 Mores
557 3955 632 4024 eius
644 3953 709 4024 etsi
725 3953 762 4021 in
778 3955 938 4024 oratione
950 3956 1060 4047 ipsius
1070 3972 1150 4048 per-
1202 3956 1425 4025 suetudinem
1447 3959 1634 4032 assuefieri.
1699 3959 1882 4030 Platonica
1904 3959 1964 4027 illa
1986 3954 2126 4025 licentia
2150 3955 2190 4023 in

161 4071 298 4150 lucent,
330 4077 449 4134 tamur
472 4057 624 4127 iudicari
644 4069 790 4145 possunt
809 4080 849 4126 ex
872 4071 924 4128 tot
948 4055 1088 4149 Regum
1111 4083 1151 4129 ac
1202 4057 1419 4148 disputando
1448 4063 1541 4150 parit
1565 4065 1715 4131 incertas
1735 4075 1769 4132 et
1791 4060 1973 4150 ambiguas
1991 4057 2193 4148 opiniones,

160 4168 370 4257 Principum
385 4161 543 4228 virorum
556 4157 802 4226 benevolentia
818 4180 897 4247 erga
914 4183 1008 4245 enm,
1034 4185 1151 4254 qnam,
1202 4183 1278 4229 uon
1308 4184 1407 4231 secus
1428 4184 1467 4229 ac
1492 4163 1642 4252 pictores
1664 4163 1826 4233 ludentes
1847 4163 1998 4254 pingunt
2019 4153 2193 4229 chimeras

40 4270 44 4275 ’
161 4269 232 4341 nisi
250 4266 372 4337 fuisset
386 4261 426 4330 in
442 4283 483 4328 eo
498 4256 688 4347 singularis
703 4257 864 4344 gravitas,
889 4260 983 4328 tueri
998 4285 1073 4331 non
1086 4288 1151 4353 po·
1202 4275 1265 4332 aut
1293 4277 1491 4333 centauros.
1560 4261 1744 4351 Quantum
1776 4279 1892 4335 autem
1918 4263 2081 4334 etrebus
2107 4259 2192 4350 ipsis

161 4370 294 4442 tuisset.
346 4360 614 4433 Testamentum
632 4357 706 4425 eius
724 4358 1017 4459 etiamdeclarat,
1043 4387 1148 4455 quam
1202 4359 1412 4434 Aristoteles
1434 4363 1552 4433 vincat
1574 4364 1660 4432 alias
1683 4378 1808 4451 sectas,
1832 4389 1872 4434 ex
1896 4390 1937 4435 eo
1958 4361 2109 4452 intelligi
2130 4383 2192 4452 po-

161 4470 268 4542 luerit
285 4456 544 4564 φιλόστοργοςε
572 4457 840 4546 diligentissime
857 4461 952 4529 enim
970 4486 1151 4533 commen·
1203 4478 1279 4549 test,
1305 4462 1598 4558 quodDialectica
1614 4464 1712 4535 nulla
1727 4468 1793 4537 alia
1810 4468 1914 4555 digna
1929 4467 2003 4535 visa
2018 4477 2081 4550 est,
2104 4485 2192 4556 quac

161 4577 223 4644 dat
248 4591 395 4643 uxorem
421 4578 457 4635 et
480 4563 613 4633 liberos
639 4555 838 4652 Antipatro.
907 4560 1001 4633 Sunt
1023 4578 1058 4636 et
1081 4566 1150 4635 alia
1202 4568 1403 4658 perveniret
1432 4569 1476 4635 ad
1505 4578 1681 4656 posteros,
1718 4569 1788 4638 nisi
1817 4566 2061 4651 Aristotelica,
2095 4565 2192 4659 quod

159 4670 392 4747 humanitatis
421 4669 525 4759 plena
559 4665 596 4733 iu
628 4675 853 4749 testamento,
893 4688 983 4757 quae
1012 4690 1060 4735 ne
1084 4667 1149 4736 sim
1203 4662 1377 4759 Physicen
1401 4692 1441 4737 ex
1459 4670 1678 4757 geometricis
1700 4671 1813 4743 initiis
1833 4668 2106 4761 prudentissime
2125 4666 2194 4735 du·-

162 4777 335 4874 prolixior
357 4772 495 4843 omitto.
546 4767 651 4838 Nunc
672 4789 776 4858 quam
804 4767 849 4837 sit
875 4767 1010 4857 egregia
1035 4767 1150 4856 imago
1203 4769 1259 4838 cit.
1313 4767 1429 4853 Quam
1452 4786 1641 4840 vcnnstum
1664 4787 1735 4859 est,
1761 4774 1855 4866 quod
1873 4797 1967 4843 unns
1984 4771 2074 4840 vidit
2087 4782 2195 4840 natu-

159 4879 265 4952 nobis
283 4874 460 4970 proposita
480 4870 548 4939 viri
566 4864 797 4958 Philosophi,
823 4893 884 4938 seu
902 4864 1149 4940 hominisver-
1202 4894 1277 4940 ram
1293 4870 1453 4954 virtutis3
1481 4894 1554 4943 esse
1566 4874 1755 4945 affectuum
1772 4871 2077 4945 mediocritatem?
2110 4867 2195 4958 Quo

159 4983 270 5055 santis
295 4980 333 5049 iu
356 4975 502 5056 studiis,
528 4995 638 5064 eaque
660 4970 844 5040 referentis
866 4973 907 5038 acl
928 4996 1150 5042 communem
1203 4970 1351 5043 consilio
1380 4973 1584 5060 gravissime
1606 4975 1779 5067 significat
1801 4976 1940 5045 animos
1960 4971 2196 5045 assuefacien-

160 5085 372 5162 utilitatem,
397 5079 446 5148 ita
470 5074 664 5163 intelligere
690 5071 871 5165 poteritis,
897 5072 926 5140 si
949 5067 1072 5143 animo
1095 5089 1151 5146 to-
1202 5077 1267 5143 dos
1289 5096 1362 5143 esse
1384 5074 1422 5144 in
1438 5078 1539 5147 omni
1556 5079 1628 5148 vita
1644 5079 1687 5147 ad
1704 5077 1996 5150 mediocritatem.
2048 5073 2120 5145 Sed
2137 5095 2196 5142 re-

160 5203 231 5260 tain
255 5181 441 5255 historiam
464 5175 713 5260 intuebimini,
738 5188 771 5244 et
792 5174 1062 5245 considerabitis
1076 5177 1148 5245 vim
1201 5170 1436 5266 prehenditur
1457 5178 1495 5246 in
1520 5178 1711 5250 Aristotele
1733 5180 1950 5264 obscuritas,
1983 5199 2090 5270 quam
2112 5174 2196 5268 qui-

160 5305 265 5384 atqne
280 5287 431 5376 impetus
445 5278 598 5369 ingenii,
624 5277 772 5366 primam
790 5277 864 5348 eius
881 5276 1151 5364 institutionem,
1174 5255 1178 5359 l
1201 5279 1281 5346 dem
1298 5278 1372 5371 ipse
1387 5280 1564 5350 affectasse
1579 5281 1720 5365 dicitur,
1742 5283 1824 5377 quia
1839 5281 1969 5353 dixerit
1984 5280 2097 5349 libros
2112 5298 2198 5346 suos

160 5393 361 5466 studiorum
385 5384 533 5476 gradus,
560 5379 735 5454 infinitam
757 5378 918 5450 discendi
937 5379 1151 5466 aviditatem,
1174 5366 1178 5452 l
1202 5380 1313 5452 editos
1340 5405 1432 5468 esse,
1466 5397 1500 5453 et
1526 5407 1601 5453 non
1632 5383 1756 5456 editos.
1817 5383 1903 5455 Meo
1933 5380 2067 5455 iudicio
2089 5381 2197 5470 longe
