4732 6030
54 1332 57 1337 ’
176 1330 311 1402 tidiana
344 1329 441 1400 vita?
473 1342 646 1422 quantum
677 1327 919 1417 angustiarum
951 1325 1107 1420 primum
1128 1349 1167 1394 m

166 246 251 355 ,ost
345 230 348 235 ¹
654 236 815 317 DECL.
853 237 928 318 DE
958 237 1355 322 Dtututrtotts
1387 245 1710 328 tusrtrtau.
2133 258 2208 337 992

178 419 279 499 facit,
303 432 346 490 ut
361 417 391 487 si
404 430 501 488 totus
513 415 669 485 mundus
692 413 817 504 flagret
836 414 1022 497 incendio,
1048 428 1166 486 tamen
1219 419 1412 513 tranquillo
1421 420 1492 491 Dei
1505 421 1768 509 obliviscamur,
1783 424 1872 496 sicut
1884 439 1918 496 et
1935 425 1974 496 in
1984 423 2110 521 Moyse
2118 428 2210 499 dici·

178 534 295 613 speret
308 543 344 589 se
357 542 481 590 sanum
495 529 528 586 et
544 531 661 588 tutum
674 516 769 601 fore,
791 529 854 588 aut
866 518 897 587 si
909 518 1028 589 videat
1041 540 1168 587 navem
1218 532 1293 590 tur:
1319 520 1421 592 Sedit
1434 524 1587 615 populus
1603 525 1825 607 manducare,
1850 549 1890 596 ac
1904 527 2056 599 surrexit
2073 528 2211 604 ludere.

180 646 280 693 suam
303 621 417 713 perire
443 620 481 687 in
504 619 661 736 alto,·se
676 629 794 688 tamen
817 632 932 710 speret
951 616 1168 690 incolumem
1320 636 1440 727 Qum
1464 640 1521 710 ,ει
1550 640 1702 711 maxime
1732 644 1837 712 rehu,
1861 644 2007 736 quietis,
2039 670 2131 738 opu,
2159 664 2212 723 θη

181 744 400 794 emerturuffl
421 744 515 805 0⁸⁸²,
542 721 691 812 Peffllde
710 742 750 789 δῦ
771 743 851 790 cum
872 715 1168 811 temll⁰f⁰1⁴l⁰hae
1218 738 1378 811 oratione
1401 743 1446 811 ad
1467 738 1603 828 Deum,
1640 754 1681 814 ut
1706 766 1774 813 nos
1795 758 1892 834 regat
1913 757 1948 815 et
1970 748 2148 822 contineat
2170 753 2209 823 in

71 869 79 888 ·
179 823 392 942 totusorbis
414 823 633 941 obruebatur
654 819 812 940 diluvio,
844 819 957 940 aliqui
987 820 1169 913 potuerint
1217 840 1355 922 officio,
1385 866 1431 911 ηρ
1451 841 1659 913 ,biaciam
1684 842 1763 914 eiu,
1780 845 1962 937 timorem,
1989 862 2025 920 e,
2044 850 2208 941 ffigffdim

179 948 293 997 secura
320 947 414 1010 esse,
446 946 546 1018 quast
569 924 613 992 ad
639 945 675 992 se
696 922 788 993 rllud
811 924 1011 994 universale
1032 922 1166 992 malum
1216 965 1255 1013 ,c
1270 942 1384 1011 levius
1399 966 1560 1014 curemus
1578 943 1654 1016 eiu,
1671 946 1901 1017 voluntatem·

178 1022 271 1096 nihil
294 1027 467 1097 attineret.
519 1023 590 1096 Sed
615 1018 781 1115 privatim
801 1037 844 1094 ut
865 1023 1025 1096 omittam
1050 1023 1168 1093 dicere

177 1132 222 1198 dc
245 1152 311 1198 suo
334 1129 504 1219 cuiusque
529 1147 636 1196 sensu
657 1149 793 1216 poenae
815 1136 1000 1211 aeternae,
1024 1137 1168 1217 propter

176 1243 316 1321 peccata
330 1252 449 1299 coram
464 1226 552 1311 Deo,
573 1241 747 1319 quantum
765 1239 816 1297 est
831 1227 1007 1329 malorum
1022 1226 1062 1294 in
1077 1248 1168 1344 qup-

1317 1058 1466 1133 Nullum
1489 1061 1598 1150 igitur
1621 1076 1759 1154 tempus
1774 1064 1880 1139 debet
1894 1089 2017 1135 vacare
2038 1069 2107 1161 piis
2125 1096 2203 1163 pre·

1216 1160 1333 1248 cibus,
1358 1162 1488 1256 quihus
1505 1188 1526 1232 a
1543 1160 1619 1234 Deo
1636 1177 1814 1255 petamus,
1835 1180 1876 1236 ut
1890 1169 1946 1236 vel
1968 1171 2075 1241 rebus
2096 1174 2206 1243 tristi,-

1216 1264 1284 1335 bus
1301 1279 1415 1335 servet
1431 1285 1499 1334 uos
1516 1278 1552 1334 et
1564 1260 1777 1347 Ecclesiam,
1803 1268 1859 1335 vel
1880 1269 2118 1343 mediocribus
2142 1298 2209 1346 uos

1216 1365 1408 1446 custodiat,
1439 1388 1485 1434 ne
1506 1366 1583 1435 eius
1604 1367 1762 1437 bonitate
1782 1368 1989 1457 abutamur,
2018 1398 2111 1466 quae
2133 1400 2210 1448 non

1216 1479 1268 1537 est
1283 1488 1361 1537 rara
1376 1467 1483 1559 pestis
1497 1467 1659 1537 omnium
1675 1462 1873 1547 hominum.

1317 1581 1388 1656 Sed
1409 1606 1457 1652 ne
1475 1581 1616 1674 longior
1640 1579 1722 1669 εἰιῐι,
1755 1584 1862 1654 linem
1882 1589 2029 1678 faciam,
2061 1607 2096 1664 et
2118 1598 2211 1667 ado-

1215 1685 1384 1755 lescentes
1400 1677 1537 1770 hortor,
1560 1698 1601 1756 ut
1613 1708 1650 1755 se
1666 1684 1854 1775 diligenter
1868 1713 1888 1759 a
1902 1692 2028 1781 primis
2042 1697 2150 1768 annis
2163 1703 2210 1769 ad

287 1851 314 1871 ,‚
397 1851 407 1869 ,
1215 1781 1311 1857 hunc
1334 1786 1470 1856 cultum
1488 1787 1702 1878 precationis
1719 1788 1799 1861 Deo
1816 1792 1961 1862 cottidie
1984 1795 2208 1871 offerendum

276 1854 335 1922 ⁵¹⁰
349 1875 446 1922 ‘⁰¹⁸¹
463 1847 563 1919 ΒΜ
581 1871 691 1939 3⁰¹¹¹¹³
706 1844 903 1919 humanum
918 1847 1073 1939 affluat
1089 1861 1166 1919 ‘⁰¹'
1215 1886 1458 1963 assuefaciant.
1491 1882 1636 1959 Addant
1653 1910 1737 1957 vero
1753 1903 1835 1959 aute
1850 1893 1971 1962 omnia
1987 1910 2022 1967 et
2036 1904 2209 1973 emenda-

174 1954 261 2025 tidie
284 1954 426 2039 volens,
457 1965 497 2022 ut
520 1974 585 2020 uos
608 1952 797 2022 admoneat
820 1948 933 2021 nostri
950 1948 1077 2035 oflicii,
1101 1949 1166 2019 ad·
1216 1988 1350 2060 [ionem
1371 1987 1463 2058 vitae
1483 2012 1523 2057 ac
1546 2011 1706 2074 morum,
1733 1990 1889 2084 demque
1911 2019 2076 2086 operam,
2108 2016 2148 2072 m
2170 2027 2208 2073 ,e

172 2068 315 2126 moneat
341 2056 385 2123 de
408 2054 578 2145 Ρθῑθθῐῑὸ»
615 2054 659 2121 de
681 2051 920 2144 P⁰²¹¹i¹⁸¹¹¹i³²
946 2051 1101 2145 denique
1123 2063 1166 2122 ¹¹²
1215 2091 1392 2161 instruant
1414 2089 1617 2178 cognitione
1638 2089 1821 2181 doctrinae
1842 2096 2020 2184 coelestis,
2054 2107 2209 2197 quaein

172 2180 238 2224 ¹¹0⁸
255 2156 423 2228 θῑῦδΰῐῑθῑ
438 2154 482 2224 ad
501 2155 785 2240 5⁰V⁰⁶³²3⁰¹¹⁹¹⁰2
812 2153 876 2245 qui
898 2152 1032 2272 ³¹i⁰q¹¹f
1053 2153 1164 2222 auum
1213 2186 1371 2262 Ecclesia
1384 2191 1556 2276 traditur,
1579 2203 1621 2261 ut
1635 2189 1767 2276 sciant,
1793 2192 1898 2265 fidem
1910 2183 2039 2271 debere
2052 2202 2093 2272 in
2105 2208 2208 2277 omui

172 2270 408 2340 sterteremus,
423 2267 457 2324 et
470 2253 583 2325 securi
595 2256 753 2324 fortassis
761 2255 959 2325 viveremus
970 2277 1166 2347 epicurum.
1214 2289 1438 2363 invocatione
1451 2292 1665 2383 praelucet&
1697 2289 1781 2362 Non
1795 2294 1890 2365 enim
1904 2300 2018 2391 placet
2031 2299 2109 2376 Deo
2124 2331 2209 2378 om„

275 2389 357 2462 Non
377 2392 492 2463 solum
509 2402 627 2461 autem
642 2405 783 2462 externa
800 2390 955 2483 pericula
975 2404 1077 2477 sunt,
1103 2391 1163 2460 sed
1214 2394 1264 2464 tio
1278 2388 1436 2464 hominis
1456 2390 1618 2485 profani,
1642 2392 1775 2486 securi,
1801 2398 2010 2491 negligentis
2026 2419 2060 2476 et
2077 2430 2205 2499 parum

173 2494 279 2565 etiam
299 2517 405 2585 saepe
429 2506 616 2564 struuntur
637 2494 704 2585 piis
721 2494 870 2564 insidiae
884 2517 1068 2565 arcanaea
1086 2493 1165 2562 dia·
1213 2494 1347 2587 sobrii,
1378 2494 1534 2588 dcnique
1556 2487 1779 2590 hypocritae,
1812 2500 1873 2592 qui
1896 2516 1946 2574 est
1967 2505 2042 2576 sine
2062 2507 2131 2576 fide
2159 2511 2201 2579 in

173 2597 269 2678 holo,
294 2594 425 2687 quibus
442 2607 614 2663 eteorum
629 2593 975 2666 consilia'ctrnentes
991 2593 1165 2686 praecipi·
1213 2596 1326 2666 lilium
1342 2591 1422 2666 Dei.
1473 2594 1544 2667 Sed
1560 2610 1601 2666 ut
1615 2595 1788 2668 Salomon
1808 2599 1937 2693 inquit:
1965 2602 2201 2682 Abominatio

173 2710 247 2766 tare
280 2710 428 2765 conatur
456 2696 495 2763 in
522 2710 678 2786 peccata,
712 2711 748 2768 et
776 2695 1034 2766 inextricabilia
1059 2696 1164 2777 mala,
1214 2709 1270 2770 est·
1281 2697 1362 2769 talis
1373 2695 1487 2768 oratio
1510 2720 1627 2767 coram
1640 2693 1729 2773 Deo.

173 2821 263 2892 quae
278 2819 462 2891 nunquam
478 2796 562 2867 satis
579 2797 733 2887 prospici
748 2809 915 2889 possunt,
942 2797 1011 2866 nisi
1029 2796 1164 2868 divini·
1314 2812 1396 2888 sim
1425 2814 1535 2906 igitur
1562 2815 1601 2883 in
1629 2830 1817 2909 conspeetu
1847 2812 1982 2913 temper
2005 2847 2087 2896 cum
2111 2830 2204 2903 2113,

171 2910 229 2968 tus
251 2913 347 2989 petas
363 2911 397 2968 te
417 2896 607 2988 gubernari
626 2921 647 2967 a
667 2897 805 2991 Spiritu
826 2910 966 2982 sancto,
991 2911 1032 2969 ut
1046 2911 1163 2968 custo-
1212 2939 1352 3006 eme,
1383 2939 1474 3011 quae
1494 2939 1561 2987 nos
1580 2916 1626 2986 ad
1645 2920 1862 3010 precandum
1882 2924 2091 3012 emim,
2121 2944 2201 3002 tum

172 3001 246 3117 dist}
266 3015 319 3084 te,
345 3024 389 3069 ¹¹0
411 3001 551 3119 ῑῐξΡῐὸΠὶ
572 3000 724 3119 Ῑὲξῦδΐῑῇ,
757 3000 950 3093 impingas
976 2999 1163 3118 detfpfafff
1211 3044 1297 3090 vero
1310 3017 1499 3111 praecipue
1518 3018 1727 3090 mandatum
1740 3016 1828 3103 Dei,
1861 3035 1896 3093 et
1916 3025 1969 3097 vis
1994 3039 2029 3097 et
2051 3028 2203 3105 efficacia

171 3102 367 3179 ³d¹³l³⁰¹⁰2
392 3115 498 3171 ‘mm
512 3123 626 3192 ‘9³⁶¹‘
640 3103 759 3196 ³¹¹q⁰³
776 3102 1015 3198 ¹1⁰⁸¹i⁶⁰⁰ql¹⁸
1029 3114 1127 3173 “ffl-
1212 3120 1445 3214 precationis,
1477 3111 1511 3190 εἰ
1537 3134 1679 3190 nostrae
1717 3122 1940 3197 necessitates
1977 3128 2140 3220 publicae
2169 3148 2205 3206 et

142 3249 146 3257 ·
272 3228 413 3304 Omitto
429 3236 799 3307 commemorationem
816 3236 1087 3307 cottidianarum
1104 3260 1163 3307 ae·
1212 3222 1368 3316 Primae
1383 3221 1509 3316 ‘1¹¹⁰Vi3
1524 3233 1697 3313 ¹⁶mP010·

170 3357 401 3419 rumnarum,
426 3356 516 3426 quae
531 3332 677 3404 cuilibet
691 3338 869 3419 accidunt,
894 3339 933 3404 in
948 3338 1163 3422 valetudine,
1312 3340 1423 3428 Deus,
1439 3352 1538 3429 pater
1553 3336 1702 3409 Domini
1716 3338 1828 3410 nostri
1843 3337 1924 3413 Iesu
1934 3339 2082 3435 Christi,
2107 3366 2205 3443 regat

171 3440 210 3508 in
222 3462 260 3507 re
276 3435 464 3518 familiari,
490 3433 528 3504 in
548 3435 715 3525 periculis
734 3437 808 3506 suis
829 3448 864 3506 et
878 3436 1049 3522 aliorum,
1074 3462 1163 3531 quos
1213 3452 1350 3512 nostras
1366 3452 1520 3524 mentes,
1544 3455 1584 3512 ut
1605 3463 1685 3511 eum
1700 3463 1785 3510 vero
1796 3455 1938 3533 pectore
1954 3447 2143 3538 invocent,
2168 3468 2204 3525 et

169 3542 318 3634 quisque
331 3532 456 3608 charos
472 3530 591 3621 babet.
675 3556 677 3560 ⁴
1211 3554 1253 3612 ut
1272 3541 1346 3612 vita
1368 3552 1489 3611 nostra
1509 3541 1627 3615 omnis
1649 3541 1683 3612 ei
1702 3541 1857 3638 placeat,
1887 3547 2108 3646 gloriamque
2127 3553 2203 3624 eius

266 3673 428 3766 Denique
442 3683 482 3740 ut
494 3664 589 3739 nihil
602 3671 741 3741 adversi
755 3696 820 3742 nos
833 3671 1025 3762 adfligeret,
1040 3672 1163 3742 omnia
1213 3642 1382 3728 fflmet’
1413 3636 1541 3714 Amen·

171 3792 287 3849 essent
301 3774 455 3845 secunda
470 3785 504 3842 et
519 3772 711 3866 tranquilla
728 3774 827 3844 domi
843 3786 877 3843 et
891 3774 990 3848 foris.
1022 3771 1160 3844 Tamen

112 3955 115 3963 ¹
171 3880 229 3950 vel
243 3877 429 3971 praecipue
446 3873 485 3942 in
504 3874 610 3945 rebus
628 3876 792 3945 secundis
804 3877 992 3969 oportebat
1008 3898 1074 3945 nos
1088 3898 1162 3944 esse

170 3982 328 4054 intentos
350 3978 389 4046 in
405 3974 588 4064 diabolum
597 3984 611 4055 ,'
634 3976 697 4068 qui
717 3989 791 4046 tum
809 3977 1078 4048 insidiosissime
1094 3999 1161 4055 nos
1211 4011 1266 4084 No
1305 4012 1377 4084 125
1547 4054 1552 4065 Ι
2078 4029 2167 4096 1551

170 4094 303 4174 captat,
343 4060 423 4149 cu‘m
453 4092 539 4148 sunt
567 4077 728 4147 induciae
758 4080 803 4148 ab
829 4081 974 4148 adversa
1004 4079 1160 4151 fortuna.
1216 4064 1389 4139 »ὦν-ν’
1992 4049 2205 4163 ἐκ

176 1455 240 1504 suo
260 1433 431 1525 cuiusque
453 1443 613 1521 pectore,
639 1429 743 1500 etiam
765 1440 910 1520 propter
923 1429 1164 1499 difficultatem

175 1557 293 1602 renim
319 1530 579 1624 praesentium?
611 1530 739 1601 Postea
759 1552 849 1621 quae
869 1529 1085 1623 perpetuitas
1109 1528 1166 1598 vel

175 1635 294 1726 potius
313 1633 515 1727 perennitas
537 1631 798 1719 calamitatum,
824 1652 904 1702 eum
920 1654 1058 1723 semper
1072 1654 1165 1701 nova

173 1750 326 1806 veterem
344 1735 565 1827 insequatur.

170 4181 379 4254 Tumenim
397 4174 823 4250 maximehornincssuut
843 4181 977 4261 securi,
1002 4177 1160 4250 induunt
1400 4219 1451 4305 D
1501 4219 1558 4306 de
1635 4224 1683 4244 ..
1801 4228 1810 4246 ,
1891 4224 1939 4246 ‚,

169 4296 411 4373 contemptum
430 4278 517 4366 Dei,
544 4281 681 4351 dedunt
702 4303 738 4351 se
752 4281 1012 4372 voluptatibus,
1036 4294 1077 4352 ut
1097 4282 1159 4352 tali
1453 4245 1478 4306 θ
1554 4217 1767 4334 fimum
1790 4233 2007 4311 mmm&

152 4401 325 4478 ,tempore
349 4382 428 4473 plus
452 4380 601 4472 periculi
623 4382 684 4462 sit,
720 4407 765 4455 ne
786 4383 926 4452 facilius
947 4383 1159 4476 praecipite·
1278 4394 1310 4450 ln
1328 4394 1421 4453 retecc
1438 4395 1591 4455 Declamas.
1616 4398 1650 4453 T.
1671 4398 1718 4456 tlt.
1739 4419 1768 4471 p.
1787 4402 1929 4475 θείης..
1959 4400 2075 4461 servet.
2099 4404 2133 4466 T.
2154 4407 2206 4464 tlt.

88 4488 96 4503 .
166 4512 248 4558 mur
263 4488 303 4556 in
320 4482 479 4556 exitium.
1308 4464 1411 4536 poss.
1429 4475 1456 4520 a
1476 4466 1603 4527 urenae.
1622 4468 1655 4528 r.
1670 4466 1719 4522 ur.
1745 4488 1772 4540 p.
1787 4471 1848 4525 rso.

265 4602 381 4723 Vetus
391 4623 514 4673 versus
527 4595 640 4719 nunti
654 4601 811 4720 declarat
824 4601 1078 4694 ttdllfflfiffls
1103 4626 1158 4672 Μ
1209 4625 1339 4695 orosto
1355 4622 1627 4725 dedefim‘ts'one
1641 4630 1836 4718 inuictae,
1860 4654 1955 4723 quoe
1971 4640 2081 4705 extas
2098 4637 2208 4729 opud

164 4708 273 4779 laetas
290 4729 442 4777 maume
458 4726 530 4775 esse
546 4704 736 4774 lerssbtlsss·
1208 4726 1437 4799 Clementem
1468 4726 1792 4820 Alexandrinum,
1837 4742 2006 4810 recitato
2040 4758 2065 4808 o
2096 4741 2205 4837 Mop.

263 4838 317 4911 Ac
337 4840 523 4912 Romanus
546 4833 674 4923 homo,
708 4851 894 4909 tuncrum
921 4861 977 4908 res
990 4851 1045 4909 cst
1066 4838 1157 4908 bene
1323 4831 1450 4902 Lucu
1473 4836 1670 4922 Hester,
1695 4833 1865 4918 Derane,
1890 4859 1951 4908 un.
1970 4836 2082 4913 1551·

159 4957 276 5035 gesta,
303 4945 406 5012 effide
420 4966 485 5013 ⁸⁰⁰
500 4941 668 5032 trepidat·
1206 4962 1320 5045 Initio
1339 4976 1467 5066 gratim
1482 4999 1547 5067 ago
1562 4975 1638 5049 Deo
1662 4993 1824 5068 aeterno,
1855 4982 1949 5076 patri
1966 4981 2118 5057 Domini
2136 5015 2210 5063 uo-

263 5076 316 5150 lta
332 5077 409 5170 pios
429 5078 485 5146 vel
510 5075 661 5147 maxime
680 5074 914 5147 conveniebat
932 5097 1004 5144 esse
1022 5075 1156 5145 sollici·
1179 5146 1183 5177 ἱ
1208 5076 1272 5147 stri
1299 5074 1375 5147 lesu
1403 5072 1558 5164 Christi,
1596 5080 1777 5153 conditori
1807 5086 1896 5154 coeli
1929 5096 1963 5156 et
1996 5099 2138 5178 terrae,
2176 5109 2211 5166 et

157 5198 230 5269 tos,
255 5195 291 5252 et
314 5177 416 5273 quasi
440 5177 479 5245 iu
500 5179 668 5271 statione,
693 5194 815 5248 contra
839 5176 986 5246 insidias
1008 5178 1155 5263 diaboli,
1207 5179 1369 5248 omnium
1392 5194 1651 5269 creaturarum,
1675 5208 1748 5254 una
1764 5208 1845 5256 cum
1865 5186 1939 5257 filio
1961 5208 2026 5259 suo
2042 5189 2207 5267 Domino

158 5298 243 5356 tunc
268 5306 349 5353 cum
377 5281 471 5350 forte
497 5274 593 5348 Deus
623 5280 792 5348 laxiorem
815 5279 971 5374 quietem
996 5280 1154 5350 donavit.
1178 5343 1183 5399 Ι
1206 5293 1330 5350 nostro
1348 5279 1427 5352 lesu
1445 5278 1608 5369 Christo,
1634 5298 1668 5356 et
1688 5285 1827 5378 Spiritu
1849 5310 1912 5358 suo
1933 5305 2080 5380 saneto,
2107 5302 2210 5391 quod

162 5385 215 5458 Ac
230 5409 331 5479 saepe
346 5395 494 5455 monent
508 5402 626 5452 sacrae
639 5380 774 5469 literae,
788 5404 834 5452 nc
848 5381 980 5455 incauti
997 5395 1156 5474 tempore
1177 5414 1186 5467 r
1206 5379 1401 5457 Ecclesiam
1413 5383 1484 5456 sibi
1500 5384 1593 5459 iuter
1604 5409 1671 5458 nos
1686 5387 1831 5481 colligit,
1847 5403 1883 5463 et
1897 5391 2054 5485 optimae
2066 5399 2214 5474 doctri.
