4732 6030
263 287 339 367 adl
612 277 771 360 DECL.
820 273 899 352 DE
930 274 1267 356 UTlLle'l’E
1301 271 1582 355 stublon.
1615 273 1955 372 uLOQtJuttu.
2227 298 2306 406 aeg

261 484 344 535 rum
360 481 401 531 ac
415 455 591 550 gentium,
613 464 648 523 et
665 451 723 521 vel
737 450 931 521 incendens
949 449 1173 541 languentes,
1198 451 1256 522 vel
1307 447 1428 535 iussit,
1454 448 1555 520 cuius
1576 473 1701 522 omnes
1722 453 1954 544 cogitationes
1979 458 2050 530 iam
2077 462 2116 533 in
2142 475 2307 559 parando

261 583 432 638 revocans
460 581 500 629 sc
527 555 655 625 sedans
686 553 869 642 incitatas,
911 552 1054 650 qualem
1087 552 1257 627 describit
1307 552 1403 622 bello
1417 553 1585 624 adversus
1601 551 1737 624 Turcas
1753 576 2059 635 consumerentur.
2109 566 2215 643 Hanc
2231 574 2309 651 eius

263 663 442 756 Vergssius
455 657 694 752 eloquentiam
710 681 790 728 cum
807 655 873 728 ait:
1306 655 1505 724 orationem
1520 658 1714 747 prudentes
1728 681 1871 747 omnes,
1893 677 2040 755 propter
2060 672 2251 747 consilium
2271 693 2309 754 et

339 769 390 834 Ao
406 771 503 830 veluti
521 787 631 849 magno
647 770 680 828 in
696 769 814 850 populo
830 786 902 829 curn
914 787 1003 848 saepe
1018 777 1121 828 morta
1135 777 1180 828 est
1306 756 1564 827 sententiarum
1578 759 1795 848 gravitatem,
1816 765 1948 836 eruditi
1963 768 2071 840 etiam
2084 791 2233 869 propter
2244 804 2309 872 ge.

339 869 480 951 Seduo,
505 873 660 956 nevitque
673 873 783 933 mimis
799 871 935 953 ignobile
948 872 1070 951 vulgus,
1306 882 1376 929 nus
1398 859 1610 946 verborum,
1650 884 1777 951 magna
1806 888 1889 935 cum
1917 870 2156 948 admiratione
2182 885 2309 954 andie-

337 971 465 1059 lamque
480 972 560 1037 faces
573 985 603 1036 et
619 977 824 1052 emrolaut,
850 972 937 1037 furor
952 994 1035 1034 uma
1049 975 1214 1034 minuerat:
1307 963 1411 1032 bant:
1447 974 1587 1031 tantum
1612 963 1728 1033 laudis
1741 961 1902 1060 Principi
1926 973 2087 1063 pariebat
2100 978 2230 1054 Latine
2248 986 2309 1056 di.

338 1077 423 1142 Tum
436 1080 547 1160 pietate
560 1099 681 1161 gravem
695 1098 731 1140 ao
744 1079 858 1139 meritis
872 1077 1103 1139 siforterirum
1117 1095 1207 1158 quem
1307 1063 1412 1133 cendi
1433 1062 1594 1138 facultas.
1647 1063 1769 1154 Quare
1798 1081 1835 1140 ct
1857 1071 2016 1168 reliquae
2041 1082 2242 1171 nobilitati,
2269 1103 2307 1161 et

341 1180 552 1264 conspexere,
578 1183 686 1260 edent,
712 1183 893 1264 errantisque
910 1181 1031 1241 ruribus
1047 1191 1153 1256 esunt,
1307 1164 1452 1236 caeteris
1466 1164 1530 1259 qui
1544 1167 1588 1235 ad
1606 1164 1785 1261 Rcmpub.
1799 1176 1973 1246 accessuri
1986 1195 2088 1268 sunt,
2114 1188 2212 1257 omni
2224 1202 2304 1261 stu·

339 1281 397 1348 Ille
411 1287 489 1366 regit
503 1285 591 1346 dotis
605 1287 740 1363 mimos,
766 1295 797 1346 at
810 1295 930 1365 pectora
942 1286 1063 1343 mulcet.
1307 1267 1369 1338 dio
1403 1268 1607 1362 eloquentia
1644 1275 1839 1363 expetenda
1876 1291 1947 1361 est,
1995 1288 2201 1375 praesertim
2235 1286 2304 1364 hae

220 1393 225 1401 '
264 1383 379 1454 Porro
398 1375 523 1451 dehac
539 1379 725 1450 excellenti
741 1378 796 1465 vi,
821 1392 855 1449 et
872 1380 1024 1471 perfecta
1042 1373 1258 1469 eloquentia,
1309 1383 1432 1444 aetate.
1487 1368 1624 1442 Videtis
1646 1373 1742 1442 enim
1764 1391 1918 1469 quantae
1938 1406 1995 1454 res
2011 1385 2051 1456 in
2074 1383 2140 1459 bac
2158 1392 2303 1465 natione

265 1508 341 1555 non
357 1506 436 1554 sum
452 1481 629 1564 dicturus,
654 1484 715 1553 sed
732 1483 777 1552 de
792 1474 849 1550 his
868 1480 1001 1553 nostris
1015 1478 1162 1563 studiis,
1189 1470 1257 1547 hoc
1308 1486 1426 1544 motae
1442 1472 1531 1559 sint,
1556 1486 1729 1566 quantum
1752 1477 1799 1549 sit
1821 1484 1961 1573 negocii
1976 1491 2109 1561 nostris
2124 1490 2306 1589 Principi·

266 1600 336 1673 est,
368 1587 413 1655 de
436 1583 622 1671 diligentia
647 1598 740 1655 recte
764 1583 928 1676 dicendi,
953 1606 1016 1653 seu
1039 1602 1258 1673 componen·
1309 1576 1395 1662 bus,
1436 1599 1517 1645 cum
1539 1576 1708 1648 omnibus
1726 1576 1888 1670 Regibus
1909 1581 2105 1662 Christiani
2133 1599 2304 1680 nominis,

265 1692 332 1761 dae
345 1685 496 1758 Latinae
510 1686 702 1773 orationis,
727 1710 818 1779 qnae
833 1698 953 1757 tamen
974 1707 1055 1774 pars
1072 1683 1191 1776 aliqua
1207 1693 1260 1751 est
1310 1677 1376 1748 ubi
1392 1677 1561 1770 pleraque
1577 1680 1701 1750 omnia
1715 1678 1842 1754 Latine
1858 1689 1993 1776 agenda
2011 1708 2107 1769 sunt.
2159 1696 2240 1787 Qua
2264 1702 2304 1771 in

265 1787 509 1885 eloquentiae,
546 1801 580 1858 et
604 1787 702 1858 velut
721 1781 915 1860 inchoatio.
965 1783 1062 1856 Haec
1084 1795 1257 1878 quantum
1309 1804 1348 1849 re
1366 1793 1402 1849 et
1426 1779 1518 1848 illud
1535 1781 1834 1856 considerandum
1851 1800 1923 1874 est,
1946 1813 2128 1888 nunquam
2144 1813 2302 1871 caeteros

265 1894 312 1966 sit
326 1901 595 1976 ornamentum,
620 1915 726 1984 mam
748 1890 962 1981 multiplices
984 1887 1155 1959 utilitates
1171 1884 1258 1955 affe·
1311 1879 1427 1971 Reges
1450 1883 1539 1951 adeo
1564 1884 1740 1955 studiosos
1757 1888 1865 1960 inisse
1884 1890 2122 1987 eloquentiae,
2146 1914 2187 1971 ut
2202 1926 2301 1976 nunc

266 2009 343 2081 rat,
385 2014 568 2084 exponam.
633 1990 797 2063 Primum
832 1992 928 2061 enirn
963 1988 1260 2074 commemorabo,
1309 1996 1403 2054 sunt.
1452 1978 1597 2053 Etenim
1614 1992 1811 2086 nongmodo
1828 1992 1908 2063 itali
1925 1992 2091 2087 etGalli,
2116 2005 2301 2075 sedetiam

266 2096 353 2194 quid
377 2096 552 2165 conducat
571 2095 730 2166 studium
753 2107 847 2165 recte
868 2093 1013 2164 dicendi
1036 2092 1082 2161 ad
1105 2105 1259 2162 caeteras
1310 2083 1438 2155 Poloni
1454 2098 1490 2155 et
1504 2083 1705 2177 Pannona,
1728 2092 1870 2184 explosa
1886 2094 1998 2169 veteri
2010 2100 2186 2191 barbarie,
2206 2129 2302 2178 nnnc

266 2213 359 2272 artes
381 2197 439 2267 vel
470 2196 740 2288 intelligendas,
773 2197 830 2267 vel
855 2196 1066 2268 tractandas.
1125 2192 1257 2282 Magna
1309 2211 1391 2258 cum
1419 2187 1582 2259 scribunt
1599 2184 1656 2261 ‘ad
1687 2205 1841 2278 exteros,
1872 2197 2031 2290 elegans,
2063 2205 2238 2293 nitidum,
2262 2234 2302 2279 ac

268 2315 319 2374 est
341 2299 494 2391 dignitas
516 2299 684 2372 scientiae
710 2299 818 2381 iuris,
851 2319 999 2388 magnus
1022 2319 1117 2370 usus.
1166 2291 1258 2366 Cum
1311 2313 1393 2360 vere
1409 2287 1578 2360 Latinum
1593 2293 1766 2366 orationis
1785 2299 2095 2388 gennsadbibent.
2145 2307 2218 2380 Nec
2234 2311 2302 2381 alia

266 2418 383 2475 autem
398 2403 491 2492 leges
505 2401 581 2472 sint
595 2401 832 2472 emditissime
846 2399 1018 2493 scriptae,
1042 2413 1076 2469 et
1092 2397 1204 2468 multa
1220 2396 1259 2464 in
1310 2414 1368 2461 ars
1388 2394 1483 2482 apud
1506 2393 1691 2489 plerasque
1707 2398 1872 2471 nationes
1886 2404 1967 2495 plns
1989 2401 2096 2480 habet
2110 2411 2303 2501 dignitatis,

266 2505 318 2576 eis
342 2515 570 2594 compareant
592 2502 742 2593 vestigia
764 2502 891 2573 veteris
912 2500 1071 2594 Reipub.
1094 2524 1170 2569 non
1190 2499 1259 2568 du·
1310 2517 1417 2587 quam
1431 2492 1559 2566 Latine
1575 2498 1718 2568 dicendi
1729 2501 1890 2579 facultas.
1939 2503 2013 2577 lam
2029 2512 2177 2602 cogitate
2193 2538 2301 2609 quam

265 2606 368 2678 bium
382 2617 445 2685 est,
470 2604 560 2697 quin
575 2604 730 2676 multum
744 2604 836 2676 lucis
851 2605 902 2674 eis
914 2605 1066 2685 accedat,
1090 2615 1185 2674 recte
1201 2599 1260 2669 in·
1310 2595 1421 2666 mutu
1436 2595 1663 2669 incommoda
1678 2601 1752 2674 sint
1763 2609 1986 2698 expectanda,
2006 2611 2037 2681 si
2053 2615 2242 2688 mittantur
2257 2618 2303 2687 ad

267 2708 408 2780 tellecto
425 2729 552 2798 genere
566 2707 753 2793 sermonis,
778 2720 813 2777 et
825 2704 976 2796 cognitis
991 2701 1164 2777 historiis.
1197 2699 1259 2774 lu-
1311 2710 1447 2768 exteros
1480 2699 1587 2788 legati
1620 2701 1784 2776 infantes.
1830 2705 1991 2780 Primum
2018 2713 2156 2786 ridetur
2186 2719 2302 2809 gentis

265 2811 402 2884 dicium
418 2820 535 2880 autem
551 2810 596 2881 de
618 2832 746 2900 genere
764 2809 937 2880 sermonis
963 2808 1148 2879 confirmat
1173 2800 1260 2876 baec
1311 2799 1468 2890 ignavia,
1501 2798 1703 2876 detrahitur
1721 2809 1890 2880 amorim
1911 2814 2059 2898 uomit,
2091 2841 2166 2888 non
2186 2821 2303 2888 inter-

266 2912 468 2984 exercitatio
482 2910 638 2986 dicendi.
689 2909 760 2982 Sed
783 2935 858 2981 non
879 2924 1018 2982 tantum
1039 2909 1079 2979 in
1097 2910 1197 2992 soro,
1220 2907 1260 2976 in
1312 2914 1397 2972 sunt
1412 2903 1589 2990 consiliis,
1615 2908 1796 3001 accipiunt
1810 2911 1939 2985 dictata
1954 2915 2000 2985 ab
2014 2916 2113 3004 aliis,
2135 2943 2202 2991 nec
2218 2944 2302 2991 raro

267 3014 411 3087 iudiciis
435 3015 529 3085 iuter
558 3014 746 3085 illiteratos
773 3012 971 3084 versabitur
995 3012 1045 3098 is,
1080 3011 1142 3105 qni
1171 3009 1260 3080 iuris
1312 3003 1464 3097 turpiter
1477 3005 1671 3096 falluntur,
1696 3025 1731 3082 et
1746 3026 1916 3111 tanquam
1937 3018 2083 3111 naribus
2096 3014 2304 3109 trahuntur,

268 3115 453 3189 scientiam
468 3116 665 3207 profitetur,
678 3139 803 3187 verum
817 3110 1049 3185 adhibebitur
1062 3114 1107 3185 ad
1125 3113 1261 3183 maiora
1312 3120 1442 3177 utnon
1461 3106 1638 3181 intellecta
1661 3115 1825 3205 probent.
1876 3115 1968 3190 Cum
1982 3119 2091 3211 igitur
2105 3122 2152 3195 sit
2165 3126 2301 3218 perspi-

268 3217 428 3312 negocia,
453 3240 493 3286 ac
513 3242 595 3288 vere
608 3217 777 3304 oratoria,
802 3217 866 3288 ubi
880 3240 1028 3307 magnae
1043 3240 1084 3286 ac
1099 3215 1261 3285 difficiles
1312 3232 1377 3279 cua
1399 3209 1554 3298 utilitas,
1577 3236 1659 3283 cnm
1680 3216 1835 3290 inritent
1853 3219 2089 3294 maximorum
2105 3222 2245 3316 Regum
2268 3241 2306 3301 et

256 3343 394 3405 ,musae
411 3318 576 3390 Latinam
591 3320 792 3415 orationem
804 3319 1028 3409 flagitabunt.
1078 3315 1159 3388 Hoc
1181 3317 1260 3387 loco
1312 3309 1520 3403 Principum
1543 3330 1745 3388 exterorum
1765 3320 1943 3414 exempla,
1963 3326 2112 3397 carsoli
2131 3325 2305 3399 Gennani

268 3426 351 3523 quis
372 3445 447 3492 non
462 3423 576 3505 videt,
601 3435 773 3516 quantum
796 3420 903 3490 decus
920 3420 968 3490 sit
990 3414 1131 3489 bomini
1145 3421 1261 3504 docto,
1313 3407 1397 3483 huic
1418 3413 1536 3484 ⁸ludl⁰
1559 3415 1630 3487 iam
1643 3421 1801 3510 luxum,
1821 3437 2028 3516 apparatum
2045 3430 2304 3516 convivimus

268 3548 371 3621 posse
388 3525 530 3617 diserte,
556 3525 754 3619 perspicue,
779 3547 853 3593 non
866 3522 1022 3603 sordide,
1045 3543 1102 3591 res
1115 3543 1261 3610 magnas
1313 3527 1349 3585 et
1363 3516 1481 3585 nescio
1497 3540 1585 3610 quas
1597 3521 1796 3615 voluptates
1810 3526 2057 3613 sumserimus,
2080 3532 2143 3627 qui
2157 3534 2303 3629 quidem

267 3625 465 3723 explicate?
1313 3617 1420 3709 paula
1435 3632 1517 3689 ante
1532 3622 1638 3693 etiam
1653 3619 1720 3696 bac
1737 3627 1843 3698 lande
1857 3630 2003 3702 caeteris
2016 3633 2222 3704 nationibus
2235 3658 2304 3705 an·

371 3727 525 3800 Memini
550 3727 589 3797 in
617 3739 795 3797 conventu
818 3723 1047 3816 Augustano,
1080 3723 1261 3797 Liburnos
1294 3719 1584 3819 ‚tecellebamusl
1632 3723 1704 3798 Sed
1721 3730 1821 3800 brevi
1837 3731 1926 3802 mira
1942 3746 1994 3805 est
2004 3734 2092 3804 saeta
2109 3728 2220 3809 huius
2235 3760 2304 3807 na-

267 3837 313 3907 ad
334 3831 543 3925 Principum
564 3828 757 3900 concilium
778 3829 921 3909 venire,
955 3829 1105 3920 petitum
1129 3825 1260 3898 auxilia
1312 3820 1422 3892 tionis
1453 3826 1623 3913 mutatio,
1661 3832 1853 3923 negligitur
1884 3856 1941 3905 res
1966 3832 2146 3924 militaris,
2177 3839 2303 3910 literae

268 3950 392 4010 contra
417 3931 572 4019 Turcas,
609 3945 643 4004 et
665 3933 852 4025 deplorare
884 3930 1102 4002 calamitates
1127 3928 1262 4021 patriae
1313 3947 1389 3993 non
1409 3923 1525 3994 solum
1547 3947 1783 4021 spernuntur,
1816 3937 1877 4006 sed
1900 3936 2005 4008 etism
2033 3939 2177 4010 suntin
2203 3940 2303 4014 odio.

267 4065 351 4118 suae
372 4037 471 4129 gravi
494 4034 670 4107 oratione:
706 4035 758 4105 ibi
780 4034 908 4105 caeteri
931 4031 1116 4125 Principes
1137 4052 1262 4104 omnes
1311 4022 1361 4096 Et
1380 4018 1639 4124 honestissimis
1667 4037 1794 4107 studiis
1814 4055 2055 4113 successerunt
2074 4042 2188 4116 multa
2204 4043 2306 4130 sitia,

268 4143 474 4219 detulerunt
495 4160 625 4208 munus
649 4136 889 4226 respondendi
911 4136 956 4203 ad
977 4133 1261 4207 illustrissimum
1313 4127 1430 4214 luxus,
1454 4131 1616 4221 ambitio,
1637 4137 1794 4229 perfidia,
1820 4153 1854 4210 et
1872 4141 2165 4237 pleraeque-aliae
2179 4158 2306 4238 pestes,

268 4241 471 4332 Principem
496 4233 696 4308 Electorem
721 4229 971 4306 Marcbionem
997 4231 1217 4307 loacbimum
1235 4233 1261 4308 1.
1291 4256 1402 4325 quae
1422 4232 1608 4306 intestinas
1630 4239 1823 4310 discordias
1846 4255 1882 4313 et
1902 4242 1989 4315 alias
2008 4245 2224 4320 calamitates
2240 4272 2303 4340 pa·

268 4347 352 4418 Non
367 4355 441 4411 crat
457 4363 610 4423 novum,
637 4334 871 4406 Germanicas
885 4335 920 4405 ei
941 4358 1061 4406 causas
1077 4336 1260 4418 committi,
1313 4334 1424 4408 ciunt.
1451 4388 1454 4391 -
1475 4330 1597 4423 Quare
1622 4352 1656 4410 et
1671 4340 1870 4435 Principes,
1896 4357 1930 4415 et
1947 4345 2077 4441 reliqui
2092 4350 2155 4444 qui
2170 4351 2305 4423 autori-

269 4445 428 4520 sciebant
456 4441 552 4509 enim
576 4462 597 4508 a
620 4437 765 4507 nemine
792 4434 1015 4528 splendidius
1038 4461 1078 4507 ac
1100 4437 1262 4522 ornatius
1312 4449 1384 4508 tate
1398 4449 1554 4509 caeteros
1568 4445 1794 4532 praecedunt,
1820 4447 1920 4515 omni
1933 4452 2164 4525 contentione
2178 4452 2305 4523 insen-

269 4550 344 4642 agi;
375 4546 435 4616 sed
453 4566 534 4612 cnm
550 4541 693 4612 laudem
708 4538 931 4633 eloquentiae
954 4538 1179 4631 praecipuam
1195 4539 1262 4611 uni
1312 4552 1425 4610 tutem
1448 4562 1614 4613 revocare
1635 4546 1681 4614 ad
1703 4560 1795 4618 reeta
1818 4549 1934 4620 studia
1948 4552 2120 4641 debeant,
2145 4579 2185 4626 ac
2201 4576 2304 4647 prse-

204 4683 208 4691 ·
269 4643 477 4726 Marchioni
502 4641 718 4730 tribuerent,
753 4657 788 4714 et
812 4642 900 4712 alias
924 4640 1053 4713 Latine
1084 4640 1261 4713 dicentem
1313 4640 1416 4732 cipue
1436 4642 1482 4710 ad
1503 4643 1760 4738 eloquentiam,
1785 4651 1929 4744 quaein
1943 4649 2087 4745 Repub.
2110 4657 2305 4729 maximnm

195 4785 196 4788 ¹
268 4754 471 4837 audissent,
505 4744 598 4819 banc
618 4770 760 4818 cansam
777 4745 881 4817 etiam
900 4745 934 4814 ei
954 4743 1262 4819 commendabant.
1313 4736 1419 4813 babet
1434 4764 1550 4816 usum.

268 4857 347 4930 Hoc
364 4853 536 4927 indicium
550 4864 768 4922 caeterorum
778 4845 1000 4940 Principum,
1018 4863 1139 4921 nostro
1154 4870 1260 4942 qnam
1413 4841 1527 4915 Porro
1548 4846 1579 4917 si
1605 4849 1686 4944 quis
1707 4846 1776 4924 boc
1797 4854 1956 4925 studium
1982 4881 2025 4928 eo
2048 4859 2168 4930 minus
2194 4875 2307 4948 curat,

268 4960 377 5035 fucrit
409 4952 666 5041 honorificum,
707 4973 832 5022 omnes
864 4949 1075 5040 intelligitis.
1137 4947 1262 5044 ltaque
1313 4946 1397 5041 quia
1410 4959 1513 5038 putat
1526 4958 1668 5023 tantum
1687 4956 1853 5048 prodesse
1867 4959 1913 5027 ad
1928 4978 2040 5050 genus
2061 4962 2308 5050 sermonis,is

267 5087 350 5138 cum
366 5060 551 5132 audiretur
567 5081 648 5128 cum
661 5078 800 5127 summa
815 5051 1027 5135 attentione,
1053 5047 1262 5123 honestissi-
1313 5051 1417 5139 longe
1432 5065 1538 5123 errat.
1576 5050 1655 5126 Etsi
1669 5057 1765 5128 enim
1782 5080 1856 5127 non
1872 5075 1924 5132 est
1939 5063 2062 5154 exigua
2077 5064 2225 5152 utilitas,
2248 5067 2309 5136 in-

267 5167 336 5240 mis
358 5163 526 5235 laudibus
547 5158 689 5232 ornavit
709 5155 910 5242 Libnmos,
926 5161 1077 5247 'propter
1097 5155 1201 5224 fidem
1227 5166 1262 5225 et
1313 5164 1486 5223 stmctun
1506 5176 1580 5229 esse
1604 5158 1706 5252 copia
1733 5162 1925 5245 sermonis,
1957 5177 2075 5236 tamen
2101 5169 2307 5240 exercitatio

266 5267 532 5351 fortitudinem,
557 5286 664 5358 quarn
686 5259 727 5333 in
752 5256 972 5329 sustinendis
989 5270 1024 5328 et
1041 5255 1262 5349 depellendis
1313 5253 1457 5324 dicendi
1477 5257 1583 5328 etiam
1606 5261 1651 5331 de
1672 5261 1795 5333 multis
1816 5266 1924 5336 rebus
1945 5267 2077 5339 format
2097 5268 2248 5356 iudicia,
2274 5286 2310 5343 et

267 5373 469 5447 Tuscorum
483 5363 767 5458 irruptionibus,
791 5373 844 5433 tot
860 5360 933 5431 iam
948 5382 1063 5430 annos
1077 5359 1263 5452 praestite-
1312 5369 1407 5427 terte
1429 5359 1569 5432 animos
1590 5364 1635 5432 ad
1656 5361 1879 5452 diligentiam
1900 5372 2096 5446 assuefacit.
2145 5371 2309 5464 Legendi

266 5487 365 5563 runt,
390 5497 431 5547 ac
444 5473 536 5544 bene
548 5487 690 5561 sperare
706 5484 766 5533 eos
779 5464 825 5533 de
838 5462 1021 5536 voluntate
1033 5459 1263 5556 Imperatoris
1285 5535 1288 5541 ,
1312 5472 1396 5531 sunt
1411 5462 1455 5530 de
1468 5463 1612 5554 optimis
1627 5466 1735 5538 rebus
1749 5468 2000 5562 sapientissimi
2017 5474 2216 5566 scriptores,
2242 5477 2307 5570 qui
