4732 6030
206 265 281 345 459
750 239 908 316 DECL.
949 239 1022 315 DE
1054 235 1326 315 SEBALDO
1360 236 1697 317 MUNSTERO.
2163 251 2238 329 460

131 482 134 486 -
207 455 290 513 tuus
325 443 386 503 est.
438 421 624 514 Ingenium
657 415 711 484 illi
736 415 805 486 fuit
828 414 914 484 mite
940 438 979 483 ac
1005 411 1195 505 placidum,
1346 409 1418 482 Res
1434 411 1618 480 familiaris
1633 409 1709 499 illi,
1735 426 1775 484 ut
1796 412 1911 502 scitis,
1934 439 2008 487 non
2025 421 2145 513 ampla
2160 424 2239 507 fuit,

206 538 354 613 dixisses
366 527 547 600 hominem
561 521 603 590 ad
628 514 885 587 humanitatem
900 528 934 585 et
949 515 1194 585 mansuetudi-
1245 514 1318 583 imo
1353 535 1398 580 ne
1427 511 1611 583 mediocris
1638 515 1801 605 quidem,
1836 518 1897 586 sed
1930 520 2046 590 tenuis
2080 538 2115 594 et
2147 551 2240 616 pene

207 622 310 724 nem,
335 629 434 726 quasi
452 621 623 693 divinitus
644 619 819 710 sculptum
840 631 874 688 et
895 619 1038 688 factum.
1090 613 1194 686 Hanc
1245 615 1387 698 affecta,
1420 613 1594 708 planeque
1623 615 1723 700 talis,
1758 617 1899 710 qualem
1923 617 2094 693 Salomon
2117 649 2136 695 a
2160 626 2238 699 Deo

209 733 296 834 ipse*
308 746 453 803 naturae
473 722 654 793 lenitatem
678 720 797 791 studio
824 742 966 812 quoque
987 732 1020 789 et
1043 717 1194 787 medita·
1245 728 1354 807 optat,
1379 738 1459 785 curu
1474 716 1539 786 ait:
1564 712 1778 786 Demensum
1793 742 1912 788 meum
1930 721 1975 791 da
1988 721 2089 795 mihi.
2123 723 2238 823 Atqui

207 845 304 914 tione
318 831 499 905 tuebatur,
525 846 662 896 summa
677 820 858 911 diligentia
872 843 1011 905 cavens,
1036 819 1193 912 nequod
1245 818 1374 886 scimus
1395 839 1470 886 uon
1491 817 1597 908 paulo
1616 818 1785 888 maiorem
1803 820 1970 891 virtutem
1988 848 2082 913 esse,
2103 854 2142 898 re
2159 857 2237 901 mo-

208 938 345 1015 duriter
366 955 385 1002 a
409 953 446 999 se
472 940 533 997 aut
555 948 674 1016 aspere
704 946 779 993 non
802 922 908 991 modo
937 921 1036 992 fieret
1059 921 1193 989 dicere·
1245 919 1323 988 dica
1348 930 1383 988 et
1403 938 1464 987 sua
1489 930 1694 989 contentum
1717 920 1852 991 vivere:
1878 922 2081 1014 fortunam,
2103 933 2238 1023 qualis-

208 1058 330 1118 corve,
356 1033 416 1105 sed
433 1043 473 1100 ut
491 1041 525 1098 et
547 1027 584 1094 in
610 1037 770 1116 aspectu,
795 1024 1020 1116 incessuque,
1045 1035 1080 1092 et
1095 1022 1194 1091 omni
1245 1041 1416 1112 cunquea
1432 1016 1510 1088 Deo
1524 1020 1690 1108 contigit,
1715 1021 1803 1091 boni
1826 1027 2032 1114 consulere,
2056 1054 2166 1123 eaque
2180 1035 2239 1125 pie

184 1140 363 1232 denique
387 1129 498 1202 animi
522 1127 749 1219 corporisque
772 1120 897 1196 habitu
921 1148 961 1193 ac
983 1136 1082 1193 motu
1109 1146 1194 1192 ean·
1246 1145 1286 1191 ac
1311 1116 1458 1190 honeste
1478 1120 1553 1206 uti,
1586 1144 1661 1191 non
1684 1117 1823 1193 inhiare
1851 1126 1977 1198 alienis
1999 1130 2238 1220 facultatibus,

207 1248 289 1316 dem
311 1234 517 1308 suavitatem
540 1253 579 1298 ac
600 1228 781 1297 lenitatem
808 1237 1041 1295 conservaret.
1089 1219 1194 1307 Etsi,
1245 1221 1382 1291 nemini
1399 1220 1576 1307 invidere,
1599 1223 1734 1293 nullius
1749 1249 1892 1297 cursum
1909 1229 2103 1321 impedire,
2129 1259 2232 1327 quarn

207 1359 249 1418 ut
272 1353 341 1424 est,
366 1330 578 1406 verecundia
599 1341 691 1398 recte
712 1339 856 1405 ornatus
879 1327 990 1411 vitae,
1022 1337 1055 1394 et
1078 1337 1195 1394 custos
1246 1323 1449 1412 ingentibus
1489 1324 1618 1413 opibus
1659 1349 1872 1421 quocunque
1911 1334 2019 1402 modo
2059 1336 2236 1427 quaesitis,

208 1443 369 1519 omnium
392 1437 573 1504 virtutum
593 1455 612 1499 a
635 1424 805 1499 Cicerone
827 1427 976 1512 dicitur,
1016 1419 1109 1495 hauc
1132 1425 1194 1495 ille
1246 1424 1430 1516 splendide
1454 1425 1545 1500 uti„
1578 1422 1837 1498 Patrimonium
1857 1431 1918 1499 ille
1938 1428 2007 1501 hoc
2034 1431 2236 1526 pulcherri-

206 1546 374 1619 virtutem
389 1537 445 1606 vel
467 1533 584 1625 potius
601 1529 773 1600 virtutum
796 1529 955 1598 omnium
978 1527 1135 1616 reginam
1156 1550 1195 1597 ac
1245 1549 1343 1594 mum
1371 1527 1406 1593 et'
1427 1526 1685 1615 amplissimum
1720 1529 1794 1598 suis
1824 1532 2027 1626 relinquere
2061 1540 2237 1624 studebat,

208 1640 477 1718 moderatricem
499 1634 583 1702 inde
599 1653 711 1724 usque
734 1655 753 1699 a
774 1653 883 1722 puero
906 1631 944 1699 in
960 1629 1060 1699 omni
1074 1628 1145 1698 vita
1162 1640 1196 1697 et
1246 1650 1389 1716 nempe,
1413 1627 1542 1695 famam
1563 1639 1728 1716 paternae
1750 1633 1936 1721 probitatis
1958 1649 1992 1705 et
2006 1637 2115 1724 vitae,
2142 1639 2234 1711 libe-

209 1747 346 1821 actione
366 1739 537 1809 illibatam
559 1755 695 1802 summa
714 1731 978 1802 cura‘retinuit.
1030 1727 1131 1800 Adeo
1155 1741 1196 1798 ut
1246 1751 1369 1798 rorum
1384 1728 1479 1818 piam
1491 1751 1530 1797 ac
1544 1741 1674 1797 rectam
1689 1730 1962 1804 institutionem:
1985 1737 2133 1807 alterum
2150 1741 2231 1831 qui-

208 1842 393 1919 nonnullis
409 1859 534 1930 parum
552 1833 749 1917 animosus,
782 1845 816 1903 et
835 1833 881 1902 ob
899 1854 975 1901 eam
992 1853 1132 1901 causam
1149 1831 1194 1899 ad
1247 1831 1327 1898 dem
1341 1827 1543 1919 plenissime
1561 1845 1768 1901 consecutus
1791 1848 1859 1915 est,
1887 1836 2033 1907 alterum
2054 1840 2230 1927 praeclare

208 1951 246 2020 id
269 1965 379 2038 genus
400 1935 599 2020 doctrinae,
630 1935 725 2026 quod
753 1934 946 2028 tractabat,
973 1933 1092 2021 prinus
1115 1931 1196 2001 ido-
1247 1931 1425 2020 inceptum
1448 1928 1637 2000 immatura
1655 1956 1750 2003 mors
1769 1935 1967 2028 interrupit.
2018 1933 2135 2033 Atque
2159 1942 2231 2010 uti-

153 2030 183 2055 Ἰ
209 2071 298 2122 neus
321 2045 517 2118 videretur,
552 2049 586 2106 at
608 2035 669 2104 ille
688 2057 763 2105 non
792 2034 882 2105 tanti
907 2035 1058 2105 ducebat
1080 2034 1195 2102 ullum
1246 2056 1329 2101 nam
1350 2032 1481 2101 multos
1506 2032 1591 2102 tales
1613 2036 1879 2123 patresfamilias
1901 2039 1971 2109 iam
1992 2039 2150 2112 civitates
2169 2038 2234 2111 ha-

210 2150 437 2243 adplausum,
462 2153 502 2211 ut
518 2151 703 2229 propterea
721 2137 954 2206 verecundiae
977 2149 1073 2225 septa
1097 2147 1196 2204 tran-
1247 2134 1391 2217 herent,
1416 2157 1568 2225 quorum
1584 2135 1729 2217 domus,
1755 2151 1794 2208 ut
1812 2138 1974 2209 Doctoris
1991 2140 2136 2212 Sebaldi
2156 2144 2234 2220 fuit,

209 2251 306 2324 silire
318 2247 441 2327 vellet,
466 2263 542 2311 non
558 2239 652 2309 enim
666 2239 834 2330 profanae
846 2237 1085 2309 multitudinis
1100 2234 1196 2305 iudi·
1248 2247 1361 2304 essent
1376 2236 1472 2303 velut
1493 2258 1621 2323 parvae
1639 2238 1810 2328 quaedam
1829 2236 2025 2326 Ecclesiae,
2052 2244 2235 2337 inquibus

209 2354 282 2437 cio,
316 2350 376 2419 sed
399 2358 494 2415 recta
519 2340 675 2419 ratione,
709 2338 796 2433 quid
817 2339 955 2409 deceret
976 2337 1196 2419 metiebatur,
1247 2330 1450 2407 Christiana
1482 2335 1669 2425 disciplina
1701 2348 1742 2407 ac
1775 2342 1935 2411 doctrina
1966 2343 2115 2432 vigeret,
2157 2359 2233 2415 tum

208 2469 316 2547 atque
328 2450 359 2519 si
373 2447 475 2516 etiam
495 2442 713 2533 peccandum
730 2452 836 2521 esset,
861 2441 1014 2510 malebat
1027 2440 1124 2509 iuxta
1139 2462 1196 2507 re-
1247 2436 1371 2530 procul
1388 2437 1498 2505 dubio
1515 2435 1642 2507 melius
1656 2452 1690 2509 ct
1704 2436 1940 2532 Respublicae
1956 2459 2070 2516 essent
2088 2440 2232 2516 habitu-

208 2538 326 2647 gulam
354 2543 515 2616 Isocratis
538 2543 577 2610 in
598 2535 690 2610 hanc
712 2562 819 2633 quam
841 2540 940 2610 illam
964 2554 1098 2632 partem
1116 2562 1196 2629 pec·
1246 2562 1325 2618 rae,
1352 2550 1386 2607 et
1399 2537 1518 2614 minus
1533 2532 1760 2631 horribilium
1777 2544 2017 2635 exemplorum
2038 2542 2125 2615 haec
2140 2561 2234 2617 aetas

208 2677 287 2726 care
294 2677 304 2739 3
329 2647 447 2718 minus
463 2644 556 2714 enim
574 2642 843 2734 turpe-putabat
857 2643 1043 2736 plusquam
1067 2662 1196 2711 conve·
1247 2640 1418 2732 paritura.
2230 2695 2235 2707 ,

104 2756 106 2762 ’
208 2755 303 2827 niret
320 2749 485 2822 timidum
508 2767 544 2812 se
560 2766 666 2836 quam
683 2742 924 2834 impudentem
939 2742 1101 2814 iudicari.
1153 2738 1196 2810 ln
1348 2736 1433 2809 Dixi
1455 2741 1499 2808 de
1521 2742 1680 2812 moribus
1695 2755 1728 2812 et
1742 2743 1811 2814 vita
1825 2737 1932 2813 huius
1947 2746 2033 2831 viri,
2060 2761 2100 2817 ut
2122 2749 2232 2838 potui,

208 2856 345 2948 reliqna
367 2872 451 2919 vero
474 2845 545 2914 vita
569 2857 603 2913 et
622 2844 783 2914 moribus
801 2838 895 2912 nihil
912 2856 985 2914 erat
1006 2845 1069 2913 illo
1091 2843 1197 2934 pudi-
1248 2841 1403 2913 breviter
1417 2842 1572 2935 quidem,
1591 2845 1634 2912 de
1651 2844 1777 2914 studiis
1792 2859 1826 2916 et
1838 2845 1997 2916 doctrina
2015 2851 2136 2915 eadem
2151 2848 2231 2916 bre-

111 2958 116 2969 ’
209 2981 288 3029 cum
311 2951 439 3041 magis,
464 2941 558 3017 nihil
581 2946 626 3015 ab
646 2945 746 3015 omni
770 2945 991 3036 turpitudine
1016 2944 1196 3015 remotius.
1248 2944 1355 3014 vitate
1377 2942 1546 3034 experiar.
1596 2941 1716 3014 Prima
1738 2947 1833 3015 enim
1854 2960 1946 3017 aetas
1966 2948 2021 3016 illi
2034 2962 2108 3018 acta
2126 2964 2176 3019 cst
2192 2951 2230 3018 in

209 3054 260 3129 Et
274 3056 369 3150 quod
385 3052 424 3118 in
440 3047 571 3120 talibus
585 3046 736 3136 ingeniis
749 3047 906 3118 accidere
920 3048 1021 3132 solet,
1047 3068 1137 3141 quae
1151 3044 1195 3113 ad
1248 3045 1292 3114 iis
1309 3043 1443 3134 literis,
1476 3044 1615 3137 quaesi
1636 3046 1711 3115 ullo
1739 3047 1777 3115 in
1800 3032 1960 3132 homihe,
1986 3049 2024 3116 in
2046 3050 2107 3120 illo
2130 3065 2232 3135 certe,

210 3154 466 3229 humanitatem
481 3160 515 3217 et
529 3147 752 3216 clementiam
768 3172 848 3218 cum
864 3161 990 3219 natura
999 3151 1197 3231 ducuntur,
1248 3170 1397 3230 nomen,
1422 3145 1566 3238 vimque
1591 3169 1689 3214 suam
1709 3150 2003 3240 comprobarunt,
2031 3146 2121 3221 nihil
2140 3152 2234 3220 enirn

211 3273 289 3329 tum
312 3276 396 3321 vero
418 3272 482 3339 per
505 3269 645 3315 omnem
670 3247 777 3317 vitam
803 3250 1002 3320 adsuefacta
1025 3261 1127 3333 sunt,
1158 3260 1198 3316 ut
1249 3249 1312 3316 illo
1337 3242 1547 3330 humanius,
1580 3242 1673 3316 nihil
1702 3251 1861 3334 suavius,
1891 3247 1986 3318 nihil
2012 3252 2133 3322 mitius
2160 3254 2238 3336 fuit,

212 3361 301 3442 sint,
329 3343 530 3447 ἠθικότερα
555 3359 589 3434 et
609 3347 653 3415 ad
669 3370 792 3417 omnes
806 3348 888 3418 illos
903 3350 1055 3420 leniores
1070 3361 1199 3431 motus,
1251 3361 1313 3418 aut
1336 3348 1566 3417 tractabilius.
1618 3345 1729 3441 Atqui
1751 3351 1793 3418 ab
1818 3375 1859 3419 eo
1882 3351 2010 3420 effectu
2028 3354 2145 3423 studia
2168 3349 2237 3424 hu-

211 3484 253 3533 ac
263 3456 448 3551 praecipue
464 3443 624 3547 oaopydc
637 3448 813 3529 molliora,
834 3448 882 3518 ita
899 3447 1200 3543 quoquoDoctore
1250 3448 1430 3517 manitatis
1453 3449 1545 3516 dicta
1566 3471 1639 3517 esse
1660 3464 1814 3536 constat,
1839 3445 1955 3545 quod,
1981 3443 2022 3524 ul
2036 3452 2160 3525 Cicero
2176 3457 2237 3541 ait,

212 3559 369 3634 Sebaldo
382 3548 476 3623 nihil
492 3550 686 3638 eratmagis
703 3541 961 3649 φιλόστοργον,
979 3547 1072 3623 nihil
1080 3571 1199 3618 amore
1250 3552 1293 3620 ad
1316 3548 1578 3639 percipiendam
1600 3551 1854 3645 colendamque
1872 3553 2039 3623 virtutem
2057 3556 2236 3640 adiuvent,

212 3675 247 3733 et
260 3654 507 3735 benevolentia
524 3653 563 3720 in
580 3674 661 3721 suos
678 3652 867 3742 profusius.
1250 3665 1355 3743 atque
1378 3650 1469 3719 illud
1492 3646 1647 3743 ἠθικὸν,
1676 3647 1743 3723 hoc
1767 3669 1835 3737 est,
1860 3655 2066 3726 suavitatem
2084 3671 2118 3726 et
2134 3680 2233 3725 man-

314 3759 408 3831 Sunt
429 3752 618 3837 nonnulli,
651 3754 855 3843 praesertim
876 3777 917 3822 ex
934 3751 1089 3844 Satrapis
1114 3751 1200 3836 illis,
1250 3752 1486 3836 suetudinem,
1511 3754 1548 3819 in
1570 3753 1709 3840 animis,
1733 3756 1893 3824 moribus
1912 3770 1947 3826 et
1965 3758 2035 3827 vita
2049 3752 2233 3825 hominum

99 3922 107 3927 .
212 3865 275 3961 qui
290 3884 408 3934 errore
423 3855 551 3925 mentis
568 3877 642 3923 eam
658 3853 878 3924 fortitudinis
900 3855 1041 3924 laudem
1055 3857 1200 3937 ducunt,
1251 3853 1411 3922 efficiant.
1464 3852 1513 3922 Ut
1528 3876 1610 3922 vero
1627 3854 1693 3923 alia
1710 3870 1801 3924 terra
1818 3858 1928 3927 cultui
1944 3859 2052 3947 magis
2066 3859 2233 3928 obediens

212 3969 243 4037 si
258 3967 314 4035 vel
329 3983 409 4051 erga
425 3980 570 4028 uxorem
587 3968 622 4026 et
634 3955 766 4027 liberos
779 3955 940 4026 duriores
955 3956 1037 4037 sint,
1057 3956 1114 4025 vel
1131 3957 1201 4023 sal·
1253 3968 1322 4039 est,
1348 3954 1416 4022 alia
1431 3953 1565 4035 minus,
1592 3955 1638 4024 ita
1657 3957 1796 4046 ingenia
1812 3982 1952 4051 quoque
1968 3961 2035 4028 alia
2051 3961 2128 4028 aliis
2146 3960 2236 4029 faci-

213 4083 283 4141 tem
319 4087 393 4134 esse
418 4058 624 4140 videantur,
662 4056 756 4125 laedi
782 4080 880 4125 suam
907 4058 1199 4129 existimationem
1251 4057 1322 4125 lius
1345 4055 1554 4138 flectuntur,
1585 4057 1853 4151 formanturque
1876 4061 2044 4129 doctrina.
2095 4058 2238 4131 AtDo-

213 4183 356 4249 rentur‚
385 4159 525 4253 siquod
550 4179 629 4243 erga
653 4177 735 4224 suos
752 4158 883 4224 amoris
905 4171 966 4226 aut
986 4159 1201 4227 benevolen-
1252 4157 1341 4226 ctori
1358 4155 1510 4227 Sebaldo
1529 4157 1611 4226 iude
1625 4182 1736 4251 usque
1755 4185 1772 4227 a
1792 4161 1939 4249 pueritia
1955 4162 2137 4252 ingenium
2154 4188 2241 4234 con-

215 4270 284 4340 fige
312 4267 451 4353 signum
480 4256 683 4325 ostendant:
728 4256 788 4323 sed
811 4269 850 4326 ut
877 4257 969 4345 apud
990 4253 1202 4349 Euripidem
1251 4258 1331 4348 tigit
1346 4259 1425 4326 lene
1440 4283 1479 4326 ac
1496 4252 1711 4343 humanum,
1732 4264 1828 4351 quod
1853 4276 2036 4356 postquam
2051 4265 2241 4357 disciplina

216 4361 431 4457 Amphitryo
452 4356 628 4446 praeclare
644 4355 748 4438 dicit,
773 4377 810 4422 se
826 4378 1015 4444 parvorum
1032 4371 1202 4446 nepotum
1253 4373 1288 4429 et
1302 4358 1414 4429 literis
1436 4359 1546 4428 excoli
1565 4360 1700 4451 coepit,
1727 4362 1829 4430 facile
1851 4387 1974 4434 omnes
1997 4379 2180 4438 venustate
2200 4391 2240 4438 ac

217 4490 337 4539 curam
355 4483 429 4531 non
441 4454 658 4545 adspernari,
680 4455 740 4522 sed
755 4454 837 4524 illos
851 4477 969 4524 secum
983 4455 1080 4529 velut
1095 4457 1203 4551 ἐφολ-
1253 4461 1425 4530 suavitate
1441 4485 1582 4530 morum
1598 4462 1785 4552 superavit.

216 4563 324 4662 selduc
336 4585 445 4633 manu
461 4559 614 4640 ductare,
640 4579 744 4649 seque
760 4550 827 4625 hoc
843 4556 998 4625 officium
1014 4557 1203 4628 virobono
1355 4559 1495 4630 Deinde
1518 4552 1720 4651 progressus
1739 4576 1871 4651 aetate,
1895 4568 1939 4636 de
1962 4570 2133 4640 sententia
2151 4571 2241 4642 ami-

217 4671 365 4760 dignum
382 4662 555 4742 iudicare,
577 4657 626 4728 ita
643 4654 776 4727 Doctor
791 4654 963 4727 Sebaldus
979 4658 1018 4726 in
1034 4659 1202 4750 optimam
1255 4683 1376 4730 corum
1390 4658 1450 4732 lus
1467 4662 1570 4730 civile
1583 4662 1717 4747 discere
1731 4666 1862 4756 coepit,
1888 4667 1926 4735 in
1946 4669 2092 4764 eiusque
2111 4686 2241 4744 tracta—

219 4770 403 4858 coniugem
425 4779 459 4837 et
476 4762 602 4851 dignos
626 4759 690 4829 tali
706 4771 803 4849 patre
824 4758 953 4829 liberos
973 4759 1205 4830 clementissi·
1257 4763 1353 4831 tione
1370 4785 1444 4831 non
1460 4762 1602 4855 quidem
1625 4765 1856 4850 infoeliciter,
1880 4768 2030 4840 fideliter
2052 4764 2144 4844 certe
2160 4797 2241 4844 ver-

219 4860 318 4963 mum
346 4894 382 4940 se
407 4891 447 4937 ac
474 4861 765 4952 benignissimum
796 4861 986 4950 praebebat
1012 4877 1205 4952 parentem,
1256 4875 1349 4933 satus
1373 4876 1434 4934 est.
1485 4861 1676 4959 Quumque
1700 4883 1825 4939 natura
1849 4893 1868 4936 a
1894 4869 2018 4941 litibus
2039 4887 2074 4944 et
2095 4876 2245 4967 strepitu

184 5011 186 5015 ·
220 4975 271 5065 ita
288 4986 425 5053 tamen,
458 4979 499 5036 ut
523 4959 616 5034 nihil
637 4962 736 5052 prius
759 4984 823 5030 nec
849 4961 1029 5055 antiquius
1048 4959 1205 5043 haberet,
1255 4964 1324 5033 fori
1340 4960 1548 5034 abhorreret
1564 4969 1714 5054 animus,
1736 4970 1986 5060 tranquillitati
2001 4989 2035 5045 et
2050 4978 2161 5068 quieti
2178 5003 2243 5048 na-

220 5070 327 5169 quam
343 5085 384 5143 ut
396 5068 502 5138 liberi
519 5066 562 5133 ad
579 5064 760 5155 pietatem,
786 5062 972 5146 virtutem,
997 5086 1037 5131 ac
1054 5064 1206 5155 optima·
1257 5078 1332 5146 tus,
1369 5065 1500 5158 quique
1525 5069 1636 5158 magis
1662 5070 1947 5155 benevolentiae,
1988 5098 2094 5166 quam
2124 5080 2245 5151 litium

220 5200 301 5247 mm
327 5192 446 5243 ,emm
473 5165 587 5234 studia
616 5164 860 5250 erudirentur;
896 5176 971 5234 erat
998 5163 1105 5252 igitur
1131 5165 1205 5235 eius
1256 5165 1335 5234 iura
1359 5187 1517 5235 exercere
1537 5171 1790 5255 consuevisset,
1822 5195 1896 5241 non
1918 5172 1980 5245 ille
2002 5178 2146 5270 quidem
2164 5182 2244 5250 foro

222 5280 367 5355 domus,
400 5265 573 5365 quaedam
602 5263 793 5333 modestiae
821 5289 861 5335 ac
891 5267 1143 5351 verecundiae,
1173 5280 1208 5336 et
1258 5288 1421 5356 prorsum
1445 5267 1633 5354 abstinuit,
1668 5272 1729 5340 sed
1752 5284 1869 5342 tamen
1893 5274 1931 5342 in
1953 5276 2246 5370 interpretatione

222 5375 459 5463 sqngtqssimae
472 5364 678 5456 disciplinae
693 5356 835 5465 schola„
904 5380 907 5387 ’
941 5360 947 5370 ’
1258 5365 1347 5437 iuris
1370 5380 1418 5438 ac'
1434 5370 1592 5440 docendo
1613 5371 1835 5462 potissimum
1851 5399 1995 5466 operam
2016 5376 2248 5477 consumpsit,
