4756 6022
157 280 166 293 ,
252 251 301 324 99
737 238 896 316 neon
934 236 1013 313 nn
1053 236 1356 318 saturnus
1400 237 1788 325 nrscuurtuu
2211 255 2288 327 100

255 424 415 495 dicaturus
450 447 530 492 cum
574 445 614 489 eo
647 439 794 506 genere,
836 427 974 485 tantum
1008 415 1247 485 adolescentes
1296 415 1393 484 mine
1421 424 1578 500 tanturn,
1610 416 1672 486 diu
1694 414 1952 490 immorabatur
1977 422 2162 513 iuventus,
2202 429 2288 501 dcrm

254 527 552 597 commonefacere
574 520 730 603 decrevi,
761 542 831 611 quo
849 516 998 586 consilio
1013 532 1044 586 et
1064 517 1149 586 olim
1166 538 1246 605 gra-
1297 518 1438 610 penitus
1452 533 1693 606 cognosceret,
1713 520 1798 588 dum
1815 521 1921 611 longo
1936 547 2003 594 usu
2015 524 2185 598 iudicium
2203 555 2290 600 con·

257 631 323 699 dus
345 626 498 697 instituti
521 625 609 706 sint,
643 633 677 690 et
698 633 869 714 quantum
891 621 934 687 ad
952 617 1152 688 communia
1170 631 1245 687 stu·
1296 621 1505 693 firmaretur.
1558 617 1601 688 ln
1625 615 1681 689 his
1695 633 1862 715 tanquam
1879 626 2071 716 praeludiis
2085 631 2292 717 graviorum

256 732 316 801 dia
331 733 512 800 literarum
536 723 710 793 momenti
731 722 884 791 adferret
898 721 1042 789 illorum
1059 742 1247 789 conserva·
1297 720 1565 812 disciplinarum
1582 746 1662 791 cum
1685 723 1755 793 iam
1777 725 1861 795 satis
1878 727 2086 799 viderentur
2099 733 2292 822 exercitati,

257 833 319 903 tio.
370 825 435 896 Est
455 839 571 896 autem
595 827 731 894 adeam
755 816 1247 914 causamopusmihiaequi-
1297 837 1539 914 praeceptores
1563 824 1827 914 permittebant,
1860 841 2034 914 utsacra,
2054 844 2115 901 aut
2135 831 2292 905 Medici-

255 946 326 1001 tate
351 942 465 998 vestra
488 928 683 1009 auditores,
718 925 905 1017 plerosque
922 924 1019 992 enim
1038 936 1176 993 tantum
1195 923 1247 993 fa·
1299 948 1400 1008 nam,
1426 938 1486 993 aut
1497 923 1555 993 lus
1566 925 1749 1016 publicum
1765 928 1993 1018 attingerent,
2018 933 2061 1000 ad
2080 957 2166 1025 quas
2182 936 2293 1007 disci-

255 1032 401 1102 stidium
426 1030 517 1122 cepit
540 1030 641 1098 istius
662 1028 789 1111 moris,
822 1040 862 1096 ut
884 1038 1022 1096 tantum
1043 1048 1116 1093 non
1137 1037 1247 1094 totam
1297 1025 1415 1116 plinas
1432 1049 1534 1095 usum
1553 1026 1742 1116 puerilium
1760 1028 1943 1099 literarum
1960 1049 2293 1122 magnumetacer-

256 1133 463 1226 Anticyram
487 1144 610 1222 putent
626 1129 871 1198 destinandam
896 1149 969 1197 esse
985 1121 1061 1211 his,
1084 1126 1145 1218 qui
1161 1128 1249 1197 titu-
1297 1128 1427 1197 rimum
1451 1127 1623 1196 iudicium
1646 1129 1814 1200 volebant
1837 1133 1986 1206 adferre.
2045 1131 2168 1230 ltaque
2191 1140 2293 1231 prius

255 1237 309 1305 los
332 1235 417 1304 istos
440 1234 614 1322 graduum
630 1230 772 1298 decerni
788 1229 856 1298 sibi
873 1229 1065 1321 postulant.
1115 1223 1174 1296 Ab
1190 1221 1247 1294 bis
1298 1230 1573 1319 explorabantur
1588 1223 1646 1299 hic
1662 1230 1766 1298 etiam
1782 1232 1876 1301 vires
1886 1235 2183 1338 adulescentium,
2208 1239 2293 1313 Ma-

148 1368 151 1373 ·
255 1362 320 1429 pro
336 1360 416 1404 meo
430 1335 508 1404 iure
524 1347 624 1425 peto,
650 1356 695 1401 ne
710 1355 775 1401 nos
793 1354 833 1399 es
850 1325 915 1400 hac
930 1325 1051 1398 schola
1067 1328 1248 1409 esibileut,
1298 1331 1479 1420 gisterium
1504 1332 1663 1401 fecerunt
1687 1332 1788 1401 classi
1810 1335 1965 1406 titulum.
2024 1336 2186 1412 Profecto
2208 1343 2294 1434 plu-

256 1462 301 1507 ne
315 1438 525 1528 explodaut,
549 1435 755 1527 priusquam
775 1433 970 1503 orationem
995 1442 1150 1499 nostram
1165 1452 1248 1518 cog·
1299 1431 1430 1500 rimum
1456 1433 1582 1518 refert,
1618 1437 1797 1525 quomodo
1827 1436 2052 1509 instruantur
2077 1465 2295 1536 praeparen-

255 1538 434 1609 noverint.
498 1534 588 1605 Nam
614 1534 866 1625 pronunciare,
892 1557 971 1603 cum
989 1534 1249 1621 nondumcog-
1299 1547 1427 1625 torque
1463 1537 1508 1603 ad
1549 1534 1742 1604 severiores
1792 1536 1998 1629 disciplinas
2040 1543 2294 1623 adulescentes.

255 1641 397 1711 noveris
411 1659 568 1717 eausam,
593 1636 628 1706 id
646 1660 728 1706 vero
743 1648 795 1705 est
810 1636 931 1706 iniusti
948 1648 981 1704 et
995 1634 1137 1703 barbari
1153 1634 1250 1702 iudi·
1297 1633 1380 1704 Non
1411 1648 1493 1704 sunt
1522 1635 1626 1724 longe
1658 1638 1808 1727 petenda
1835 1641 2014 1732 exempla,
2045 1645 2158 1714 nostri
2181 1649 2295 1719 seculi

255 1744 316 1811 cis.
366 1737 414 1810 Et
431 1763 494 1826 ego
516 1764 571 1806 me
586 1739 680 1806 sanis
698 1737 865 1807 omnibus
887 1734 1160 1808 satisfacturum
1177 1757 1250 1803 esse
1300 1760 1434 1805 morem
1452 1737 1645 1809 videamus.
1697 1736 1826 1809 Statim
1848 1741 1909 1810 ubi
1934 1742 2294 1834 inpublicamscho·

255 1844 295 1911 in
313 1838 380 1912 hoc
397 1840 543 1930 negocio
563 1840 707 1929 recipio.
1299 1838 1369 1930 lam
1387 1838 1484 1906 missi
1500 1839 1633 1908 fuerint
1647 1840 1905 1922 adulescentes,
1937 1857 2064 1933 putant
2079 1834 2216 1920 sordidi
2231 1852 2292 1922 in·

357 1940 422 2013 Est
444 1943 615 2034 quaedam
640 1942 678 2008 in
708 1940 902 2030 puerilibus
925 1938 1078 2026 ingeniis
1099 1936 1250 2006 infantia
1299 1939 1394 2027 genii
1410 1961 1501 2024 esse,
1523 1941 1586 2009 diu
1604 1934 1749 2010 haerere
1764 1942 1803 2010 in
1821 1941 2089 2034 Grammaticis,
2113 1963 2175 2020 aut
2189 1953 2293 2023 simi-

257 2062 292 2117 et
307 2044 547 2126 imbecillitas,
581 2067 670 2135 quae
692 2066 766 2110 non
790 2042 918 2112 sufficit
934 2041 1098 2131 pluribus
1113 2038 1249 2108 artibus
1299 2041 1394 2109 libus
1413 2040 1537 2130 nugis,
1569 2056 1761 2131 properant
1783 2044 1842 2113 alii
1868 2048 1912 2114 ad
1939 2070 2057 2134 sacra,
2092 2053 2191 2123 nulla
2218 2054 2291 2125 lin-

157 2184 162 2197 ·
255 2148 362 2218 simul
379 2145 575 2228 discendis,
606 2145 667 2212 sed
683 2142 814 2212 sensim
837 2167 901 2234 per
920 2144 1049 2230 gradm
1064 2143 1250 2233 quosdam,
1300 2164 1469 2230 guarum,
1496 2142 1595 2211 nulla
1614 2144 1756 2213 dicendi
1769 2146 1916 2217 scientia
1930 2162 2034 2219 antea
2050 2167 2167 2242 parta,
2190 2156 2293 2230 nulls

256 2251 301 2319 ad
321 2249 499 2338 graviores
514 2259 605 2314 artes
621 2246 830 2316 traducendi
847 2258 931 2313 suut
947 2244 1068 2335 pueri,
1094 2245 1179 2310 dum
1204 2242 1247 2309 ad
1300 2237 1554 2312 humaniorum
1576 2268 1616 2313 ac
1638 2245 1796 2315 civilium
1814 2248 1961 2318 ‘morum
1985 2253 2205 2341 cognitione,
2233 2258 2293 2328 di·

255 2351 434 2439 fastigium
458 2349 587 2416 artium
613 2347 857 2437 pervenerint,
891 2341 958 2415 boc
982 2358 1051 2424 est,
1079 2344 1165 2412 dum
1188 2366 1250 2432 pa·
1302 2359 1403 2414 scunt
1423 2345 1543 2436 inepte
1563 2345 1670 2415 rixari
1694 2348 1739 2415 de
1765 2349 1873 2418 sacris
1895 2352 2020 2438 rebus,
2045 2379 2109 2424 nec
2131 2360 2174 2426 ad
2197 2359 2292 2432 vitae

257 2452 413 2522 raverint
431 2450 500 2518 sibi
512 2449 695 2519 scientiam
714 2472 787 2516 non
812 2448 920 2518 stulte
937 2449 981 2514 de
998 2447 1104 2516 rebus
1121 2439 1249 2512 buma-
1300 2470 1404 2516 usum
1421 2460 1638 2539 comparant.
1673 2445 1767 2518 Volo
1782 2473 1844 2539 ego
1859 2452 2003 2546 quidem
2019 2457 2178 2526 omnium
2193 2473 2292 2531 aeta-

254 2554 312 2622 nis
342 2552 541 2630 iudicandi,
574 2564 607 2619 et
631 2548 845 2618 mediocrem
871 2550 1049 2642 quandam
1076 2546 1249 2614 sermonis
1300 2562 1394 2627 tum,
1428 2548 1589 2618 omnium
1617 2549 1710 2621 vitae
1731 2552 1885 2641 partium
1909 2576 1983 2623 esse
2007 2556 2189 2648 religionis
2214 2576 2292 2633 stu·

256 2654 412 2744 copiam,
447 2655 490 2720 ad
522 2653 701 2720 docendos
728 2650 836 2734 alios,
868 2650 1249 2739 demonstrandamque
1300 2649 1420 2733 dium,
1453 2652 1512 2718 sed
1535 2674 1574 2718 ea
1598 2657 2001 2747 proponanturpueris,
2036 2683 2127 2752 quae
2152 2665 2292 2757 assequi

256 2757 330 2826 vim
363 2770 598 2844 naturamque
640 2751 792 2823 virtutis.
863 2747 911 2820 Et
948 2751 1248 2842 quemadmodum
1300 2750 1455 2841 possint,
1480 2775 1569 2844 quae
1582 2752 1869 2841 pietatemalant,
1894 2782 1983 2850 quae
1997 2784 2114 2832 mores
2126 2762 2291 2855 forment,

256 2881 331 2927 non
347 2855 464 2925 statim
481 2855 569 2923 cibis
584 2854 790 2923 durioribus
806 2877 867 2922 ore
884 2852 1073 2921 infantium
1090 2851 1172 2921 satis
1188 2850 1248 2917 fir·
1299 2876 1373 2920 non
1388 2855 1485 2920 unde
1499 2866 1618 2943 petant
1633 2854 1772 2922 rixandi
1789 2860 1981 2933 materiam.

255 2982 314 3028 ma
329 2971 429 3040 sunt,
455 2959 513 3025 sed
532 2955 618 3024 lacte
635 2957 695 3025 diu
712 2956 876 3039 aluntur,
902 2966 1020 3044 postea
1039 2974 1246 3042 praemanso
1403 2951 1500 3042 Quid
1523 2957 1568 3023 de
1583 2955 1662 3024 aliis
1678 2958 1956 3046 professionibus
1976 2960 2118 3032 dicam?
2151 2963 2194 3034 ln
2210 2967 2289 3041 iure

256 3062 356 3144 cibo,
389 3062 500 3128 donec
526 3059 774 3147 grandescant:
810 3057 858 3127 ita
881 3054 1111 3147 pinguissima
1141 3076 1249 3147 quae-
1300 3055 1469 3124 discendo
1485 3055 1603 3124 videas
1619 3059 1771 3143 versari,
1795 3061 1856 3154 qui
1869 3063 2009 3132 nullum
2026 3087 2169 3156 prorsus
2184 3093 2290 3141 usum

257 3184 327 3253 que
359 3159 595 3252 facillimaque
622 3160 845 3251 deliguntur,
875 3181 966 3249 quae
990 3156 1151 3225 infirmae
1174 3155 1250 3244 pri·
1299 3156 1449 3227 aliarum
1466 3157 1648 3227 literarum
1664 3152 1815 3244 habent,
1837 3186 1918 3231 cum
1935 3177 2052 3237 tamen
2069 3168 2158 3238 illud
2173 3171 2290 3262 ipsum

257 3285 355 3330 murn
378 3258 483 3327 aetati
503 3261 709 3343 tradantur,
743 3259 872 3328 deinde
897 3259 1024 3327 ordine
1040 3256 1248 3348 disciplinae
1299 3258 1355 3327 ius
1374 3283 1415 3327 ex
1436 3253 1737 3350 Philosophorum
1763 3283 1803 3331 ac
1823 3258 2022 3334 Rhetorum
2044 3269 2178 3356 literis,
2210 3285 2291 3343 tan·

256 3362 426 3455 reliquae.
492 3357 615 3451 ltaque
643 3361 835 3450 prudentes
867 3359 936 3428 viri
961 3359 1000 3426 in
1030 3352 1160 3427 scholis
1183 3359 1245 3424 de-
1299 3383 1404 3453 quam
1435 3382 1477 3428 ex
1507 3362 1606 3430 fonte
1631 3375 1748 3431 ortum
1770 3362 1827 3437 sit.
1888 3361 2035 3436 istricae
2055 3394 2140 3440 vero
2161 3397 2290 3446 manus

257 3465 474 3555 scripserunt
500 3462 624 3529 classes
645 3464 813 3553 quasdam
833 3484 1041 3550 puerorum,
1069 3472 1248 3527 utsecun-
1299 3461 1507 3546 admovere,
1532 3461 1600 3530 nisi
1614 3458 1789 3557 Physicen
1808 3463 1994 3553 didiceris,
2025 3486 2076 3542 est
2100 3473 2177 3542 sine
2199 3500 2291 3565 pen·

258 3567 344 3634 dum
366 3563 501 3650 ingenii
523 3565 615 3631 vires
636 3563 696 3630 alii
721 3563 799 3631 aliis
821 3560 1020 3652 disciplinis
1033 3554 1248 3627 adhiberen·
1300 3563 1355 3631 nis
1377 3563 1508 3637 volare.
1558 3563 1652 3634 Nam
1674 3565 1801 3635 clinica
1819 3567 1880 3636 illa
1901 3570 2076 3640 medicina
2102 3586 2174 3643 tota
2192 3600 2233 3645 ex
2250 3602 2292 3651 ea

259 3680 328 3739 gur,
384 3662 436 3744 Er
460 3665 498 3732 in
527 3688 589 3733 sua
615 3667 764 3757 quisque
793 3662 920 3749 classe,
956 3676 1126 3754 tauquam
1154 3660 1248 3730 intra
1299 3659 1553 3755 Philosophiae
1582 3678 1679 3758 parte
1708 3682 1790 3738 ueta
1820 3682 1889 3754 est,
1922 3696 2012 3764 quae
2034 3674 2292 3751 elementorum

256 3780 353 3859 septa
375 3766 609 3851 detineretur,
641 3790 686 3834 ne
708 3767 921 3856 imparatus,
953 3777 986 3832 et
1003 3776 1171 3856 tanquam
1189 3786 1248 3831 sus
1300 3766 1557 3854 cognitionem,
1592 3783 1709 3838 motus
1730 3771 1953 3859 varietatem,
1980 3799 2168 3869 corporum
2182 3792 2291 3852 natu·

256 3870 296 3938 in
319 3891 415 3937 rosas
440 3868 590 3938 irrueret
610 3870 653 3936 ad
681 3867 903 3938 obscuriores
925 3880 1028 3936 artes.
1088 3863 1130 3933 ln
1153 3859 1248 3933 hunc
1299 3890 1374 3934 ram
1399 3868 1518 3940 tradit.
1576 3866 1688 3938 Porro
1712 3872 1797 3940 dum
1816 3867 2008 3946 boemodo
2032 3902 2105 3948 non
2125 3881 2291 3972 perpoliti

231 3973 403 4049 ,modum
427 3973 556 4059 gradus
578 3970 722 4062 quidam
752 3969 834 4039 facti
856 3980 939 4039 sunt
959 3965 1247 4045 adolescentium,
1299 3968 1428 4058 puerili
1452 3969 1612 4039 doctrina
1641 3971 1784 4043 irruunt
1806 3977 1849 4043 ad
1873 3978 2066 4050 severiores
2089 3992 2201 4068 artes,
2230 3983 2291 4053 in-

256 4086 297 4143 ut
341 4070 496 4162 primum
540 4068 780 4142 Grammatico
825 4068 1089 4163 Dialecticaque
1129 4070 1248 4140 trade·
1298 4071 1401 4139 firmo
1427 4070 1560 4142 iudicio
1584 4072 1705 4144 literae
1728 4098 1869 4160 omnes,
1901 4091 2064 4175 artesque
2078 4084 2181 4153 foede
2203 4109 2291 4156 con-

256 4187 399 4254 rcntur,
438 4196 528 4263 quae
555 4172 689 4260 primae
709 4184 801 4238 artes
831 4171 1127 4262 planissimaeque
1152 4183 1247 4242 sunt.
1299 4185 1520 4262 spurcantur.
1578 4169 1625 4243 Et
1641 4176 1725 4267 quia
1745 4177 1912 4248 exliteris
1931 4185 2289 4274 rerumpublicarum

257 4271 329 4344 Ubi
351 4272 563 4339 videbantur
586 4267 647 4339 has
664 4271 908 4359 perdidicisse,
940 4295 1014 4339 non
1032 4285 1160 4338 temere
1179 4271 1246 4358 ipsi
1299 4286 1408 4342 status
1425 4287 1696 4364 comparantur,
1716 4277 1771 4363 fit,
1793 4304 1872 4349 cum
1889 4305 2015 4372 parum
2031 4285 2108 4355 seui
2123 4311 2189 4378 pro
2202 4314 2289 4360 rou·

255 4375 301 4443 ad
321 4367 514 4465 Physicen,
549 4385 609 4441 aut
629 4372 716 4440 alias
740 4385 832 4440 artes
857 4371 1115 4461 irrumpebant.
1175 4369 1245 4439 Sed
1299 4374 1461 4443 cionibus
1483 4388 1518 4444 et
1543 4376 1581 4443 in
1613 4375 1754 4448 iudiciis
1776 4404 1925 4471 reguum
1951 4400 2092 4474 gerant,
2126 4402 2165 4460 ut
2192 4392 2288 4461 varie

255 4488 497 4567 praeceptores
514 4473 744 4563 explorabant
760 4471 851 4540 vires
865 4471 1157 4555 adolescentium,
1184 4471 1247 4563 qui
1298 4490 1510 4567 quassentur
1535 4474 1693 4571 Respub.
1724 4478 1886 4553 Profecto
1920 4487 2028 4557 satius
2063 4505 2139 4561 erat
2169 4494 2287 4563 nullas

207 4632 211 4637 .
255 4577 285 4645 si
301 4576 559 4669 probarentur,
592 4574 825 4645 admittebant
849 4575 892 4642 ad
916 4573 1070 4667 reliquas
1087 4572 1246 4663 discipli·
1297 4576 1417 4647 literas
1438 4579 1629 4668 attingere,
1660 4605 1766 4675 quam
1792 4579 1859 4655 hoc
1876 4588 1984 4657 modo
2000 4601 2161 4663 tractare.
2211 4593 2289 4666 Diu

255 4703 330 4749 nas.
382 4676 505 4769 Nuper
526 4672 643 4746 adhuc
667 4671 734 4745 hoc
748 4676 954 4746 servabatur
969 4678 1007 4745 in
1025 4671 1173 4758 scholis,
1199 4698 1245 4743 ne
1297 4693 1398 4749 erant
1423 4682 1525 4770 pueri
1552 4679 1822 4772 Grammaticis,
1855 4684 2057 4760 Dialecticis
2081 4718 2122 4764 ac
2148 4690 2289 4768 Rheto-

254 4780 335 4874 quis
362 4779 547 4869 attingeret
576 4774 769 4872 Physicen,
805 4792 865 4848 aut
897 4772 1137 4862 Mathemata,
1174 4776 1245 4845 uisi
1296 4780 1380 4849 ricis
1411 4781 1594 4872 alligandi.
1653 4782 1811 4858 Multum
1837 4791 2005 4880 temporis
2027 4810 2148 4885 postea
2174 4798 2289 4868 collo-

252 4895 357 4953 antea
379 4881 418 4949 in
448 4881 697 4954 Grammaticis
720 4893 754 4951 et
771 4877 971 4950 Dialecticis
992 4879 1056 4949 diu
1073 4880 1244 4949 multum·
1295 4884 1448 4952 candum
1466 4898 1540 4954 erat
1561 4885 1600 4953 in
1617 4882 1854 4973 Mathemata,
1881 4904 1916 4960 et
1930 4892 2104 4989 reliquam
2121 4893 2290 4970 Philoso-

252 5008 323 5076 que
345 4997 512 5053 versatus.
570 4981 695 5053 Postea
713 4996 981 5073 praeceptorum
1007 4981 1140 5052 iudicio
1170 4993 1243 5049 tra·
1294 4977 1428 5073 phiam.
1481 4976 1787 5061 Ubimscoruieit
1803 4991 1995 5082 iudicium,
2017 5012 2092 5068 tum
2107 5014 2209 5070 erant
2222 5002 2289 5072 ad-

252 5085 403 5155 debatur
424 5084 592 5170 ulterius,
629 5098 663 5154 et
687 5084 824 5174 primus
853 5083 914 5152 ille
939 5085 1069 5173 gradus
1089 5106 1109 5152 a
1131 5080 1242 5152 Lauri
1294 5079 1445 5156 bibendi
1460 5088 1504 5156 ad
1520 5111 1578 5157 eas
1593 5105 1702 5178 artes,
1728 5091 1860 5185 quibus
1873 5090 1982 5188 Resp.
1999 5101 2256 5188 gubernantur.

215 5212 220 5223 ·
251 5186 357 5256 bacca
380 5208 510 5253 nornen
532 5181 674 5256 babuit:
704 5181 818 5258 Erant
844 5183 941 5255 euim
965 5179 1113 5255 honesto
1135 5184 1241 5254 titulo
1396 5185 1525 5258 Graeci
1546 5192 1737 5279 agricolae,
1767 5217 1848 5263 cum
1870 5196 2031 5270 viderent
2052 5216 2288 5277 maturescere

250 5288 354 5379 pueri
385 5286 550 5360 ornandi.
620 5285 745 5356 Postea
773 5282 969 5381 Physicen,
1009 5280 1239 5370 Mathemata,
1291 5302 1423 5377 segetes
1438 5307 1531 5362 certo
1549 5304 1684 5364 tantum
1702 5297 2021 5390 temporisspacio,
2047 5327 2121 5373 non
2137 5307 2288 5378 colono-

247 5384 376 5461 Ethica
398 5388 658 5482 percipiebant,
690 5412 756 5459 uec
776 5390 1023 5461 salutabantur
1045 5381 1132 5458 haec
1156 5388 1239 5458 ali·
1291 5413 1372 5460 rum
1404 5416 1528 5485 opere,
1559 5407 1621 5464 aut
1652 5396 1721 5466 soli
1745 5412 1892 5484 natura,
1930 5402 2114 5476 dixerunt:
2154 5404 2288 5482 Annus
