4732 6030
99 257 179 337 889
539 336 543 344 ,
669 251 828 330 DECb
862 250 937 328 DE
970 244 1245 330 ENCOMIO
1279 242 1591 324 FRANCIAE.
2067 250 2146 325 890

100 450 186 500 men
201 425 330 497 Franci
350 425 454 496 etiem
472 426 576 512 victi,
602 427 726 518 iugum
745 450 929 521 nunquam
952 449 1095 521 sccepe·
1146 420 1254 491 leude
1272 420 1448 502 contenti,
1471 434 1504 492 et
1519 423 1564 492 de
1576 419 1714 512 generis
1726 420 1864 511 origine
1876 422 2057 516 disputare
2071 423 2139 495 ali-

102 544 205 614 runt,
242 553 427 622 nunquam
459 553 557 599 arma
584 530 811 611 abiecerunt,
850 543 969 602 tantus
995 554 1096 600 amor
1146 523 1518 617 quandodesinamus.

100 632 234 724 patriae
263 631 350 715 fuit,
385 643 522 701 tantum
552 632 732 703 servitutis
753 632 888 704 odium.
949 631 1093 719 Quanta
1247 621 1429 715 Occupata
1453 622 1571 694 Gallia
1606 625 1730 693 foedus
1763 647 1843 694 cum
1872 622 2047 697 Romanis
2071 629 2140 699 sols

99 734 208 824 igitur
222 732 336 803 virtus
358 733 397 801 in
421 733 617 803 maioribus
630 734 762 804 nostris
785 734 912 814 inerit,
939 734 1023 802 inde
1041 736 1095 802 ia·
1146 722 1343 796 lustininno
1368 730 1546 810 fecerum,
1579 749 1687 820 quire
1705 749 1780 795 ¹¹0ss
1801 727 1909 796 ¹¹¹0d⁰
1934 727 2021 796 belli
2048 729 2140 815 iure.

99 836 166 904 cile
179 833 357 904 aestimari
371 847 496 924 potest,
523 839 617 928 quod
636 849 676 905 ut
690 832 846 907 Romani
865 837 998 905 bellum
1011 859 1094 904 cum
1144 831 1203 896 sed
1229 830 1333 898 etiam
1357 853 1397 897 ex
1421 831 1562 898 loedere
1579 826 1734 898 Galliam
1757 841 1890 897 tenent.
1942 824 1991 900 Et
2006 830 2138 902 virtute

98 931 438 1026 Carthaginensibus
456 940 500 1004 de
515 937 664 1028 imperio
681 938 777 1007 varia
790 939 953 1021 fortuna,
980 960 1093 1027 annos
1143 931 1265 998 aclide
1286 932 1524 1019 perfecerunt,
1550 954 1595 999 ne
1610 926 1793 1001 Romanos
1810 929 2005 1022 poeniteret
2025 932 2138 1002 socie-

99 1038 239 1109 circiter
270 1038 523 1131 quadraginta,
558 1042 617 1108 sed
649 1063 712 1130 per
742 1028 961 1121 intervalla,
978 1061 1092 1128 gesse-
1145 1034 1227 1102 tatis
1250 1030 1451 1105 Francicee.
1501 1028 1593 1101 Nam
1619 1030 1732 1101 Attila
1752 1029 1972 1102 Francorum
1996 1032 2138 1104 auxiliis

99 1154 203 1224 runt,
229 1140 276 1208 ita
303 1137 433 1209 Franci
455 1138 657 1225 Romanos,
689 1142 754 1211 toti
779 1142 849 1210 iam
872 1141 953 1211 orbi
980 1155 1093 1210 terra.
1143 1134 1279 1223 ingenti
1309 1134 1444 1235 praelio
1472 1134 1603 1218 victus,
1638 1147 1672 1203 et
1696 1157 1738 1202 ex
1762 1132 1986 1204 Narbonensi
2016 1134 2137 1207 Gallia

98 1264 179 1311 rum
195 1241 433 1332 dominantes,
449 1242 556 1311 arinis
572 1257 806 1312 exercuerunt
821 1244 924 1314 annis
939 1244 1092 1332 amplius
1142 1233 1307 1326 expulsus
1324 1248 1396 1319 eet,
1423 1259 1529 1328 quam
1548 1230 1664 1305 adhuc
1677 1235 1924 1324 imperatorius
1938 1239 2136 1329 praefectus

98 1356 255 1427 centum,
276 1341 361 1413 inde
373 1368 485 1437 usque
500 1346 545 1412 ab
561 1340 757 1414 Aureliano
771 1347 814 1414 ad
831 1340 1090 1424 Theodosium,
1143 1332 1268 1406 Αὲῑὶιῑδ
1285 1339 1436 1407 leutbal-
1480 1336 1673 1409 Tedanius
1690 1332 1992 1426 igliurhlslfflisse,
2020 1338 2135 1412 Fran·

98 1447 213 1514 donec
243 1468 317 1512 non
349 1448 456 1514 moda
492 1446 689 1516 libertatem
724 1462 996 1538 recuperarunt,
1029 1448 1088 1515 sed
1141 1463 1200 1508 cos
1222 1451 1308 1509 tunc
1330 1439 1444 1510 socios
1468 1437 1626 1513 Romani
1656 1439 1815 1528 imperii,
1850 1464 1924 1513 non
1947 1442 2135 1533 vectigales

98 1545 204 1614 etiam
220 1546 320 1637 potiti
332 1543 472 1631 Galliis,
497 1545 640 1636 Belgica
655 1561 690 1617 et
705 1546 847 1632 Celtica,
872 1562 950 1638 post
968 1544 1098 1632 Thes,
1139 1542 1251 1611 facins
1272 1564 1356 1612 0⁵80·

98 1645 239 1716 dosium
256 1669 402 1736 regnare
419 1649 472 1716 ibi
485 1664 687 1740 coeperunt.
732 1649 805 1720 Nec
821 1651 940 1720 minus
952 1650 1088 1740 negocii
1245 1638 1392 1714 Accedit
1412 1643 1457 1713 ad
1480 1655 1639 1711 veterum
1659 1640 1879 1712 Francorum
1905 1644 2027 1714 landes
2048 1639 2135 1716 haec

97 1748 165 1818 iuit
181 1748 272 1818 tueri
295 1751 548 1839 possessionem
567 1748 787 1835 Galliarum,
812 1776 892 1821 cum
914 1752 1089 1821 ferocissi-
1142 1767 1301 1836 quoque,
1327 1750 1423 1837 ‘1⁰⁰⁶
1446 1767 1526 1811 ⁰⁰¹⁰
1548 1745 1730 1813 tudinem
1746 1746 1945 1820 d⁰tlrl⁰³m
1959 1741 2136 1817 Chritlin·

96 1872 175 1919 mae
189 1851 351 1921 nationes
365 1875 423 1920 eas
438 1865 653 1943 appeterent,
672 1852 871 1941 Burgundi,
888 1849 1090 1939 Alemanni,
1141 1868 1222 1913 nem
1244 1846 1287 1912 de
1308 1869 1392 1914 vero
1415 1844 1512 1913 cultu
1535 1842 1622 1929 Dei,
1649 1860 1684 1916 et
1707 1848 1882 1917 admoniti
1907 1840 2136 1939 agnoscerent

96 1947 242 2034 Hunni,
267 1976 374 2043 quam
398 1965 499 2022 antea
519 1954 650 2037 fuerat,
676 1956 812 2046 eripere
832 1977 889 2022 aas
903 1952 1089 2025 Romanis,
1141 1946 1343 2015 barbaricos
1356 1947 1447 2016 ritus
1461 1959 1493 2014 et
1510 1941 1785 2040 stdwtopam'av
1807 1950 1947 2040 plenam
1962 1973 2036 2020 esse
2056 1962 2134 2021 tur·

96 2049 218 2139 Quare
236 2051 306 2121 nisi
321 2052 541 2137 fortitudine,
567 2054 713 2124 scientia
732 2056 783 2124 rei
799 2055 974 2140 militaris,
999 2056 1089 2124 tole-
1141 2047 1313 2138 pitudinis
1329 2062 1363 2117 et
1377 2048 1529 2133 sceleris,
1554 2050 1682 2139 cupide
1697 2051 1848 2137 amplexi
1864 2046 2134 2123 suntChristie·

95 2153 212 2222 cantia
234 2152 415 2237 laborum,
449 2143 601 2248 denique
624 2152 729 2224 etiam
760 2156 898 2227 iusticia
924 2170 959 2226 et
980 2156 1086 2226 disci·
1141 2173 1220 2217 nem
1239 2149 1463 2239 religionem,
1488 2174 1635 2243 eamque
1650 2174 1775 2241 magna
1790 2152 1920 2244 pietate
1935 2155 2134 2229 coluerunt.

96 2253 197 2345 plina
213 2254 477 2340 excelluissent,
503 2271 598 2326 tanta
622 2259 814 2328 certamina
836 2272 889 2328 tot
910 2281 1087 2328 annorum
1140 2249 1214 2319 Nec
1249 2251 1326 2320 eine
1354 2251 1565 2323 titelestibue
1597 2253 1706 2343 signis
1738 2254 1781 2323 ad
1818 2254 1983 2347 pietatem
2016 2256 2132 2328 vocati

96 2355 271 2425 sustinere
286 2379 359 2424 non
376 2357 584 2446 potuissent.
1141 2366 1240 2421 sunt:
1276 2377 1358 2421 nam
1380 2351 1603 2437 Ludovicus,
1638 2356 1701 2447 qui
1733 2356 1869 2447 primus
1900 2358 1996 2428 inter
2017 2355 2133 2449 Reges

197 2455 375 2529 Recensui
391 2458 596 2550 opinionem
613 2461 888 2530 deFrancorum
903 2474 997 2546 ortu,
1022 2484 1087 2531 au·
1138 2455 1319 2545 amplexus
1341 2469 1392 2522 est
1413 2450 1549 2524 Christi
1572 2456 1790 2541 doctrinam,
1826 2455 1893 2526 hoc
1918 2460 2019 2546 signo
2044 2484 2133 2529 con·

96 2558 215 2650 spiciis
228 2559 328 2647 regni
344 2557 522 2646 Francici,
548 2586 638 2655 quae
652 2563 802 2632 maxime
818 2563 991 2653 probatur
1005 2586 1087 2632 eru.
1138 2557 1297 2626 brmatns
1319 2579 1391 2625 esse
1411 2557 1541 2642 fertur,
1567 2551 1720 2628 habebat
1742 2557 1928 2647 coniugem
1955 2555 2131 2630 Christia-

95 2660 191 2731 ditis.
243 2657 334 2730 Cum
357 2675 475 2731 autem
498 2687 573 2732 non
597 2667 705 2735 modo
726 2661 909 2754 Belgicum
936 2665 1086 2735 invasis.
1140 2681 1241 2743 nam,
1266 2682 1356 2751 quae
1373 2683 1452 2728 cum
1465 2683 1545 2729 eum
1561 2659 1684 2729 sedulo
1700 2654 1902 2731 hortaretur
1915 2663 1957 2730 ad
1974 2661 2049 2731 veri
2061 2658 2132 2731 Dei

95 2775 191 2847 sent,
225 2764 284 2832 sed
309 2764 416 2833 etiam
445 2787 465 2834 a
490 2764 678 2855 Mogontia
699 2768 890 2857 progressi,
920 2789 1088 2858 occupas-
1138 2759 1372 2849 agnitionem,
1397 2773 1431 2829 et
1444 2766 1745 2845 commemoraret,
1772 2760 1909 2832 nullam
1926 2786 1999 2834 esse
2016 2763 2132 2833 virtu·

95 2878 173 2934 sent
198 2863 332 2934 vicinas
359 2864 485 2935 Moeni
510 2869 623 2956 ripas,
659 2866 730 2935 luit
756 2890 794 2934 ea
821 2869 918 2956 regio
943 2870 1087 2959 propria
1141 2875 1211 2931 tem
1229 2861 1426 2952 digniorem
1445 2860 1623 2950 Regibus,
1649 2887 1755 2957 quem
1772 2863 2130 2956 vera'pietateDeum

96 2963 314 3036 Francorum
337 2967 438 3033 sedes
465 2966 503 3031 in
526 2966 709 3054 superiore
732 2962 945 3045 Germania,
980 2992 1086 3060 quam
1140 2963 1274 3048 colere,
1299 2964 1364 3033 etsi
1380 2963 1518 3035 inflexit
1538 2964 1613 3033 eius
1630 2965 1809 3051 animum,
1834 2978 1951 3036 tamen
1969 2981 2130 3037 nonsta-

93 3071 262 3137 adversus
283 3063 525 3148 Alamannos,
563 3063 624 3156 qui
650 3064 818 3136 Sueviam
850 3081 882 3136 et
905 3064 1088 3138 Helvetios
1137 3063 1202 3133 tim
1227 3063 1415 3155 persuasit,
1446 3078 1487 3134 ut
1511 3065 1686 3156 baptismo
1710 3067 1922 3141 initiaretur.
1974 3068 2131 3140 Gerebat

93 3169 282 3248 tenebant,
306 3186 381 3231 non
397 3163 475 3233 sine
489 3166 668 3237 acerrimis
682 3166 826 3258 praeliis
839 3170 1087 3240 defenderunt.
1138 3179 1254 3234 autern
1269 3163 1474 3236 Lmlovicus
1491 3167 1551 3235 ille
1569 3167 1703 3237 bellum
1719 3193 1798 3237 cum
1816 3166 2026 3241 Alemannis
2049 3193 2131 3262 per·

96 3269 219 3358 ltaque
233 3265 294 3333 illa
307 3262 525 3335 Francorum
542 3290 603 3335 arx
621 3267 1012 3360 oppositaAlemannis,
1030 3295 1086 3341 re·
1137 3266 1301 3351 difficile,
1325 3291 1477 3360 cumque
1500 3269 1538 3338 5¹¹
1559 3284 1733 3360 P0⁸lr⁸¹¹¹³
1755 3293 1891 3361 pugna,
1916 3295 2006 3364 ‘1¹¹³‘
2021 3294 2130 3364 ΜΡΝ

28 3428 32 3432 .
95 3368 205 3438 tinuit
221 3364 391 3436 Franciae
408 3390 550 3440 nomen.
589 3366 686 3440 Haec
700 3385 751 3441 est
765 3394 885 3454 causa,
907 3397 971 3441 cur
988 3374 1084 3460 regio
1136 3364 1323 3438 Coloniam
1345 3366 1581 3461 Agrippinam
1612 3372 1796 3440 commissa
1827 3387 1897 3456 est,
1932 3376 2070 3444 turbata
2094 3386 2148 3443 et·

94 3471 140 3538 ad
163 3467 336 3537 Moenum
359 3464 507 3537 Francia
534 3472 726 3540 etiamnum
747 3473 957 3564 adpellenrr.
1014 3476 1084 3546 Sed
1136 3469 1306 3541 inclinata
1323 3468 1540 3542 Francorum
1555 3473 1642 3553 acie,
1660 3473 1808 3542 victoria
1826 3476 2007 3551 videretur
2020 3496 2129 3566 penes

93 3570 297 3640 Aventinus
325 3571 475 3658 negabat
502 3568 658 3641 Francos
688 3575 731 3641 ad
771 3574 942 3643 Moenum
972 3599 1085 3644 novos
1136 3569 1484 3644 Alemannosiutura
1503 3597 1593 3657 esse,
1620 3573 1672 3642 ibi
1688 3572 1891 3644 Ludovicus
1906 3577 2066 3672 clypeum
2082 3576 2129 3647 ad

94 3694 167 3740 esse
182 3671 344 3749 colonos,
371 3685 405 3739 et
418 3670 591 3743 sentiebat
608 3667 671 3741 hos
692 3698 763 3743 csse
789 3676 921 3764 primos
944 3692 1084 3745 autores
1107 3648 1112 3709 Ι
1136 3673 1273 3740 coelum
1307 3673 1456 3758 tollens,
1488 3676 1706 3766 inspectante
1735 3678 1910 3757 exercitu,
1943 3674 2128 3748 Christum

94 3772 227 3862 gentis,
261 3766 353 3840 hanc
374 3794 447 3841 esse
470 3796 550 3842 vera
576 3775 725 3863 patriam
748 3776 862 3865 gentis
884 3776 1084 3861 Francieae,
1107 3714 1111 3857 l
1137 3772 1332 3858 invocavit,
1357 3789 1391 3844 et
1408 3774 1523 3844 Deum
1540 3778 1718 3846 consessus
1736 3778 1876 3866 petivit,
1907 3793 1946 3846 ut
1961 3780 2128 3847 ostende-

95 3888 276 3969 propterea
293 3874 388 3966 quod
407 3872 536 3945 Strabo
551 3871 736 3973 βρίγχους
749 3879 851 3968 ponit
865 3877 960 3946 inter
976 3879 1082 3948 Nori·
1107 3860 1111 3945 i
1136 3888 1187 3943 ret
1210 3896 1246 3943 se
1272 3878 1437 3944 exaudire
1460 3876 1685 3958 invocantes,
1719 3891 1751 3945 et
1772 3878 1974 3966 profligaret
1997 3873 2128 3965 hostes,

94 4000 152 4047 cos
173 3990 207 4046 et
221 3974 444 4060 Vindelicos,
470 3977 597 4069 qamin
617 3979 697 4046 loco
713 3995 747 4047 et
762 3977 953 4048 Suetonius
968 3978 1079 4048 Brea.
1106 3950 1111 4071 l
1136 3988 1328 4066 votumque
1345 3976 1436 4058 lecit,
1463 3998 1499 4043 se
1515 3977 1630 4044 statim
1648 3990 1745 4065 parta
1762 3978 1921 4063 victoria,
1951 3980 2126 4070 baptismo

93 4078 275 4149 cosluisse
290 4091 446 4160 testatur,
470 4078 553 4146 iude
569 4079 752 4170 paululum
770 4103 970 4169 progressos
986 4082 1082 4150 arbi·
1107 4074 1110 4139 l
1138 4074 1361 4144 inilinlurum
1386 4080 1421 4146 el
1442 4098 1478 4144 ὅθ
1503 4089 1536 4146 el
1560 4078 1766 4162 excidium,
1801 4078 1929 4149 deinde
1953 4083 2128 4172 fugitum

92 4179 255 4251 trabatur
270 4181 314 4248 ad
331 4178 454 4273 Moeni
473 4180 584 4269 ripas,
607 4194 641 4251 et
661 4180 790 4248 deinde
807 4180 982 4253 Romanis
1006 4183 1082 4251 bel.
1107 4200 1111 4229 ι
1136 4177 1320 4247 revocavit.
1373 4177 1538 4249 Testatus
1556 4180 1668 4271 igitur
1683 4176 1846 4251 Christus
1867 4206 1903 4250 se
1928 4184 2126 4277 imploran-

92 4282 137 4351 lis
156 4281 195 4350 in
220 4277 402 4370 Belgicam
427 4297 638 4372 pertractos,
665 4305 684 4351 a
708 4306 776 4374 qua
802 4283 974 4353 sententia
999 4309 1084 4376 pro·
1106 4232 1111 4351 l
1136 4292 1185 4348 tes
1209 4303 1312 4371 opem
1335 4281 1381 4348 ab
1404 4281 1480 4371 ipso
1505 4282 1646 4367 iuvare,
1667 4283 1824 4353 reddidit
1844 4284 1982 4355 animos
2000 4287 2126 4360 militi.

90 4382 182 4453 lecto
200 4407 273 4452 non
290 4385 442 4452 multum
461 4378 647 4468 abhorreo,
673 4408 738 4453 nec
754 4384 887 4453 invitus
906 4381 999 4455 hunc
1018 4381 1084 4455 ho·
1106 4354 1111 4449 l
1135 4382 1219 4463 bus,
1250 4404 1290 4450 ac
1311 4384 1473 4453 restituto
1495 4385 1647 4475 praelio,
1681 4398 1778 4456 tanta
1801 4399 1914 4477 strage
1932 4383 2124 4457 Alemanni
2172 4468 2174 4473 ¹

91 4509 215 4555 norem
232 4486 350 4555 tribuo
367 4485 498 4556 nostris
512 4486 667 4570 civibus,
693 4499 730 4555 ut
756 4479 994 4578 αὐτόχθονας
1009 4512 1082 4557 non
1135 4483 1217 4552 victi
1233 4497 1333 4567 sunt,
1358 4501 1396 4554 ut
1414 4486 1595 4556 deditione
1616 4489 1706 4557 facts
1727 4485 1873 4558 Francis
1901 4513 2023 4578 parere
2044 4514 2126 4560 coe-

92 4588 238 4659 eolonos
271 4613 311 4656 ex
344 4588 423 4657 aliis
456 4601 554 4656 ortos
587 4589 752 4676 gentihus
778 4612 851 4656 esse
876 4589 1084 4663 existimem,
1137 4586 1263 4675 perint,
1297 4582 1375 4654 Hoc
1391 4588 1532 4655 initium
1546 4589 1612 4657 fuit
1632 4587 1791 4674 Regibus
1806 4591 1988 4661 Francicis
2004 4593 2126 4661 colen-

91 4686 339 4760 Contendebat
362 4690 466 4760 etiaim
493 4688 692 4758 Aventinus
722 4693 816 4782 apud
840 4689 1081 4760 Ptolemaeum
1135 4691 1200 4756 «tae
1230 4689 1369 4778 pietatis
1392 4682 1634 4773 Christianae,
1665 4690 1804 4759 circiter
1828 4714 1962 4760 annum
1986 4689 2123 4765 Christi

92 4815 157 4883 pro
178 4789 333 4861 Brennis
354 4815 442 4884 quos
473 4791 566 4859 inter
591 4789 761 4860 Noricum
785 4806 819 4861 et
842 4790 1083 4862 Vindelicium
1135 4787 1221 4861 470.
1245 4812 1351 4881 quam
1376 4791 1520 4884 quidem
1545 4805 1662 4882 postea
1692 4814 1804 4861 annos
1835 4793 1987 4881 amplius
2011 4796 2125 4876 mille,

92 4894 243 4963 collocat
259 4893 447 4981 legendum
466 4916 539 4962 esse
551 4887 745 4990 βρὲγχους.
791 4890 838 4963 Et
854 4896 982 4965 citatur
996 4893 1082 4963 Par·
1135 4907 1231 4960 tanta
1258 4892 1454 4961 coristantia
1480 4894 1723 4977 retinuerunt,
1755 4909 1795 4964 nt
1818 4889 1996 4965 Ecclesiae
2015 4893 2124 4968 Chri·
2216 4977 2219 4983 ,

92 4990 236 5067 thenius
252 5009 353 5065 vetus
367 4994 536 5084 scriptor,
562 4994 625 5089 qui
641 4993 796 5063 Francos
817 4996 867 5064 ait
884 5020 957 5065 esse
972 4994 1085 5076 ἔθνος
1134 4995 1267 5062 stianae
1290 5015 1392 5086 saepe
1410 4994 1529 5064 dubiis
1554 4995 1773 5084 temporibus
1794 5018 1922 5085 magno
1945 5000 2123 5091 praesidio

92 5092 253 5170 ἄλπὲων.
509 5098 520 5120 ’
1134 5096 1285 5175 scierint,
1310 5119 1457 5191 eamque
1472 5099 1519 5165 ob
1534 5121 1672 5166 causam
1687 5092 1981 5169 Christianissimi
2001 5102 2125 5195 appel-

196 5197 267 5269 sed
287 5199 368 5289 plus
390 5197 503 5267 laudis
520 5198 624 5267 estin
643 5198 791 5276 virtute,
820 5224 924 5291 quam
946 5200 984 5268 in
1010 5198 1083 5269 ori·
1106 5252 1111 5319 ι
1136 5200 1194 5266 lati
1212 5197 1295 5269 sint.
1348 5199 1418 5268 Nec
1440 5199 1546 5268 armis
1568 5212 1706 5269 tantum
1720 5199 1957 5274 defenderunt
1979 5204 2124 5293 religio-

92 5302 184 5393 gine.
236 5299 328 5372 Cum
346 5300 454 5389 igitur
470 5324 523 5368 res
539 5315 653 5389 gestae
669 5303 855 5370 ostendant
875 5303 982 5370 fuisse
997 5325 1083 5390 gen·
1106 5322 1112 5430 Ι
1136 5324 1233 5382 nem,
1268 5303 1326 5367 secl
1350 5301 1462 5371 multo
1491 5302 1602 5391 magis
1629 5318 1803 5374 ornarunt
1833 5328 1910 5374 eam
1933 5299 2062 5374 scholis
2087 5316 2123 5375 et

93 5407 140 5473 tis
166 5402 356 5474 Francicae
389 5403 616 5473 excellentem
649 5403 836 5483 virtutem,
874 5403 986 5474 simus
1019 5401 1084 5473 hac
1106 5440 1111 5489 t
1135 5404 1334 5493 propagatis
1348 5402 1476 5473 studiis
1491 5405 1530 5473 in
1546 5402 1665 5475 Gallie
1682 5417 1715 5476 et
1730 5403 1936 5480 Germania.

1408 5499 1494 5581 26·
