4756 6022
169 169 246 246 sss
811 161 1047 242 orario
1089 157 1205 294 sur.
1246 157 1580 237 nuusrnm.
2130 166 2207 237 sss

173 339 314 417 Nost.
944 348 946 354 ’
998 366 1048 408 ιιι.
1070 343 1167 409 1352.
1218 348 1254 407 et
1273 358 1341 406 usu
1361 349 1629 429 compererunt,
1659 358 1735 406 non
1756 357 1857 426 posse
1871 338 1986 408 teneri
2002 340 2211 432 tranquilli·

99 526 103 535 Ι
172 455 302 482 Μ
869 464 873 471 ’
1004 452 1165 478 *⁶¹⁸*
1218 450 1325 555 tatem
1337 433 1698 557 Rerumpubliparum
1712 438 1788 508 sine
1803 439 1933 558 scripto
1949 440 2039 513 iure.
2092 437 2212 535 Atque

386 575 548 663 0...
578 573 681 662 a..
714 573 959 662 a...
1219 535 2214 727 assatusfactitatexurat

246 740 325 811 xpus
350 738 461 794 ⁶¹²¹00·
485 735 556 808 Myt.
603 736 710 820 ·²¹³·2
739 736 768 790 ¹¹¹
787 735 941 796 Declamas.
960 737 993 793 T.
1015 738 1036 794 ¹·
1053 737 1169 808 ΡΜ·
1220 765 1311 817 rum.
1375 741 1488 812 Plane
1518 742 1669 813 ridicula
1695 766 1752 811 res
1784 756 1890 827 esset,
1931 745 1961 813 si
1987 747 2064 838 quis
2090 745 2214 815 literas

279 809 398 865 sm·
415 807 449 865 T.
465 808 487 860 ¹'
506 826 534 878 ⁹⁰
601 843 609 861 '
633 815 660 860 ‘⁸
677 805 807 862 Richard.
825 806 862 869 T·
876 807 911 863 Π·
931 827 958 880 ⁹⁸
972 807 1033 864 ⁵3⁶⁹
1221 866 1343 912 omnes
1372 859 1406 913 et
1432 845 1649 928 doctrinam,
1681 868 1771 936 quae
1797 842 2017 915 Medicinam
2042 848 2215 933 continet,

143 938 147 952 ί
180 988 308 1055 oratio
334 988 375 1055 gn
398 986 632 1075 promotione
658 979 858 1055 cumdum
889 983 1170 1070 Iurisconsulti,
1221 943 1356 1013 aboleri
1378 945 1500 1031 vellet,
1530 958 1565 1015 et
1585 969 1625 1013 ex
1648 947 1800 1037 quadam
1824 947 2006 1016 communi
2023 948 2216 1040 prudentia

178 1085 310 1159 bobila
325 1107 350 1156 a
365 1088 476 1157 Doct.
497 1084 701 1157 setatato
727 1089 774 1157 M
776 1093 984 1158 austero:
1007 1091 1080 1158 Res
1095 1106 1171 1156 non
1223 1045 1341 1137 P⁰li¹¹⁸
1361 1046 1500 1115 ⁰⁰⁰⁸¹¹ll
1521 1045 1684 1136 mimi&
1743 1042 1905 1117 0h⁸0⁶²⁰
1930 1049 2034 1141 quale
2050 1049 2214 1120 futurum

1104 1184 1171 1258 mg
1222 1159 1310 1267 esset
1328 1141 1397 1216 hoc
1418 1149 1587 1217 medendi
1606 1169 1735 1238 genus,
1759 1149 1835 1216 sine
1855 1149 2035 1235 doctrina,
2061 1152 2138 1219 sine
2153 1174 2216 1220 ex.

1223 1250 1414 1340 penentia,
1439 1249 1516 1319 siue
1530 1249 1777 1319 observatione
1791 1249 1890 1320 ulla?
1939 1249 2104 1322 Profecto
2119 1247 2216 1323 nihil

449 1423 457 1440 ¹
1223 1349 1321 1420 aliud
1344 1349 1415 1418 nisi
1437 1351 1640 1420 carnificina
1662 1364 1760 1424 esset.
1811 1348 1865 1420 lta
1885 1350 2017 1422 iudicia
2034 1353 2074 1422 in
2088 1355 2216 1425 dome-

183 1441 281 1529 Cum
303 1466 385 1522 ante
404 1444 533 1543 paucos
548 1452 624 1522 dies
638 1453 694 1522 vir
708 1450 921 1523 clarissimus
935 1451 1068 1523 Doctor
1082 1451 1171 1523 Hie-
1224 1452 1349 1520 sticum
1365 1452 1592 1521 latrocinium
1606 1464 1915 1536 converterentur,
1940 1454 1970 1522 si
1983 1454 2060 1523 siue
2076 1455 2214 1546 legibus

182 1578 354 1649 ronymus
369 1568 573 1644 praeceptor
594 1568 715 1623 noster
739 1554 871 1644 optime
887 1556 1054 1640 meritus,
1079 1558 1172 1625 etde
1225 1552 1461 1643 pronunciare
1480 1554 1619 1638 liceret,
1644 1552 1820 1647 quidquid
1841 1567 1902 1625 aut
1915 1555 2045 1641 stulto,
2070 1571 2132 1629 aut
2146 1557 2216 1627 im-

182 1655 428 1746 magnitudine
464 1656 692 1747 professionis
734 1671 875 1726 nostrae
915 1657 1172 1748 sapientissime
1226 1655 1361 1743 perito,
1386 1667 1447 1723 aut
1462 1654 1551 1724 irato
1565 1655 1675 1724 iudici
1690 1655 1729 1721 in
1742 1668 1893 1723 mentem
1912 1656 2059 1728 veniret.
2109 1656 2160 1730 Et
2172 1671 2216 1728 ut

184 1758 330 1841 dixerit,
363 1771 397 1827 et
421 1757 627 1845 gravissima
653 1757 814 1837 oratione
839 1758 1091 1849 negligentiam
1116 1758 1173 1826 di·
1227 1755 1377 1822 maxime
1400 1755 1530 1826 iudicia
1555 1757 1747 1846 prudentes
1767 1757 1906 1826 erboni
1927 1771 2106 1846 tenerent,
2132 1760 2216 1829 inli-

185 1859 357 1930 scentium
381 1857 618 1946 castigaverit,
650 1880 752 1948 spero
775 1882 837 1926 vos
866 1873 1012 1949 propter
1038 1858 1173 1930 autori·
1225 1856 1320 1924 uitae
1352 1856 1446 1926 inter
1477 1852 1543 1925 bos
1576 1856 1810 1926 dissensiones
1842 1858 2035 1931 orirentur.
2094 1860 2216 1931 Multa

184 1975 291 2035 tatem
315 1958 384 2027 viri
408 1958 536 2028 summi
556 1958 708 2028 libenter
729 1959 932 2030 meminisse
950 1961 1027 2031 eius
1042 1960 1174 2032 oratio·
1225 1955 1322 2043 enim
1338 1955 1502 2026 incidunt
1515 1958 1578 2027 ubi
1593 1959 1692 2028 aliud
1715 1956 1796 2026 aliis
1816 1958 1976 2046 videtur,
2002 1962 2112 2055 etqui
2127 1961 2217 2032 velit

184 2063 257 2147 nis,
283 2084 393 2152 eaque
408 2060 455 2129 ita
471 2059 579 2144 affici,
604 2074 644 2130 ut
657 2083 769 2150 genus
781 2060 898 2150 ipsum
913 2062 1095 2131 doetrinae
1112 2084 1173 2131 sua
1225 2057 1371 2146 ingenio
1387 2060 1510 2127 cedere
1524 2082 1625 2129 raros
1639 2059 1718 2128 erit.
1756 2058 1895 2129 Deinde
1909 2074 1949 2131 ut
1963 2055 2113 2134 maxime
2129 2087 2216 2133 cou-

184 2162 429 2252 magnitudine
453 2160 654 2246 metientes,
677 2163 837 2232 statuatis
857 2163 958 2231 vobis
972 2176 1007 2233 et
1023 2163 1172 2231 solidam
1224 2158 1345 2229 veniat
1359 2157 1452 2228 inter
1473 2153 1556 2244 hos,
1580 2159 1643 2252 qui
1661 2161 1920 2250 pronunciant,
1953 2168 2133 2255 quomodo
2150 2191 2217 2257 po?

186 2263 423 2333 eruditionem
444 2264 695 2351 expetendam,
727 2264 826 2332 etad
852 2288 928 2332 eam
955 2287 1174 2356 consequen·
1226 2260 1309 2330 terit
1333 2262 1538 2351 persuaderi
1558 2261 1788 2330 contentiosis
1808 2262 2067 2352 litigatoribus,
2092 2269 2216 2337 rectis-

186 2367 285 2446 dam,
311 2363 468 2431 studium
482 2363 691 2431 acerrimum
709 2365 962 2434 conferendum
976 2388 1060 2438 esse.
1113 2363 1174 2435 Me
1226 2360 1355 2430 simum
1377 2364 1566 2455 essequod
1588 2362 1644 2430 illi
1667 2364 1924 2453 pronunciant,
1955 2366 2026 2435 nisi
2045 2369 2217 2459 scriptum

185 2465 330 2559 quidem
357 2465 471 2554 ipsum
494 2464 596 2532 valde
618 2464 749 2545 movit,
776 2478 811 2533 et
826 2489 947 2535 curam
965 2461 1056 2535 mibi
1075 2465 1175 2535 solli·
1226 2462 1282 2531 ius
1297 2474 1407 2541 extet,
1432 2463 1623 2556 quodcum
1640 2464 2031 2538 sitcommunefoedus
2051 2469 2219 2555 civitatis,

185 2567 448 2657 citudinemque
479 2566 651 2633 maiorem
690 2568 871 2636 accedenti
904 2568 948 2635 ad
982 2567 1101 2636 forum
1140 2580 1175 2636 et
1226 2563 1349 2633 atille
1371 2563 1438 2644 ait,
1479 2565 1649 2653 litigatori
1676 2588 1751 2636 non
1771 2565 1863 2638 licet
1888 2568 1963 2638 eius
1990 2571 2218 2641 autoritatem

183 2664 362 2758 Rempub.
386 2665 629 2735 circumdedit.
689 2664 813 2760 ltaque
834 2669 877 2736 de
898 2662 954 2736 his
968 2668 1054 2758 ipsis
1070 2668 1176 2738 rebus
1227 2666 1431 2737 detrectare.
1481 2662 1572 2735 Nam
1589 2661 1644 2735 bis
1660 2666 1795 2754 legibus
1810 2669 1911 2761 quasi
1926 2683 2116 2761 paetusest
2133 2696 2217 2741 cunr

185 2763 277 2838 nihil
294 2767 798 2840 arbitrabaramedicendum
817 2792 902 2840 esse.
952 2767 1175 2863 Numaeque
1226 2762 1455 2854 Magistratu,
1486 2790 1637 2859 cumque
1663 2765 1892 2859 totaRepub.
1915 2770 2048 2863 nequid
2072 2785 2218 2843 moveat

184 2869 407 2942 autoritatem
436 2868 603 2937 maiorem
627 2873 673 2939 ad
702 2892 765 2939 vos
786 2865 1027 2940 adhortandos
1049 2871 1175 2940 afferre
1227 2880 1440 2936 contraeas.
1497 2864 1621 2959 ltaque
1641 2869 1792 2958 scriptae
1809 2869 1901 2960 leges
1924 2872 2094 2942 muniunt
2118 2873 2217 2942 iudi-

185 2972 370 3067 quisquam
395 2983 526 3060 potest,
558 2995 664 3063 quam
686 2970 747 3040 ille
772 2971 892 3058 affert,
918 2986 1063 3063 propter
1077 2996 1176 3041 sum-
1227 2991 1308 3037 cum
1324 2967 1550 3037 autoritatem
1573 2971 1742 3040 adversus
1760 2971 1942 3062 improbos
1965 2986 1998 3042 et
2013 2975 2217 3043 contentio-

184 3098 278 3142 mam
296 3071 494 3142 doctrinam
521 3084 557 3142 et
579 3071 772 3141 maximum
798 3096 917 3147 rerum
933 3097 1051 3144 usum.
1101 3071 1175 3143 Ne-
1227 3091 1284 3139 sos
1300 3068 1504 3159 litigatores.
1553 3067 1676 3163 Neque
1691 3094 1754 3159 ego
1773 3072 1901 3161 ignoro
1917 3097 2006 3167 quae
2021 3088 2142 3145 contra
2158 3074 2218 3144 di-

185 3197 255 3267 que
286 3172 389 3241 video
421 3172 508 3263 quid
535 3172 607 3241 dici
627 3173 768 3263 gravius
789 3174 827 3243 in
851 3198 892 3245 ea
919 3197 1022 3246 causa
1051 3175 1174 3267 possit.
1225 3184 1372 3256 cantur,
1394 3193 1531 3262 semper
1545 3172 1640 3240 enim
1663 3171 1819 3242 facilium
1838 3189 1890 3246 est
1907 3190 2127 3263 praesentem
2141 3173 2219 3250 Re-

186 3272 366 3361 Quoniam
388 3284 506 3340 autem
527 3267 613 3342 haec
630 3297 732 3343 scena
748 3299 803 3343 me
820 3276 1174 3369 quoqueldicereali-
1226 3273 1394 3364 rumpub.
1416 3283 1545 3343 statum
1570 3266 1840 3364 reprehendere.
1900 3274 1973 3346 Sed
2002 3278 2090 3370 quid
2118 3278 2217 3348 futu-

185 3374 273 3469 quid
305 3373 414 3462 cogit,
454 3384 536 3464 peto
562 3396 582 3441 a
606 3374 726 3459 vobis,
760 3375 844 3468 quia
871 3375 910 3444 iu
935 3372 1032 3446 hunc
1055 3377 1173 3448 locum
1227 3396 1307 3443 rum
1330 3385 1436 3466 esset,
1458 3373 1615 3460 ¹sublatis
1636 3374 1796 3463 legibus?
1846 3373 1886 3447 Si
1915 3377 1992 3446 eius
2024 3392 2136 3450 status
2160 3379 2219 3447 iu·

185 3475 326 3544 ascendi
352 3498 424 3542 non
443 3472 580 3563 privato
602 3473 769 3558 consilio,
800 3476 1076 3547 sedautoritate
1098 3502 1175 3546 am·
1226 3476 1413 3544 commoda
1442 3474 1563 3543 videre
1592 3499 1789 3567 possemus,
1820 3493 2040 3569 praesentem
2064 3481 2217 3549 formam

184 3576 335 3663 plissimi
369 3574 504 3645 ordinis
533 3575 666 3662 nostri,
706 3580 747 3646 ut
780 3600 837 3645 me
863 3568 927 3671 pro
954 3591 1069 3648 vestra
1094 3602 1175 3669 erga
1226 3598 1438 3666 magnopere
1463 3576 1569 3646 nobis
1589 3578 1846 3647 defendendam
1876 3603 1950 3649 esse
1972 3593 2217 3654 statueremus.

186 3672 284 3747 bunc
300 3678 463 3747 ordinem
477 3676 724 3746 benevolentia
746 3678 921 3750 dicentem
944 3678 1173 3771 benigneau-
1225 3673 1394 3769 Exempla
1417 3676 1612 3748 videamus.
1676 3675 1819 3748 Etenim
1850 3704 1924 3749 non
1946 3683 2088 3750 ferenda
2111 3703 2218 3750 arro·

185 3779 304 3849 diatis.
357 3776 499 3848 Institni
516 3792 633 3849 autem
656 3779 836 3872 disputare
858 3781 902 3848 de
924 3782 1075 3873 quadam
1093 3780 1174 3851 vul·
1226 3777 1343 3865 gantis
1359 3792 1427 3863 est,
1453 3782 1498 3848 de
1518 3803 1557 3848 re
1573 3779 1733 3848 omnium
1749 3781 1901 3851 maxima
1922 3782 2218 3852 dissentireasa-

184 3881 260 3972 gari
282 3880 510 3972 persuasione
534 3874 721 3952 hominum
743 3881 818 3951 sive
839 3882 1084 3974 imperitorum
1100 3884 1173 3951 sive
1224 3878 1452 3970 pientissimis
1482 3879 1586 3966 viris,
1617 3881 1680 3974 qui
1701 3883 1878 3985 maximas·
1893 3881 2051 3975 Respub.
2082 3882 2218 3954 cousti-

185 3983 410 4067 invidorum,
442 3983 503 4075 qui
525 3982 581 4053 ius
601 3982 770 4074 scriptum
801 4007 843 4053 ex
866 3984 946 4054 foro
971 3998 1006 4056 et
1030 3984 1173 4054 iudiciis
1225 3993 1381 4054 luerunt.
1438 3980 1587 4051 Nullum
1612 3996 1744 4052 certum
1767 3983 1822 4052 ius
1845 3979 2028 4056 habebant
2041 3980 2217 4070 Athenae,

184 4085 264 4159 eiici
279 4088 406 4156 volunt
421 4100 455 4155 et
470 4084 621 4153 iudicari
632 4101 691 4152 'res
707 4086 786 4154 sine
801 4086 904 4157 certis
924 4086 1061 4174 legibus
1078 4086 1173 4156 arbi·
1225 4081 1344 4175 itaque
1361 4105 1401 4151 ex
1422 4080 1635 4154 iudiciorum
1652 4084 1858 4154 confusione
1879 4087 2052 4155 maximae
2068 4087 2218 4157 seditio-

184 4188 254 4257 trio
280 4210 421 4267 eorum,
453 4185 513 4276 qui
529 4184 660 4252 iudicia
677 4199 847 4258 exercent.
904 4185 994 4254 Nam
1011 4182 1077 4255 bac
1093 4188 1172 4278 opi·
1224 4205 1286 4252 nes
1303 4183 1500 4254 extiterunt.
1552 4182 1625 4254 Nec
1644 4198 1779 4274 poterat
1793 4187 1932 4256 restitui
1948 4188 2100 4260 civitatis
2115 4202 2216 4259 tran-

184 4287 293 4355 nione
313 4289 483 4366 refutata,
508 4284 612 4354 facile
632 4285 784 4374 intelligi
799 4298 929 4376 potest,
954 4281 1023 4355 hoc
1039 4289 1172 4356 doctri·
1224 4283 1401 4376 quillitas,
1427 4284 1497 4352 nisi
1518 4298 1632 4355 certae
1646 4285 1738 4375 leges
1751 4301 1884 4373 essent,
1910 4289 2041 4381 quibus
2063 4310 2216 4383 praepo-

183 4411 251 4455 nae
274 4409 402 4475 genus,
436 4384 569 4476 inquo
599 4407 800 4467 versamur,
831 4382 986 4476 Reipub.
1015 4410 1171 4455 necessa·
1224 4384 1300 4454 sitis
1314 4408 1418 4453 nemo
1434 4400 1551 4474 posset
1565 4387 1669 4457 fidem
1683 4389 1840 4458 iudicum
1854 4390 1892 4458 in
1908 4390 2060 4460 dubium
2076 4413 2215 4466 vocare.

182 4490 276 4558 rium
299 4511 383 4557 esse.
443 4482 618 4553 Nonnulli
639 4507 740 4573 aegre
757 4487 878 4555 ferunt
891 4486 960 4555 sibi
978 4486 1016 4554 in
1029 4487 1171 4557 iudiciis
1224 4483 1321 4554 ldem
1340 4484 1479 4557 Romae
1501 4486 1643 4573 accidit3
1674 4502 1708 4559 et
1732 4491 1876 4583 quidem
1898 4493 2053 4583 populus
2075 4490 2216 4564 Roma-

181 4586 274 4660 nibil
297 4587 398 4683 loqui
423 4586 545 4671 licere,
585 4585 655 4655 nisi
682 4586 809 4658 dictata
846 4611 868 4658 a
899 4585 1169 4659 lureconsultis:
1223 4609 1291 4655 nus
1308 4584 1460 4655 Graecas
1481 4589 1574 4676 leges
1591 4592 1760 4677 describi,
1785 4607 1825 4663 ut
1848 4593 2004 4682 optimae
2020 4608 2126 4688 atque
2143 4588 2217 4665 bn·

182 4706 216 4765 ct
245 4693 328 4784 quia
357 4692 467 4784 pudet
493 4689 590 4760 velut
618 4702 733 4760 mutas
759 4714 928 4781 personas
949 4690 1102 4761 assidere
1129 4691 1169 4758 in
1223 4686 1447 4755 inanissimae
1468 4689 1551 4778 eligi
1573 4707 1736 4781 possent,
1767 4695 1914 4763 curavit.
1966 4692 2087 4783 Quid,
2115 4695 2213 4788 qood

128 4842 132 4849 -
181 4793 341 4878 iudiciis,
380 4816 454 4862 non
487 4794 532 4862 de
565 4791 709 4883 publica
740 4793 908 4874 utilitate,
949 4793 1010 4862 sed
1036 4793 1168 4861 desua
1222 4787 1270 4857 ita
1284 4784 1380 4858 Deus
1394 4788 1468 4879 ipse
1480 4790 1667 4874 iudicavit,
1690 4797 1753 4887 qui
1769 4793 2037 4888 cumRempub.
2053 4793 2216 4868 Ebraeae

180 4895 438 4965 existimatione
465 4893 652 4978 dimicant,
692 4893 815 4963 iubent
837 4894 968 4963 auferri
991 4890 1058 4964 boc
1079 4895 1168 4963 scri·
1221 4890 1334 4979 gentis
1349 4890 1593 4977 constitueret,
1618 4908 1729 4964 certas
1739 4897 1944 4983 legestulit,
1970 4913 2004 4966 et
2021 4923 2062 4966 ex
2079 4900 2215 4991 scripto

180 5009 280 5085 ptum
297 4998 369 5081 ius,
394 5010 435 5067 ut
454 4997 520 5087 ipsi
537 5020 678 5089 quoque
692 5018 813 5087 sapere
828 4995 964 5088 aliquid
987 5009 1167 5085 putentur.
1220 4991 1368 5078 iudicari
1384 4991 1495 5066 iussit.
1547 4993 1759 5088 Quanquam
1784 4997 1925 5068 sirecte
1945 5000 2131 5070 aestimare
2146 5026 2216 5071 vo·

180 5093 472 5187 Etadplaudunt
499 5092 556 5166 his
578 5098 713 5167 indocti
745 5111 850 5190 atque
877 5097 1033 5187 imperiti
1051 5097 1167 5182 multi,
1218 5094 1354 5175 lumus,
1387 5118 1461 5161 non
1486 5089 1551 5164 hae
1570 5110 1706 5166 tantum
1730 5094 1904 5169 Ebraicae
1927 5101 2214 5189 legesdivinitus

180 5200 240 5269 sed
265 5200 461 5270 reclamant
487 5198 643 5289 exempla
668 5213 722 5270 tot
742 5196 1104 5290 Rerumpublicarum
1132 5211 1166 5266 et
1218 5193 1366 5262 traditae
1389 5208 1492 5279 sunt,
1529 5198 1587 5264 sed
1614 5197 1837 5268 sentiendum
1860 5217 1911 5272 est
1935 5228 2016 5271 vere
2032 5203 2214 5274 divinitus

180 5300 521 5395 sapientissimorum
544 5301 720 5388 virorum,
748 5302 821 5394 qui,
831 5301 923 5391 leges
949 5300 1165 5393 scripserunt
1217 5292 1374 5384 Respub.
1397 5297 1502 5366 etiam
1524 5299 1618 5389 apud
1647 5296 1780 5370 Gentes
1797 5305 2003 5376 constitutas
2026 5319 2060 5375 ct
2078 5308 2216 5394 guber·

179 1188 409 1260 iudicandas
441 1187 651 1258 secundum
680 1186 876 1259 arbitrium
900 1187 1064 1275 iudicis,

270 1288 477 1362 secundum
497 1293 684 1381 scriptum
707 1294 776 1362 ius.
834 1290 941 1362 Anno
970 1286 1083 1364 lost.
