4732 6030
231 307 306 381 525
715 289 875 367 naen
914 289 989 364 na
1020 248 1425 364 ruriuaroun
1458 287 1708 368 urruns
1741 294 1774 375 1.
2178 308 2274 388 ‚524

336 471 448 562 Digni
466 480 558 557 certa
581 463 833 555 Imperatores,
859 486 1012 557 quorum
1036 487 1092 534 res
1112 476 1225 553 gestae
1278 461 1341 554 qui
1360 475 1530 533 nontam
1558 464 1728 557 opinione
1747 493 1853 562 quam
1874 485 1972 543 metu
1990 475 2143 563 patriam
2161 482 2277 556 virtu-

235 583 274 647 in
288 568 572 665 singulisharum
587 567 745 656 gentium
759 566 909 637 urbibus
925 566 1227 657 publicequotan-
1278 580 1348 634 tem
1371 563 1616 654 proiicientes,
1648 570 1844 661 quinetiam
1867 573 1952 643 vino
1979 581 2197 676 caeterisque
2219 612 2277 657 re-

237 683 293 749 nis
315 682 565 754 decantentur,
595 670 691 761 quod
714 669 872 759 ipsorum
899 692 1004 759 opera
1023 663 1228 739 Christiana
1278 666 1344 734 bus
1366 667 1410 734 ad
1432 666 1610 737 luxuriam
1623 671 1888 760 pertinentibus
1910 674 2147 769 effoeminati,
2170 690 2278 779 papi-

238 781 361 867 ,213310
378 778 421 861 gp
436 762 670 863 hos‘populos
685 770 839 860 primurn
855 769 901 841 sit
914 771 1092 841 translata.
1128 766 1228 855 Quid
1278 767 1384 836 sticae
1398 767 1562 838 factionis
1576 772 1820 844 crudelitatem
1835 769 2001 848 horrent:
2021 793 2057 852 et
2069 808 2279 881 quanquam

238 896 354 954 autem
369 873 595 946 Elemosinae
609 870 857 951 Constantini,
884 870 972 965 quid
995 871 1158 941 immensi
1175 869 1228 937 la.
1280 871 1411 938 bonam
1436 885 1569 959 partem
1594 871 1777 945 doctrinae
1799 877 2019 967 intelligant,
2050 896 2167 958 tamen
2187 893 2280 984 quia

237 988 341 1065 hores
356 975 497 1061 Caroli,
521 996 733 1065 magnopere
758 973 958 1064 proluerint
982 969 1165 1055 Ecclesiis,
1191 971 1233 1039 in‘
1283 969 1440 1059 imperiis
1454 971 1527 1041 suis
1541 971 1780 1062 periculosum
1795 1001 1869 1047 esse
1882 981 2112 1074 arbitrantur,
2129 1008 2278 1083 propter

239 1085 368 1178 quibus
413 1078 606 1168 impiorum
652 1089 687 1146 et
731 1076 980 1145 sceleratorum
1018 1071 1229 1143 Pontificum
1281 1067 1467 1159 Evangelii
1489 1073 1686 1144 doctrinam
1706 1074 1888 1149 Pontificis
1912 1084 2062 1170 gratiam
2084 1094 2280 1183 repudiari,

239 1187 352 1256 libido
370 1180 596 1249 anteferenda
610 1178 655 1248 sit
671 1177 930 1281 imperatorum
949 1175 1101 1265 legibus,
1125 1189 1231 1266 atque
1281 1194 1407 1260 magna
1430 1172 1583 1244 amentia
1607 1175 1771 1267 impulsi,
1796 1181 1966 1254 adiuvant
1987 1189 2188 1279 saevitiam,
2213 1198 2280 1266 de-

241 1283 509 1374 Magistratibus
527 1283 687 1371 adempta
703 1293 854 1370 potestas
869 1278 916 1346 sit
926 1274 1232 1345 animadvertendi
1281 1274 1435 1344 tendunt
1467 1273 1684 1364 impietatem
1719 1294 1841 1351 contra
1867 1287 2138 1378 conscientiam,
2176 1320 2279 1387 prae-

240 1392 279 1457 in
306 1392 467 1455 doctores
500 1381 648 1471 impios,
682 1381 748 1450 soli
773 1378 998 1469 Magistratui
1020 1379 1058 1446 in
1085 1375 1233 1470 reliquis
1283 1380 1438 1444 texentes
1455 1376 1614 1446 studium
1633 1379 1839 1452 retinendae
1864 1387 2118 1462 ecclesiasticae
2141 1400 2278 1469 autori·

189 1555 193 1567 ,
242 1487 450 1559 marrdatisa
468 1483 544 1554 Deo
560 1483 665 1552 data?
714 1478 825 1550 Multi
847 1493 1016 1572 perpetuo
1032 1479 1111 1550 ocio
1128 1476 1234 1548 etlu-
1284 1477 1376 1549 tatis.
1428 1471 1495 1560 Et,
1521 1482 1617 1570 quod
1642 1482 1885 1572 turpissimum
1908 1502 1960 1559 est
1981 1485 2123 1564 heroico
2145 1502 2278 1586 generi,

243 1592 343 1662 nuria
370 1587 484 1655 effecti
510 1585 658 1653 fuissent
685 1579 873 1672 Epicurei,
904 1581 1109 1651 derisissent
1138 1579 1235 1649 iudi·
1285 1601 1359 1647 uon
1383 1589 1521 1647 tanturn
1537 1575 1731 1651 Ecclesiam
1748 1579 1882 1655 Christi
1903 1609 2129 1680 oppugnant,
2153 1623 2279 1670 verum

244 1696 339 1764 cium
358 1689 434 1767 Dei,
458 1687 670 1754 iudicassent
683 1681 917 1773 Evangelium
933 1683 1135 1752 fabulosum
1151 1702 1234 1752 esse.
1285 1693 1430 1771 propter
1452 1691 1584 1748 melum
1607 1682 1712 1752 eliam
1740 1686 1884 1757 destitui
1908 1711 1927 1757 Ι
1949 1712 1987 1758 ⁸0
2007 1695 2215 1783 Νῧὸἷῡηθῐῦ
2242 1715 2279 1772 et

244 1794 380 1874 Postea,
406 1813 485 1859 cum
498 1790 636 1855 animus
653 1787 814 1875 impurus
830 1796 928 1868 essct,
954 1807 1028 1852 non
1043 1796 1236 1872 temperas-
1286 1781 1463 1851 iusticiam
1483 1775 1759 1877 haudquaquam
1785 1789 1915 1879 pudet,
1939 1795 2035 1883 quod
2050 1796 2117 1865 alia
2136 1802 2277 1870 ratione

246 1910 323 1965 sent
346 1917 382 1960 se
405 1893 450 1960 ab
474 1889 603 1978 apertis
626 1887 804 1956 maleficiis
828 1887 949 1956 etiam:
983 1908 1104 1953 nonne
1127 1883 1236 1953 satius
1287 1905 1406 1972 pacem
1433 1883 1597 1952 factionis
1622 1886 1822 1976 pontificiae
1849 1891 2004 1964 sentiant
2034 1919 2070 1966 se
2100 1901 2275 1972 redimere

245 1999 365 2066 luisset
381 1992 526 2061 servatis
541 1990 695 2059 cultibus
710 1989 901 2066 idolorum,
930 1987 1059 2079 quibus
1074 2007 1235 2055 assuevc-
1287 2007 1360 2052 non
1380 2005 1491 2073 posse·
1698 2056 1701 2061 .

246 2113 327 2168 „m
345 2109 425 2164 Μ
440 2091 609 2163 emtum
634 2089 807 2178 Magnum
823 2087 995 2172 Vandali,
1016 2082 1134 2168 Dani,
1159 2109 1236 2154 cae·
1388 2083 1566 2155 Historiae
1583 2088 1779 2177 affirmant,
1805 2094 1901 2186 quod
1918 2091 2102 2167 Romanos
2122 2125 2187 2192 pro
2204 2127 2278 2173 sce·
2354 2146 2360 2155 ·

247 2201 383 2289 aerique
407 2196 577 2262 idolatrae
601 2191 799 2274 Germani,
832 2191 1002 2282 populum
1033 2187 1179 2258 retineri
1199 2188 1238 2256 in
1288 2185 1360 2254 lere
1393 2185 1550 2275 ipsorum
1578 2201 1760 2283 tantopere
1781 2194 1877 2264 ultus
1900 2196 1945 2266 sit
1968 2192 2077 2284 Otto,
2109 2216 2149 2273 ut
2177 2229 2278 2294 agros

248 2301 377 2377 officio,
402 2311 507 2388 atque
522 2306 614 2363 certa
628 2293 814 2383 disciplina
831 2290 1019 2374 assuefieri,
1043 2303 1083 2360 ut
1096 2289 1239 2360 statuis-
1290 2286 1411 2365 ltaliae
1429 2301 1562 2356 vastare
1582 2315 1655 2361 non
1671 2294 1904 2381 dubitaverit,
1923 2300 2055 2389 oppida
2070 2326 2279 2396 expugnare,

248 2417 299 2472 set
315 2397 380 2467 hos
394 2400 477 2466 deos
491 2392 664 2490 (quorum
682 2394 811 2484 opibus
826 2417 861 2462 se
878 2393 993 2463 iuvari
1010 2385 1239 2482 opinabatur)
1290 2386 1450 2457 consules
1470 2385 1588 2460 Roma
1612 2405 1709 2484 capta
1730 2397 1968 2484 proscribere,
2002 2417 2178 2476 senatores
2199 2431 2277 2477 sus-

248 2500 412 2572 homines
435 2521 498 2587 pro
518 2498 646 2564 scelere
665 2497 824 2586 ipsorum
843 2494 964 2564 ulcisci
985 2494 1091 2562 velle:
1118 2506 1239 2561 contra
1289 2489 1420 2580 pendio
1452 2490 1640 2580 mulctare,
1674 2495 1757 2587 quia
1786 2494 1943 2569 Leonem
1972 2525 2143 2575 consensu
2169 2509 2278 2578 totius

248 2627 332 2673 vero
354 2598 680 2688 obtemperantibus
703 2597 857 2686 praemia
876 2619 949 2664 non
964 2596 1127 2664 defutura
1142 2591 1240 2661 esse?
1291 2589 1433 2658 concilii
1449 2584 1665 2684 Episcopum
1682 2592 1867 2667 Romanae
1880 2595 2058 2673 Ecclesiae
2074 2607 2220 2694 lactum,
2245 2626 2280 2681 et

249 2705 408 2775 Praestat
440 2700 533 2769 euim
566 2699 732 2768 omuibus
763 2698 878 2767 modis
911 2697 1066 2789 aliquam
1093 2693 1239 2764 retineri
1291 2691 1394 2761 toties
1425 2693 1470 2759 ab
1505 2689 1721 2785 Imperatore
1749 2701 1951 2772 restitutum
1985 2705 2022 2773 in
2057 2709 2279 2797 pontificiam

250 2804 492 2898 gigctplinam
545 2823 651 2892 quarn
684 2797 897 2868 Pontificum
938 2797 1092 2867 amentia
1131 2810 1240 2866 totam
1292 2792 1519 2881 dignitatem,
1552 2796 1691 2866 civitate
1717 2799 1842 2871 eiicere
1865 2826 1937 2872 non
1960 2805 2183 2894 desisterent,
2214 2813 2278 2904 qui

152 2958 156 2964 ι
250 2937 269 2981 e
292 2910 426 2978 mundo
448 2903 526 2974 ,0115
550 2901 737 2972 iusticiam·
1291 2889 1530 2963 Octavianum
1553 2896 1741 2989 profugum
1761 2902 1800 2972 in
1824 2905 2007 2998 antiquum
2021 2907 2138 2979 locum
2161 2906 2281 2981 bono-

351 3008 454 3079 Certe
479 3004 695 3075 hortantum
713 3002 980 3090 incommodum
995 2999 1080 3070 satis
1096 3019 1241 3090 perspe·
1292 2995 1342 3065 ris
1365 2995 1503 3064 restitui
1528 2999 1729 3089 cupiebant.
1780 3003 1819 3075 Si
1841 3006 1951 3095 igitur,
1969 3021 2039 3077 tam
2059 3012 2210 3099 graviter
2238 3015 2275 3082 in

251 3105 471 3188 permotio,
495 3122 530 3174 et
546 3107 681 3174 viderat
706 3101 801 3174 haud
822 3103 930 3173 dubie
945 3098 1011 3171 hos
1033 3099 1241 3172 utilissimos
1293 3096 1497 3166 manifestos
1529 3100 1714 3191 religionis
1745 3098 1862 3175 hostes
1895 3109 2144 3182 animadvertit
2176 3111 2279 3201 Otto,

252 3207 479 3284 Constantini
501 3219 534 3274 et
557 3203 676 3274 Caroli
697 3207 835 3273 labores
856 3205 958 3273 facile
982 3204 1158 3294 perituros
1171 3196 1242 3268 Ec·
1293 3223 1364 3291 quo
1381 3199 1506 3268 dolore
1526 3204 1693 3275 adversus
1715 3204 1795 3275 illos
1817 3211 2019 3296 exarsisset,
2051 3236 2138 3307 quos
2159 3216 2196 3284 in
2210 3211 2278 3285 Ec>-

123 3368 128 3375 .
253 3311 403 3397 clasiae,
429 3307 628 3376 nisietsuo
651 3306 964 3394 exemplodoceret
985 3317 1160 3395 posteros,
1187 3302 1242 3370 ius
1293 3298 1418 3369 clesiae
1440 3322 1543 3369 causa
1567 3306 1781 3374 desertorum
1810 3329 1849 3373 ac
1875 3311 2103 3396 proditorum
2133 3342 2280 3388 numero

255 3409 562 3485 arrimadvertendi
593 3408 631 3474 in
660 3404 848 3476 Pontifices
876 3427 981 3496 penes
1010 3403 1242 3495 Imperatores
1293 3401 1415 3470 luisset
1431 3395 1634 3486 habiturus,
1655 3405 1686 3474 si
1699 3405 1886 3475 incolumis
1904 3412 2018 3480 esset?

255 3513 345 3586 esse:¹
372 3526 405 3583 et
420 3513 495 3601 lege
509 3509 613 3578 etiam
627 3508 754 3577 sanciri
770 3521 926 3589 curaret,
949 3505 1135 3576 autoritate
1151 3502 1243 3572 Leo-
1395 3500 1502 3590 Quod
1520 3521 1636 3576 autem
1652 3528 1725 3578 uon
1748 3508 1864 3578 solum
1880 3514 2088 3602 opposuerit
2102 3539 2141 3584 sa
2157 3516 2285 3589 Ponti-

255 3619 313 3690 nis
341 3614 472 3697 octavi,
507 3611 685 3680 nemiuem
716 3610 794 3677 loco
825 3606 1008 3678 Pontificis
1038 3601 1242 3676 habendum
1294 3604 1368 3686 fici,
1400 3609 1632 3678 verumetiam
1666 3609 1792 3679 acriter
1821 3634 1886 3702 pro
1910 3610 2030 3682 Leone
2059 3623 2285 3707 pugnaverit,

255 3743 347 3803 esse,
372 3716 442 3787 nisi
464 3713 652 3784 autoritate
668 3709 894 3802 Imperatoris
916 3722 1004 3779 esset
1020 3708 1243 3790 constitutus,
1295 3706 1439 3798 probari
1462 3721 1595 3799 potest,
1626 3710 1665 3780 id
1686 3710 1816 3782 facturn
1838 3735 1911 3783 esse
1931 3714 1976 3784 ab
1996 3710 2149 3801 Ottone,
2182 3726 2282 3810 quod

253 3847 322 3917 quo
347 3814 493 3889 Ottouis
517 3819 680 3898 decreto,
713 3813 795 3907 quia
819 3836 893 3881 non
915 3811 1012 3882 stetit
1035 3810 1242 3900 Imperator,
1295 3808 1421 3899 impias
1436 3806 1648 3881 Pontificum
1664 3813 1851 3905 opiniones
1868 3815 1905 3883 in
1923 3828 1976 3886 tot
1990 3818 2282 3907 occupationibus

254 3925 317 4020 qui
333 3918 505 3992 Ottonem
520 3931 657 3987 secutus
676 3930 747 4000 est,
774 3911 951 3985 Henricus
966 3912 1121 4006 quintus,
1147 3910 1243 4004 quod
1295 3909 1472 3978 nonsatis
1495 3912 1707 3984 deliberatas
1724 3915 1923 4009 reliquisset
1942 3917 2188 3989 existimandae
2212 3925 2283 3992 toti

255 4025 376 4098 omnia
399 4045 521 4091 rursus
543 4020 728 4096 donaverit
752 4014 908 4101 Calixto,
940 4016 1017 4087 iure
1039 4016 1084 4084 ab
1107 4009 1243 4083 Ottone
1295 4010 1461 4081 concilio:
1489 4028 1523 4084 et
1538 4017 1631 4106 quod
1650 4016 1857 4105 opinaretur
1871 4041 1992 4088 exusu
2007 4015 2184 4090 Ecclesiae
2198 4047 2284 4106 esse,

252 4125 486 4199 Pontificibus
508 4125 683 4201 detracta,
715 4140 838 4186 eorum
867 4141 1015 4186 numero
1044 4111 1244 4199 habebitur,
1295 4126 1346 4193 ut,
1373 4113 1457 4204 quia
1472 4113 1609 4208 Synodi
1625 4119 1727 4190 toties
1745 4118 1822 4206 cogi
1838 4142 1910 4189 non
1925 4134 2078 4212 possent,
2106 4122 2145 4190 in
2159 4116 2286 4195 Eccle*

255 4232 315 4322 qui
337 4237 479 4316 propter
496 4220 707 4308 imperitiam
725 4218 815 4306 lapsi
838 4219 1007 4285 maximas
1031 4216 1243 4285 calamitates
1295 4215 1345 4285 sia
1365 4229 1471 4305 caput
1493 4230 1600 4303 esset,
1625 4243 1646 4288 a
1671 4244 1741 4312 quo
1766 4223 2046 4303 controversiae,
2073 4247 2163 4316 quae
2182 4247 2284 4316 saepe

253 4325 477 4400 Christianae
492 4319 693 4387 intulerunt
706 4314 894 4389 Ecclesiae.
1294 4338 1441 4405 maguae
1466 4332 1642 4409 etgraves
1667 4319 1849 4407 incidunt,
1870 4324 2128 4396 minuerentur.
2179 4325 2286 4396 Acci-

359 4422 531 4512 Maguum
550 4419 657 4507 igitur
679 4420 857 4501 laborem,
881 4430 922 4487 ut
934 4415 1127 4486 Ecclesiam
1144 4417 1245 4487 iuva·
1296 4419 1355 4510 piu
1386 4419 1483 4487 enim
1512 4416 1660 4492 Ottonis
1688 4423 1894 4512 opinionem
1926 4448 2148 4519 nequaquam
2178 4428 2286 4497 luisse

256 4547 328 4615 ret,
354 4524 504 4617 sumpsit
519 4522 586 4591 sibi
601 4517 867 4603 Constantinus,
892 4540 1060 4606 magnum
1077 4517 1159 4586 item
1175 4517 1244 4588 Ca·
1296 4544 1394 4604 eam,
1418 4536 1573 4613 quaeest
1588 4521 1812 4609 Pontificum,
1838 4520 1906 4594 hoc
1929 4540 1992 4616 est,
2020 4528 2199 4619 deprecari
2219 4523 2285 4600 ho-

254 4635 371 4716 rolus,
397 4632 457 4698 sed
476 4625 648 4695 minorem
665 4618 753 4693 Otto
768 4645 1001 4715 nequaquam.
1053 4618 1243 4689 Nonenim
1296 4623 1409 4691 mines
1430 4625 1518 4692 iram
1535 4623 1692 4692 divinam
1717 4625 1941 4696 invocatione
1961 4640 1995 4697 et
2015 4653 2121 4718 opera
2146 4643 2287 4699 sanctu-

254 4737 374 4806 minor
396 4745 448 4800 est
472 4730 603 4810 virtus,
628 4749 733 4818 quam
756 4750 924 4818 quaerere
945 4735 1042 4814 parta
1067 4721 1179 4804 tueri,
1204 4737 1244 4793 ut
1297 4727 1530 4793 rumdeberc.
1580 4721 1717 4795 Docere
1732 4723 1818 4798 haec
1833 4740 2001 4819 poterunt
2016 4753 2072 4798 res
2087 4730 2132 4800 ab
2150 4727 2288 4802 Ottone

255 4838 389 4909 illeait.
445 4833 518 4901 lmo
538 4831 568 4897 si
583 4829 782 4900 audiendus
796 4821 1053 4898 Demosthenes
1066 4837 1134 4894 est:
1155 4828 1243 4895 πολ·
1296 4837 1412 4915 gestae
1437 4826 1474 4894 in
1496 4826 1590 4896 bello
1608 4830 1763 4921 quodam
1786 4826 1937 4899 Gallico.
1990 4829 2173 4923 Principes
2190 4834 2286 4904 enim

255 4937 356 5020 λα’κις
372 4934 476 5010 δοκεῖ
493 4928 568 5031 yoip
590 4923 751 5026 φύλαξαι
772 4927 807 5001 τ’
830 4922 961 5027 ἀγαθὰ
975 4932 1044 4998 τοῦ
1064 4920 1245 4999 misaam
1297 4924 1486 4996 Gallorum
1512 4930 1658 4999 natione
1680 4926 1871 5016 Germani,
1903 4932 1941 5000 id
1967 4946 2037 5017 est,
2070 4930 2217 5019 Franci,
2252 4949 2288 5005 et

251 5033 508 5136 χαλεπώτερον
523 5029 629 5104 εἶναι.
666 5031 818 5117 llocest,
837 5029 983 5099 maioris
997 5030 1245 5119 saepenegocii
1296 5028 1620 5120 propinquitatibus
1661 5031 1843 5102 coniuncti
1878 5030 2087 5124 Imperatori
2119 5032 2289 5106 Conrado

175 5138 178 5142 ’
255 5160 326 5228 est,
361 5138 529 5219 retineri,
562 5157 651 5227 quac
673 5128 852 5207 habentur
879 5135 991 5216 bona,
1025 5156 1132 5224 quarn
1155 5154 1245 5224 quae
1295 5126 1455 5215 Franco,
1482 5131 1539 5200 cui
1553 5145 1764 5202 successerat
1781 5130 1958 5204 chricus
1975 5134 2079 5222 Saxo,
2104 5150 2204 5229 pater
2217 5134 2291 5209 Ot-

254 5271 327 5316 non
343 5239 540 5316 habentur,
569 5258 702 5327 parare.
1296 5232 1390 5300 tonis
1407 5233 1523 5322 primi,
1548 5234 1673 5324 ingens
1692 5235 1871 5320 dicuntur,
1898 5237 2006 5307 lratre
2021 5234 2167 5310 Ottonis
2184 5236 2290 5308 Hen-

353 5343 471 5433 Quam
489 5339 607 5429 igitur,
630 5337 661 5405 si
676 5337 809 5405 viveret
823 5332 926 5422 Otto,
952 5335 1058 5404 vellet
1074 5333 1143 5404 sibi
1155 5331 1244 5400 ami·
1296 5333 1369 5402 rico
1385 5349 1499 5426 capto,
1523 5336 1656 5405 bellum
1672 5332 1934 5409 lecisseOttoni
1949 5338 2169 5430 imperatori,
2191 5345 2289 5435 quod

253 5451 370 5521 citiam
387 5469 459 5516 esse
475 5466 555 5512 cum
572 5439 797 5530 Principibus
813 5453 1016 5511 nostrorum
1033 5450 1246 5528 temporum,
1295 5458 1423 5524 magno
1451 5437 1536 5528 ipsis
1562 5436 1679 5507 dolori
1713 5453 1822 5520 esset,
1865 5440 2041 5531 superiori
2067 5442 2291 5514 Francorum
