4732 6030
275 326 352 398 ott

279 490 564 571 commonefacta,
577 476 779 568 diligentius
794 472 919 562 cogitet
934 493 1053 541 causas
1066 493 1264 540 curaman-

284 603 348 670 dae
363 597 434 664 sint
449 590 557 675 leges,
580 603 644 649 cur
659 574 751 645 hauc
770 574 966 643 doctrinam
983 571 1125 641 retineri
1140 570 1179 638 in
1196 570 1263 637 im·

283 696 392 792 periis
405 708 541 759 necesse
559 683 624 759 sit,
650 681 693 747 de
708 698 776 767 qua
788 674 933 762 vulgus,
954 673 1039 765 quia
1055 684 1180 740 natura
1196 670 1264 737 im-

282 796 419 889 patiens
434 801 485 857 est
499 782 609 865 freni,
631 792 665 848 et
686 777 821 866 legibus
843 775 1047 855 inimicum,
1068 794 1166 840 secus
1182 792 1265 837 sen·

282 899 341 968 tit:
390 886 576 978 disputabo
608 879 720 966 igitur
759 876 892 966 aliquid
928 875 971 941 de
1011 872 1086 960 lege
1118 869 1263 939 Placuit.

281 994 323 1067 G.
340 995 384 1062 de
396 986 550 1062 iudiciis,
576 979 639 1050 ubi
654 978 820 1067 scriptum
836 987 902 1043 est:
939 970 1075 1041 Placuit
1093 971 1131 1038 in
1147 969 1265 1038 omui-

283 1099 351 1165 bus
373 1091 478 1159 rebus
499 1081 721 1176 praecipuam
743 1097 815 1144 esse
834 1073 986 1142 iustitiae
1012 1070 1265 1165 aequitatisque

284 1196 452 1283 scriptae,
484 1208 587 1277 quam
613 1178 723 1247 stricti
745 1175 833 1245 iuris
854 1173 1035 1243 rationem.
1093 1168 1265 1251 Brevitas,

285 1308 327 1365 ut
340 1295 397 1369 lit,
425 1284 560 1378 aliquid
577 1277 635 1347 hic
651 1273 873 1346 obscuritatis
890 1274 1011 1340 adfert.
1049 1268 1137 1339 Nam
1156 1270 1266 1339 usita-

287 1410 362 1463 tum
387 1402 439 1458 est
459 1384 618 1454 strictum
642 1378 695 1445 ius
709 1374 920 1460 intelligere,
942 1371 1110 1461 scriptum
1134 1369 1265 1460 ipsum:

660 303 820 381 DECL.
871 299 944 375 DE
977 297 1236 374 STRlCTO
1269 299 1411 374 lURE
1443 295 1517 370 ET
1550 292 1912 389 adornatus.

2225 300 2307 376 672

1315 491 1394 538 rum
1409 467 1632 538 confusiones
1657 479 1813 536 veterum
1839 467 1955 554 legum
1972 465 2191 538 oblivionem
2208 483 2306 542 attu-

1316 568 1445 643 leruut.
1497 567 1624 637 Postea.
1637 564 1733 637 Deus
1753 566 1910 634 excitatis
1934 568 2036 635 novis
2056 571 2306 656 gubernatori·

1316 670 1382 738 bus
1422 682 1600 760 utcunque
1633 668 1726 757 leges
1761 667 1983 739 instauravit.
2047 670 2100 738 Ac
2133 664 2304 744 historiae

1317 773 1525 851 ostendunt,
1561 767 1792 837 vetustissima
1826 791 1985 859 quaeque
2012 769 2155 839 vincula
2188 773 2304 862 pluri-

1317 893 1414 940 mum
1437 868 1629 939 severitatis
1649 863 1824 937 habuisse.
1876 864 1915 937 Si
1938 880 2052 938 statua
2076 873 2306 961 oppressisset

1318 965 1497 1039 hominem
1512 991 1612 1050 casu,
1637 982 1804 1058 tanquam
1820 969 2021 1037 damnatam
2039 993 2057 1038 e
2076 970 2207 1041 finibus
2222 974 2305 1045 eiici

1316 1069 1484 1160 oportuit.
1522 1067 1573 1137 lta
1589 1068 1646 1136 vel
1659 1066 1804 1136 fortuita
1821 1069 1925 1136 caede
1940 1070 2107 1159 pollutus,
2133 1088 2174 1143 ut
2185 1071 2302 1146 Adra-

1317 1184 1409 1249 stus,
1435 1169 1490 1237 vcl
1508 1168 1569 1261 qui
1584 1167 1803 1258 probabilem
1818 1180 1853 1236 et
1874 1167 1999 1237 iustam
2015 1194 2154 1239 catrsam
2167 1167 2304 1244 habue-

1318 1285 1397 1339 rant
1414 1268 1613 1338 trucidandi
1629 1289 1721 1351 suos,
1745 1280 1785 1337 ut
1801 1264 1995 1337 Alcmaeon
2012 1283 2046 1338 et
2061 1266 2222 1343 Orestes:
2244 1289 2301 1345 ta-

1318 1394 1399 1438 men
1417 1368 1647 1438 eiiciebantur
1663 1392 1705 1436 cx
1720 1366 1819 1437 omni
1834 1370 2087 1439 cousuetudine
2103 1368 2300 1460 bominum,

288 1491 499 1584 aequitatem
523 1503 623 1555 vero,
650 1476 735 1562 legis
757 1473 1011 1559 mitigationem
1036 1471 1266 1559 probabilem,
1319 1472 1529 1539 arcebantur
1552 1492 1671 1537 mensa
1696 1481 1729 1538 ct
1750 1461 1923 1557 hospitio,
1949 1492 2012 1539 nec
2039 1472 2301 1563 recipiebantur

287 1617 361 1663 non
375 1588 553 1676 scriptam,
567 1579 626 1646 sed
643 1572 790 1644 honesto
805 1572 932 1641 iudicis
945 1571 1091 1639 consilio
1102 1583 1135 1639 et
1146 1572 1267 1659 dispu-
1318 1570 1386 1639 nisi
1418 1568 1554 1658 expiata
1587 1570 1692 1637 caede
1719 1568 1840 1635 multis
1873 1582 1908 1637 et
1941 1570 2047 1638 variis
2080 1576 2300 1649 ceremoniis.

287 1693 420 1764 tatione
435 1682 638 1776 quaesitam.
691 1674 891 1763 Torquatus
907 1671 1018 1740 filium
1042 1669 1268 1748 interficiens,
1319 1670 1441 1757 Quid?
1469 1667 1664 1737 Pudicitiae
1686 1668 1789 1755 louge
1809 1668 1923 1737 maior
1943 1662 2056 1740 honos
2078 1673 2146 1743 fuit
2166 1674 2204 1741 in
2228 1676 2301 1765 pri·

288 1793 385 1885 quod
403 1799 522 1855 contra
545 1774 725 1847 dictatoris
743 1775 947 1840 mandatum
966 1794 1044 1837 curu
1067 1764 1165 1838 ltoste
1184 1792 1268 1857 pro-
1303 1770 1388 1837 'mis
1405 1769 1560 1856 legibus,
1585 1791 1690 1859 quarn
1717 1780 1843 1856 postea.
1895 1765 2027 1838 Aeolus
2051 1794 2109 1839 rex
2135 1768 2300 1843 Thusca-

289 1901 435 1959 vocante
451 1880 667 1953 dimicasset,
694 1873 762 1959 legi
781 1872 931 1960 scriptae
952 1869 1084 1958 paruit.
1137 1868 1184 1937 Ar
1203 1864 1266 1936 ho-
1319 1894 1397 1937 rum
1417 1870 1509 1935 filiae
1532 1891 1572 1935 ex
1593 1868 1699 1936 fratre
1722 1868 1885 1955 gravidae
1909 1869 2061 1956 gladium
2086 1870 2196 1956 misit,
2223 1899 2296 1965 quo

289 1989 422 2059 nestius
443 1981 630 2049 videbatur
651 1973 744 2065 quod
763 1972 845 2039 lecit
864 1968 1055 2061 Papyrius,
1077 1968 1141 2060 qui
1157 1968 1267 2037 Fabio
1319 1969 1379 2035 illa
1394 1968 1503 2059 patris
1517 1968 1605 2036 iram
1621 1968 1830 2055 intelligens,
1850 1991 1924 2037 sese
1939 1970 2118 2044 transfixit.
2151 1970 2298 2059 Quanta

289 2088 453 2177 magistro
477 2078 635 2170 equitum
662 2074 701 2140 in
723 2070 830 2140 simili
849 2092 930 2137 casu
952 2068 1085 2135 remisit
1108 2091 1268 2159 poenam,
1319 2070 1482 2138 severitas
1504 2069 1590 2151 fuit,
1614 2069 1710 2160 quod
1734 2068 1867 2155 legibus
1890 2070 2077 2139 duodecim
2098 2074 2298 2142 tabularum

289 2194 496 2277 deprecante
512 2202 575 2268 pro
593 2198 633 2242 eo
649 2174 791 2263 populo.
831 2168 898 2237 llic
913 2168 1041 2257 scripto
1056 2191 1128 2235 non
1143 2168 1268 2257 paruit,
1318 2170 1477 2260 periuros
1492 2170 1536 2237 de
1548 2190 1631 2236 saxo
1646 2166 1798 2257 'l'arpeio
1815 2168 1919 2237 dciici
1942 2171 2123 2260 oportuit?
2156 2169 2202 2241 Et
2219 2197 2299 2264 pos-

289 2296 350 2359 sed
386 2279 639 2368 mitigationem
675 2270 894 2360 probabilem
929 2280 1073 2357 propter
1105 2263 1269 2336 honestas
1318 2284 1396 2339 seut
1417 2268 1527 2337 multa
1546 2268 1832 2351 commemorari,
1856 2292 1946 2360 quae
1964 2274 2155 2341 ostendunt
2176 2274 2299 2362 primis

289 2409 409 2458 causas
425 2377 599 2451 adhibuit.
653 2372 830 2461 Scriptum
847 2370 981 2446 iusest,
1007 2366 1103 2435 usin
1125 2368 1268 2437 sabbato
1318 2368 1445 2438 seculis
1468 2368 1584 2455 legum
1607 2390 1727 2437 carram
1750 2368 1917 2437 maiorem
1938 2370 2064 2451 fuisse,
2091 2373 2298 2463 etdiscipli.

289 2490 374 2555 liant
391 2480 534 2552 serviles
556 2496 693 2565 operae.
745 2468 792 2537 At
806 2469 949 2537 dimicat
965 2467 1003 2534 in
1024 2469 1168 2536 sabbato
1187 2465 1268 2535 Ma·
1319 2492 1401 2536 narn
1429 2468 1646 2556 graviorem,
1678 2490 1767 2560 quse
1797 2483 1890 2539 certe
1912 2471 2022 2540 literis
2046 2466 2298 2561 comprehensa

288 2584 479 2665 chabaeus,
504 2592 538 2648 ct
554 2575 711 2666 sequitur
726 2593 798 2639 non
814 2569 999 2656 scriptum,
1023 2568 1081 2634 sed
1102 2568 1267 2657 probabi·
1318 2570 1395 2640 fuit.

287 2690 356 2756 lem
371 2685 562 2763 rationem,
584 2699 672 2768 quae
687 2674 813 2764 scripta
828 2671 977 2762 quadam
992 2662 1158 2764 ἐπιεικείᾳ
1180 2668 1268 2739 lenit
1419 2667 1628 2740 Retineatur
1659 2691 1741 2758 ergo
1769 2669 1936 2761 scriptum
1968 2670 2040 2754 ius,
2074 2686 2110 2742 et
2136 2673 2297 2741 omnium

287 2804 322 2858 et
346 2785 507 2855 inflectit.
564 2776 779 2846 Huiusmodi
803 2767 957 2863 exempla
985 2773 1096 2841 multa
1129 2769 1267 2840 recitari
1317 2770 1513 2861 sapientum
1529 2772 1804 2859 gubernatorum
1827 2772 2030 2854 autoritate,
2055 2773 2216 2841 omnium
2231 2777 2297 2844 do·

286 2900 444 2979 possunt.
481 2882 521 2952 Si
535 2881 643 2967 igitur
657 2877 815 2945 strictum
830 2898 901 2942 non
919 2874 1015 2942 aliud
1030 2886 1081 2942 est
1095 2872 1165 2941 nisi
1181 2872 1267 2941 scri·
1318 2885 1455 2941 ctorum
1494 2893 1599 2951 voce,
1640 2872 1821 2941 sententiis
1861 2887 1896 2943 et
1936 2872 2045 2942 literis
2078 2873 2296 2945 defendatur.

285 3004 406 3079 ptum,
440 2978 646 3073 perplexitas
668 2978 734 3044 erit
759 2975 798 3042 iu
822 2976 895 3063 lege
911 2971 1060 3042 Placuit.
1102 2970 1180 3041 Etsi
1195 2972 1266 3041 scio
1318 2970 1436 3059 Quam
1475 2971 1682 3041 senteutiam
1718 2986 1757 3041 ut
1788 2973 1956 3043 omnibus
1987 2973 2089 3042 bonis
2121 2975 2296 3043 mentibus

287 3089 419 3153 multos
436 3080 594 3150 cavillari
611 3074 701 3145 hanc
714 3078 842 3163 legem,
867 3086 1078 3141 tamencum
1095 3073 1267 3142 sententia
1318 3073 1413 3143 Deus
1436 3072 1635 3151 confirmet,
1661 3073 1752 3141 veris
1773 3073 1865 3143 votis
1890 3077 2078 3165 petendum
2097 3086 2157 3146 est.
2205 3072 2296 3143 Nam

288 3187 334 3253 sit
349 3206 429 3249 vcra
445 3194 480 3248 et
493 3177 654 3246 salutaris
670 3176 781 3258 vitae,
807 3174 1060 3243 ‹lcfeudendam
1083 3196 1155 3242 csse
1173 3172 1267 3242 duri.
1318 3173 1433 3259 legum
1456 3173 1666 3261 vituperatio
1689 3196 1761 3241 non
1783 3184 1920 3243 tantum
1939 3176 1984 3242 ab
2010 3170 2161 3243 humana
2184 3174 2295 3243 imbe-

288 3284 450 3353 Primum
460 3301 539 3345 vera
557 3288 607 3342 est
622 3270 708 3341 haec
721 3274 913 3356 sententia,
933 3297 1011 3343 curu
1029 3297 1101 3341 non
1118 3268 1267 3341 dubium
1319 3272 1464 3342 cillitate
1477 3286 1511 3341 et
1525 3272 1677 3341 stulticia
1694 3273 1817 3351 oritur,
1837 3274 1897 3339 sed
1913 3295 1933 3336 a
1948 3273 2112 3342 diabolo:
2138 3274 2198 3366 qui
2218 3298 2296 3344 curn

287 3385 332 3455 sit
357 3378 509 3473 praecipi
540 3374 705 3443 mandato
725 3368 811 3449 Dei,
838 3384 880 3439 ut
906 3371 945 3437 in
966 3372 1123 3461 qualibet
1144 3370 1268 3461 politia
1318 3373 1465 3440 molitur
1477 3373 1634 3459 ingentes
1647 3369 1889 3460 dissipationes
1905 3381 1939 3437 et
1953 3372 2190 3457 confusiones,
2213 3374 2295 3446 serit

285 3486 422 3573 legum,
456 3498 605 3571 qrrarum
629 3472 797 3541 autoritas
820 3470 997 3560 probabili
1022 3471 1065 3538 de
1084 3493 1186 3538 causa
1211 3494 1268 3538 re·
1319 3471 1423 3539 iuitio
1440 3472 1554 3560 legum
1573 3470 1746 3553 convicia,
1771 3480 1805 3537 et
1820 3470 2052 3537 reverentiam
2065 3474 2193 3542 animis
2210 3476 2297 3543 levi-

285 3598 384 3675 cepta
401 3594 470 3662 est,
496 3577 572 3646 voci
590 3575 887 3663 obtemperemus,
911 3592 1048 3639 necesse
1066 3583 1117 3639 est
1132 3570 1267 3640 iudices
1320 3572 1387 3639 bus
1402 3572 1546 3641 excutit:
1573 3585 1690 3663 postea
1706 3569 1909 3641 confirmata
1926 3568 2065 3638 licentia
2082 3585 2116 3640 et
2132 3576 2296 3662 petulan-

285 3708 327 3753 ex
343 3683 473 3770 scripto
489 3678 565 3746 iure
579 3672 825 3765 pronunciare,
851 3670 985 3762 alioqui
1000 3694 1168 3763 quorsum
1183 3671 1267 3741 atti·
1319 3671 1367 3741 tia
1391 3694 1537 3760 maguae
1558 3683 1754 3764 mquuntur
1777 3668 1912 3759 politici
1925 3680 2034 3739 status
2056 3671 2191 3745 ruinae.

284 3797 382 3853 neret
396 3777 480 3849 ferri
498 3779 599 3865 leges,
624 3774 655 3843 si
668 3772 845 3841 iudicibus
859 3783 995 3841 tanturn
1008 3772 1128 3840 liceret
1141 3795 1182 3840 ex
1194 3793 1267 3840 sese
1420 3768 1490 3842 Sed
1514 3774 1558 3841 ad
1583 3785 1738 3841 nostram
1759 3770 1997 3861 quaestionem
2020 3772 2134 3843 reden
2187 3770 2230 3839 Si
2252 3797 2296 3841 ex

283 3886 414 3973 lingere
427 3879 631 3971 aequitates,
658 3887 699 3943 ut
713 3895 858 3941 araneae
872 3894 914 3940 ex
931 3895 1003 3942 sese
1017 3872 1102 3941 telas
1117 3874 1266 3942 texunt?
1318 3870 1447 3962 scripto
1463 3873 1541 3942 iure
1559 3871 1865 3963 pronunciandum
1883 3884 1954 3953 est,
1975 3870 2112 3939 videtur
2124 3871 2296 3940 acerrima

281 3982 386 4072 Quos
406 4005 444 4050 ca
468 4002 522 4047 res
542 3976 714 4047 tumultus
737 3973 917 4055 excitaret,
943 3973 973 4040 si
995 3973 1055 4042 alii
1077 3972 1182 4042 aliter
1203 3973 1261 4042 ad·
1317 3972 1427 4043 stricti
1444 3973 1531 4042 iuris
1544 3971 1744 4042 observatio
1757 3970 1902 4062 requiri.
1937 3968 2103 4040 Strictum
2120 3984 2170 4041 est
2186 3971 2298 4055 enim,

279 4086 382 4167 fecti,
418 4100 527 4148 novas
558 4069 746 4151 ἐπιεικείας
772 4071 1147 4142 comminiscerentur?
1196 4070 1267 4141 Vix
1318 4074 1413 4165 quod
1428 4073 1545 4143 verbis
1565 4074 1651 4163 legis
1673 4062 1963 4161 comprehensum
1984 4070 2215 4141 etdefinitum
2230 4084 2296 4140 est:

279 4187 406 4263 etiam,
436 4202 516 4247 cum
539 4188 591 4243 est
606 4192 764 4253 certum,
795 4170 1005 4260 explicatum
1028 4184 1063 4241 et
1082 4172 1266 4241 delinitum
1317 4185 1376 4256 ut,
1399 4195 1562 4263 pugnans
1583 4186 1703 4243 contra
1725 4171 1906 4241 dictatoris
1928 4172 2151 4253 mandatum,
2184 4172 2296 4241 securi

280 4286 358 4363 lus,
384 4280 524 4345 frenum
541 4274 642 4341 iniici
668 4281 780 4360 potest
800 4269 865 4352 iis,
889 4269 951 4361 qui
969 4271 1127 4360 occupati
1148 4273 1266 4364 aliqua
1317 4272 1475 4343 feriatur:
1506 4270 1680 4367 Torquati
1700 4271 1793 4342 lilius
1812 4269 1863 4340 sic
1895 4270 2080 4361 pugnavit:
2110 4272 2163 4339 lex
2190 4271 2295 4360 igitur

283 4377 491 4469 cupiditate,
515 4374 665 4441 eludunt
686 4368 886 4460 perspicuas
901 4370 1010 4456 leges,
1037 4383 1072 4439 et
1092 4384 1266 4461 quaerunt
1316 4387 1484 4445 servetur.
1535 4371 1757 4465 Responderi
1771 4383 1902 4459 potest,
1927 4392 2031 4461 saepe
2046 4372 2132 4442 duas
2154 4384 2294 4442 senten·

280 4506 324 4550 err
341 4474 453 4567 specie
471 4470 556 4539 iuris
576 4482 772 4559 praetextus
786 4469 831 4535 ad
848 4489 946 4535 suam
967 4469 1192 4559 cupiditatem
1208 4494 1265 4541 ar·
1317 4475 1383 4543 tias
1395 4476 1540 4565 scriptas
1555 4496 1649 4557 csse,
1674 4470 1889 4541 acerbiorem
1904 4483 1938 4540 et
1959 4471 2157 4540 mitiorem..
2201 4469 2296 4542 Inter

282 4580 459 4650 mandam.
511 4570 619 4658 Quod
651 4568 745 4637 enim
775 4567 995 4637 arbitrantur
1024 4569 1151 4662 aliqui,
1190 4594 1264 4640 non
1317 4568 1380 4642 has
1404 4576 1525 4644 mitior
1554 4572 1713 4662 eligenda
1739 4584 1800 4641 est.
1851 4568 1924 4640 Nec
1944 4582 2074 4641 temere
2094 4570 2294 4660 tingendam

277 4683 388 4752 fuisse
403 4674 550 4764 scriptas
562 4684 643 4740 ante
657 4668 869 4762 Lycurgum,
888 4668 1099 4756 Draconem,
1122 4683 1183 4740 aut
1197 4669 1264 4741 So·
1316 4696 1388 4743 csse
1409 4674 1641 4768 aequitatem,
1672 4672 1735 4741 scd
1759 4695 1800 4740 ex
1820 4671 1950 4762 scripto
1970 4685 2005 4741 et
2027 4670 2120 4742 reris
2139 4671 2298 4743 fontibus

279 4784 400 4851 ionem
429 4776 471 4845 in
502 4770 667 4853 Graecia,
700 4793 849 4859 magnus
878 4793 978 4841 error
996 4786 1057 4843 est.
1117 4769 1265 4861 Semper
1315 4774 1402 4844 iuris
1416 4773 1621 4845 sumendam
1634 4793 1717 4844 esse.
1752 4770 1801 4843 Ut
1816 4771 1911 4840 enim
1924 4767 2048 4841 Celsus
2064 4768 2297 4844 iurisconsul-

279 4884 374 4974 apud
390 4898 447 4947 eas
463 4886 581 4965 gentos
588 4922 601 4956 ,
616 4871 657 4939 in
672 4870 803 4961 quibus
817 4871 1003 4962 disciplina
1016 4871 1205 4943 mediocris
1230 4886 1264 4943 et
1316 4888 1371 4945 tus
1386 4875 1492 4957 dixit,
1516 4896 1596 4943 cum
1613 4875 1657 4943 de
1677 4873 1772 4941 bono
1788 4884 1822 4941 et
1846 4894 1958 4963 aequo
1974 4873 2171 4964 quaeritur,
2196 4895 2298 4966 saepe

277 4980 439 5053 iusticiae
457 4970 655 5044 reverentia
670 4987 706 5038 ct
726 4972 847 5045 literae
867 4972 1034 5055 fuerunt,
1052 4974 1161 5042 fnisse
1177 4973 1264 5042 scri·
1313 4975 1382 5045 sub
1396 4973 1584 5045 autoritate
1606 4970 1859 5043 iurisscientiae
1876 4971 2070 5062 perniciose
2084 4973 2219 5064 enati,
2243 4974 2298 5043 ri·

276 5098 358 5177 ptas
379 5081 493 5165 leges,
516 5088 632 5144 uetera
651 5087 879 5141 mnumenta
900 5073 1056 5161 plurima
1081 5086 1264 5145 testantur.
1311 5074 1459 5159 delicet,
1479 5098 1560 5145 curn
1574 5074 1719 5166 lingitur
1733 5072 1891 5164 aequitas
1907 5094 1950 5141 er
1969 5072 2194 5143 indoctorum
2209 5074 2299 5144 ima·

278 5186 351 5257 Sed
366 5177 470 5249 bellis
488 5187 522 5242 et
535 5170 788 5241 vastationibus
804 5166 971 5239 fatalibus
985 5194 1107 5243 ornnes
1119 5174 1263 5265 politiae
1309 5175 1511 5265 ginatione,
1534 5199 1610 5246 non
1622 5198 1665 5245 es
1678 5173 1771 5242 veris
1784 5172 1954 5246 lontibus.

274 5286 335 5354 uel
352 5288 545 5375 quassatae,
570 5270 628 5339 vel
637 5278 779 5337 'eversae
792 5278 888 5350 sunt,
910 5283 946 5338 et
959 5272 1098 5361 aliquae
1110 5274 1264 5344 difficul-
1412 5274 1484 5346 Sed
1505 5290 1643 5367 praeter
1663 5269 1756 5344 hanc
1777 5271 2042 5363 responsionem
2066 5265 2134 5343 hoc
2155 5299 2299 5369 qnoque

272 5404 332 5458 ser
344 5400 470 5455 rursus
483 5376 699 5444 instauratae
710 5380 808 5443 sunt.
858 5365 936 5440 Hae
953 5391 1073 5439 renam
1086 5370 1264 5461 hnmqna-
1314 5376 1562 5449 universaliter
1572 5376 1643 5446 dici
1657 5385 1785 5465 potest,
1810 5394 1947 5465 semper
1962 5372 2000 5442 id
2016 5374 2112 5466 quod
2127 5375 2299 5470 scriptum
