<?xml version="1.0" encoding="UTF-8"?>
<!DOCTYPE html PUBLIC "-//W3C//DTD XHTML 1.0 Transitional//EN"
    "http://www.w3.org/TR/xhtml1/DTD/xhtml1-transitional.dtd">
<html xmlns="http://www.w3.org/1999/xhtml" xml:lang="en" lang="en">
 <head>
  <title>
</title>
<meta http-equiv="Content-Type" content="text/html;charset=utf-8" />
  <meta name='ocr-system' content='tesseract 3.04.00' />
  <meta name='ocr-capabilities' content='ocr_page ocr_carea ocr_par ocr_line ocrx_word'/>
</head>
<body>
  <div class='ocr_page' id='page_1' title='image "./philippimelanth21melagoog/philippimelanth21melagoog_0051.png"; bbox 0 0 4756 6022; ppageno 0'>
   <div class='ocr_carea' id='block_1_1' title="bbox 160 117 2310 279">
    <p class='ocr_par' dir='ltr' id='par_1_1' title="bbox 160 117 2310 279">
     <span class='ocr_line' id='line_1_1' title="bbox 160 117 2310 279; baseline -0.001 -29"><span class='ocrx_word' id='word_1_1' title='bbox 160 264 164 279; x_wconf 46' lang='grc'>,</span> <span class='ocrx_word' id='word_1_2' title='bbox 262 144 313 250; x_wconf 79' lang='lat' dir='ltr'><strong>rs</strong></span> <span class='ocrx_word' id='word_1_3' title='bbox 555 140 559 147; x_wconf 83' lang='lat'>&#39;</span> <span class='ocrx_word' id='word_1_4' title='bbox 710 159 712 164; x_wconf 63' lang='grc'><strong>“</strong></span> <span class='ocrx_word' id='word_1_5' title='bbox 1003 158 1577 243; x_wconf 80' lang='lat' dir='ltr'><strong>nucnnaunorans.</strong></span> <span class='ocrx_word' id='word_1_6' title='bbox 2252 117 2310 250; x_wconf 86' lang='grc' dir='ltr'><strong>ιι</strong></span> 
     </span>
    </p>
   </div>
   <div class='ocr_carea' id='block_1_2' title="bbox 263 306 2300 434">
    <p class='ocr_par' dir='ltr' id='par_1_2' title="bbox 263 306 2300 434">
     <span class='ocr_line' id='line_1_2' title="bbox 263 306 2300 434; baseline -0 -21"><span class='ocrx_word' id='word_1_7' title='bbox 263 341 434 417; x_wconf 83' lang='lat' dir='ltr'><strong>sessiones</strong></span> <span class='ocrx_word' id='word_1_8' title='bbox 457 336 674 433; x_wconf 74' lang='lat' dir='ltr'><strong>adsignavit,</strong></span> <span class='ocrx_word' id='word_1_9' title='bbox 704 336 735 406; x_wconf 88' lang='lat' dir='ltr'><strong>si</strong></span> <span class='ocrx_word' id='word_1_10' title='bbox 758 336 858 410; x_wconf 90' lang='lat' dir='ltr'><strong>aliud</strong></span> <span class='ocrx_word' id='word_1_11' title='bbox 880 306 1084 425; x_wconf 69' lang='lat' dir='ltr'><strong>¹videbitur,</strong></span> <span class='ocrx_word' id='word_1_12' title='bbox 1107 337 1164 410; x_wconf 92' lang='lat' dir='ltr'><strong>ius</strong></span> <span class='ocrx_word' id='word_1_13' title='bbox 1188 337 1255 409; x_wconf 92' lang='lat' dir='ltr'><strong>erit</strong></span> <span class='ocrx_word' id='word_1_14' title='bbox 1306 360 1342 407; x_wconf 89' lang='lat' dir='ltr'><strong>se</strong></span> <span class='ocrx_word' id='word_1_15' title='bbox 1359 335 1567 428; x_wconf 79' lang='lat' dir='ltr'><strong>Principum</strong></span> <span class='ocrx_word' id='word_1_16' title='bbox 1581 359 1619 406; x_wconf 92' lang='lat' dir='ltr'><strong>ac</strong></span> <span class='ocrx_word' id='word_1_17' title='bbox 1632 333 1875 415; x_wconf 79' lang='lat' dir='ltr'><strong>multitudinis</strong></span> <span class='ocrx_word' id='word_1_18' title='bbox 1889 351 1953 426; x_wconf 89' lang='lat' dir='ltr'><strong>est,</strong></span> <span class='ocrx_word' id='word_1_19' title='bbox 1977 336 2034 411; x_wconf 86' lang='lat' dir='ltr'><strong>ius</strong></span> <span class='ocrx_word' id='word_1_20' title='bbox 2049 339 2232 434; x_wconf 86' lang='lat' dir='ltr'><strong>scriptum,</strong></span> <span class='ocrx_word' id='word_1_21' title='bbox 2253 341 2300 414; x_wconf 85' lang='lat' dir='ltr'><strong>ad</strong></span> 
     </span>
    </p>
   </div>
   <div class='ocr_carea' id='block_1_3' title="bbox 143 436 2301 538">
    <p class='ocr_par' dir='ltr' id='par_1_3' title="bbox 143 436 2301 538">
     <span class='ocr_line' id='line_1_3' title="bbox 143 436 2301 538; baseline -0.001 -21"><span class='ocrx_word' id='word_1_22' title='bbox 143 463 145 466; x_wconf 74' lang='grc'>’</span> <span class='ocrx_word' id='word_1_23' title='bbox 262 447 418 538; x_wconf 88' lang='lat' dir='ltr'><strong>eripere,</strong></span> <span class='ocrx_word' id='word_1_24' title='bbox 444 445 540 537; x_wconf 86' lang='lat' dir='ltr'><strong>quod</strong></span> <span class='ocrx_word' id='word_1_25' title='bbox 560 441 781 522; x_wconf 90' lang='lat' dir='ltr'><strong>dictumest,</strong></span> <span class='ocrx_word' id='word_1_26' title='bbox 806 440 980 512; x_wconf 89' lang='lat' dir='ltr'><strong>indictum</strong></span> <span class='ocrx_word' id='word_1_27' title='bbox 1001 439 1130 521; x_wconf 81' lang='lat' dir='ltr'><strong>fuerit,</strong></span> <span class='ocrx_word' id='word_1_28' title='bbox 1157 441 1255 534; x_wconf 88' lang='lat' dir='ltr'><strong>quod</strong></span> <span class='ocrx_word' id='word_1_29' title='bbox 1306 463 1427 531; x_wconf 89' lang='lat' dir='ltr'><strong>pacem</strong></span> <span class='ocrx_word' id='word_1_30' title='bbox 1444 436 1614 508; x_wconf 89' lang='lat' dir='ltr'><strong>tuendam</strong></span> <span class='ocrx_word' id='word_1_31' title='bbox 1633 452 1886 531; x_wconf 86' lang='lat' dir='ltr'><strong>comparatum.</strong></span> <span class='ocrx_word' id='word_1_32' title='bbox 1938 439 2014 511; x_wconf 89' lang='lat' dir='ltr'><strong>lam</strong></span> <span class='ocrx_word' id='word_1_33' title='bbox 2028 455 2062 512; x_wconf 93' lang='lat' dir='ltr'><strong>et</strong></span> <span class='ocrx_word' id='word_1_34' title='bbox 2078 442 2235 536; x_wconf 90' lang='lat' dir='ltr'><strong>improbi</strong></span> <span class='ocrx_word' id='word_1_35' title='bbox 2248 443 2301 516; x_wconf 89' lang='lat' dir='ltr'><strong>ci·</strong></span> 
     </span>
    </p>
   </div>
   <div class='ocr_carea' id='block_1_4' title="bbox 202 538 2364 5402">
    <p class='ocr_par' dir='ltr' id='par_1_4' title="bbox 249 538 2364 1852">
     <span class='ocr_line' id='line_1_4' title="bbox 262 538 2301 636; baseline -0.001 -15"><span class='ocrx_word' id='word_1_36' title='bbox 262 551 372 621; x_wconf 89' lang='lat' dir='ltr'><strong>modo</strong></span> <span class='ocrx_word' id='word_1_37' title='bbox 397 559 473 616; x_wconf 92' lang='lat' dir='ltr'><strong>erat</strong></span> <span class='ocrx_word' id='word_1_38' title='bbox 493 556 627 626; x_wconf 88' lang='lat' dir='ltr'><strong>ratum,</strong></span> <span class='ocrx_word' id='word_1_39' title='bbox 656 540 797 613; x_wconf 90' lang='lat' dir='ltr'><strong>irritum</strong></span> <span class='ocrx_word' id='word_1_40' title='bbox 819 543 938 617; x_wconf 83' lang='lat' dir='ltr'><strong>suerit.</strong></span> <span class='ocrx_word' id='word_1_41' title='bbox 990 540 1178 636; x_wconf 82' lang='lat' dir='ltr'><strong>Quidquid</strong></span> <span class='ocrx_word' id='word_1_42' title='bbox 1193 543 1257 610; x_wconf 89' lang='lat' dir='ltr'><strong>de·</strong></span> <span class='ocrx_word' id='word_1_43' title='bbox 1305 564 1365 610; x_wconf 88' lang='lat' dir='ltr'><strong>ves</strong></span> <span class='ocrx_word' id='word_1_44' title='bbox 1387 540 1526 613; x_wconf 78' lang='lat' dir='ltr'>facilius</span> <span class='ocrx_word' id='word_1_45' title='bbox 1550 538 1587 608; x_wconf 91' lang='lat' dir='ltr'><strong>in</strong></span> <span class='ocrx_word' id='word_1_46' title='bbox 1610 539 1772 611; x_wconf 75' lang='lat' dir='ltr'><strong>fortunas</strong></span> <span class='ocrx_word' id='word_1_47' title='bbox 1795 541 1948 614; x_wconf 86' lang='lat' dir='ltr'><strong>aliorum</strong></span> <span class='ocrx_word' id='word_1_48' title='bbox 1967 543 2139 636; x_wconf 90' lang='lat' dir='ltr'><strong>impeturn</strong></span> <span class='ocrx_word' id='word_1_49' title='bbox 2154 541 2301 632; x_wconf 81' lang='lat' dir='ltr'><strong>facient,</strong></span> 
     </span>
     <span class='ocr_line' id='line_1_5' title="bbox 263 640 2301 737; baseline -0.001 -15"><span class='ocrx_word' id='word_1_50' title='bbox 263 648 431 731; x_wconf 84' lang='lat' dir='ltr'><strong>creverit,</strong></span> <span class='ocrx_word' id='word_1_51' title='bbox 454 645 494 713; x_wconf 92' lang='lat' dir='ltr'><strong>in</strong></span> <span class='ocrx_word' id='word_1_52' title='bbox 512 654 619 712; x_wconf 83' lang='lat' dir='ltr'><strong>rento</strong></span> <span class='ocrx_word' id='word_1_53' title='bbox 633 657 666 713; x_wconf 91' lang='lat' dir='ltr'><strong>et</strong></span> <span class='ocrx_word' id='word_1_54' title='bbox 683 644 807 733; x_wconf 89' lang='lat' dir='ltr'><strong>rapida</strong></span> <span class='ocrx_word' id='word_1_55' title='bbox 827 644 979 714; x_wconf 86' lang='lat' dir='ltr'><strong>scribere</strong></span> <span class='ocrx_word' id='word_1_56' title='bbox 996 657 1134 737; x_wconf 82' lang='lat' dir='ltr'><strong>oportet</strong></span> <span class='ocrx_word' id='word_1_57' title='bbox 1149 666 1256 737; x_wconf 88' lang='lat' dir='ltr'><strong>aqua,</strong></span> <span class='ocrx_word' id='word_1_58' title='bbox 1305 667 1387 715; x_wconf 87' lang='lat' dir='ltr'><strong>cum</strong></span> <span class='ocrx_word' id='word_1_59' title='bbox 1412 642 1469 716; x_wconf 84' lang='lat' dir='ltr'><strong>rel</strong></span> <span class='ocrx_word' id='word_1_60' title='bbox 1498 640 1618 711; x_wconf 90' lang='lat' dir='ltr'><strong>nullae</strong></span> <span class='ocrx_word' id='word_1_61' title='bbox 1645 666 1780 735; x_wconf 89' lang='lat' dir='ltr'><strong>poenae</strong></span> <span class='ocrx_word' id='word_1_62' title='bbox 1804 658 1918 715; x_wconf 87' lang='lat' dir='ltr'><strong>certae</strong></span> <span class='ocrx_word' id='word_1_63' title='bbox 1941 645 2208 731; x_wconf 88' lang='lat' dir='ltr'><strong>absterrebuut,</strong></span> <span class='ocrx_word' id='word_1_64' title='bbox 2240 647 2301 720; x_wconf 81' lang='lat' dir='ltr'><strong>rel</strong></span> 
     </span>
     <span class='ocr_line' id='line_1_6' title="bbox 263 741 2364 845; baseline -0.001 -24"><span class='ocrx_word' id='word_1_65' title='bbox 263 747 492 845; x_wconf 88' lang='lat' dir='ltr'><strong>usqueadeo</strong></span> <span class='ocrx_word' id='word_1_66' title='bbox 520 767 597 813; x_wconf 92' lang='lat' dir='ltr'><strong>non</strong></span> <span class='ocrx_word' id='word_1_67' title='bbox 626 745 801 815; x_wconf 80' lang='lat' dir='ltr'><strong>constabit</strong></span> <span class='ocrx_word' id='word_1_68' title='bbox 826 746 915 830; x_wconf 82' lang='lat' dir='ltr'><strong>sibi,</strong></span> <span class='ocrx_word' id='word_1_69' title='bbox 941 757 977 816; x_wconf 88' lang='lat' dir='ltr'><strong>et</strong></span> <span class='ocrx_word' id='word_1_70' title='bbox 999 747 1077 817; x_wconf 90' lang='lat' dir='ltr'><strong>iure</strong></span> <span class='ocrx_word' id='word_1_71' title='bbox 1102 745 1254 817; x_wconf 78' lang='lat' dir='ltr'><strong>subinde</strong></span> <span class='ocrx_word' id='word_1_72' title='bbox 1307 743 1448 815; x_wconf 88' lang='lat' dir='ltr'><strong>inserit</strong></span> <span class='ocrx_word' id='word_1_73' title='bbox 1469 741 1656 817; x_wconf 89' lang='lat' dir='ltr'><strong>incertum.</strong></span> <span class='ocrx_word' id='word_1_74' title='bbox 1707 741 1860 827; x_wconf 88' lang='lat' dir='ltr'><strong>Contra,</strong></span> <span class='ocrx_word' id='word_1_75' title='bbox 1884 746 2046 841; x_wconf 90' lang='lat' dir='ltr'><strong>utiiqui</strong></span> <span class='ocrx_word' id='word_1_76' title='bbox 2066 746 2302 836; x_wconf 77' lang='lat' dir='ltr'><strong>iterfaciunt,</strong></span> <span class='ocrx_word' id='word_1_77' title='bbox 2361 760 2364 765; x_wconf 57' lang='lat'><strong>⁴</strong></span> 
     </span>
     <span class='ocr_line' id='line_1_7' title="bbox 263 841 2300 942; baseline -0.001 -20"><span class='ocrx_word' id='word_1_78' title='bbox 263 863 398 922; x_wconf 89' lang='lat' dir='ltr'><strong>mutato</strong></span> <span class='ocrx_word' id='word_1_79' title='bbox 419 848 458 915; x_wconf 93' lang='lat' dir='ltr'><strong>in</strong></span> <span class='ocrx_word' id='word_1_80' title='bbox 482 845 589 914; x_wconf 90' lang='lat' dir='ltr'><strong>aliam</strong></span> <span class='ocrx_word' id='word_1_81' title='bbox 608 869 644 914; x_wconf 87' lang='lat' dir='ltr'><strong>se</strong></span> <span class='ocrx_word' id='word_1_82' title='bbox 668 846 818 915; x_wconf 85' lang='lat' dir='ltr'><strong>formam</strong></span> <span class='ocrx_word' id='word_1_83' title='bbox 838 841 1002 942; x_wconf 79' lang='grc' dir='ltr'><strong><em>πρότεως</em></strong></span> <span class='ocrx_word' id='word_1_84' title='bbox 1016 870 1115 916; x_wconf 90' lang='lat' dir='ltr'><strong>more</strong></span> <span class='ocrx_word' id='word_1_85' title='bbox 1133 859 1255 921; x_wconf 88' lang='lat' dir='ltr'><strong>vertet.</strong></span> <span class='ocrx_word' id='word_1_86' title='bbox 1306 870 1386 917; x_wconf 91' lang='lat' dir='ltr'><strong>cum</strong></span> <span class='ocrx_word' id='word_1_87' title='bbox 1405 846 1498 914; x_wconf 88' lang='lat' dir='ltr'><strong>viam</strong></span> <span class='ocrx_word' id='word_1_88' title='bbox 1517 843 1677 915; x_wconf 89' lang='lat' dir='ltr'><strong>indicant</strong></span> <span class='ocrx_word' id='word_1_89' title='bbox 1689 844 1921 917; x_wconf 77' lang='lat' dir='ltr'><strong>Mercuriales</strong></span> <span class='ocrx_word' id='word_1_90' title='bbox 1935 862 2090 939; x_wconf 86' lang='lat' dir='ltr'><strong>statuae,</strong></span> <span class='ocrx_word' id='word_1_91' title='bbox 2116 844 2209 919; x_wconf 90' lang='lat' dir='ltr'><strong>nihil</strong></span> <span class='ocrx_word' id='word_1_92' title='bbox 2223 871 2300 920; x_wconf 88' lang='lat' dir='ltr'><strong>me-</strong></span> 
     </span>
     <span class='ocr_line' id='line_1_8' title="bbox 265 946 2301 1068; baseline -0.001 -44"><span class='ocrx_word' id='word_1_93' title='bbox 265 951 348 1024; x_wconf 91' lang='lat' dir='ltr'><strong>Non</strong></span> <span class='ocrx_word' id='word_1_94' title='bbox 365 952 508 1032; x_wconf 93' lang='lat' dir='ltr'><strong>domus,</strong></span> <span class='ocrx_word' id='word_1_95' title='bbox 534 971 607 1015; x_wconf 93' lang='lat' dir='ltr'><strong>non</strong></span> <span class='ocrx_word' id='word_1_96' title='bbox 627 947 748 1032; x_wconf 91' lang='lat' dir='ltr'><strong>liberi,</strong></span> <span class='ocrx_word' id='word_1_97' title='bbox 775 973 847 1017; x_wconf 90' lang='lat' dir='ltr'><strong>non</strong></span> <span class='ocrx_word' id='word_1_98' title='bbox 866 949 1040 1068; x_wconf 61' lang='lat' dir='ltr'><strong>coniurent,</strong></span> <span class='ocrx_word' id='word_1_99' title='bbox 1065 948 1193 1042; x_wconf 88' lang='lat' dir='ltr'><strong>quibus</strong></span> <span class='ocrx_word' id='word_1_100' title='bbox 1210 972 1256 1017; x_wconf 92' lang='lat' dir='ltr'><strong>ne</strong></span> <span class='ocrx_word' id='word_1_101' title='bbox 1306 961 1431 1032; x_wconf 90' lang='lat' dir='ltr'><strong>tuunt,</strong></span> <span class='ocrx_word' id='word_1_102' title='bbox 1455 946 1584 1017; x_wconf 87' lang='lat' dir='ltr'><strong>necubr</strong></span> <span class='ocrx_word' id='word_1_103' title='bbox 1599 961 1737 1031; x_wconf 91' lang='lat' dir='ltr'><strong>errent,</strong></span> <span class='ocrx_word' id='word_1_104' title='bbox 1762 947 1811 1019; x_wconf 90' lang='lat' dir='ltr'><strong>ita</strong></span> <span class='ocrx_word' id='word_1_105' title='bbox 1835 949 1923 1018; x_wconf 90' lang='lat' dir='ltr'><strong>boni</strong></span> <span class='ocrx_word' id='word_1_106' title='bbox 1945 951 2039 1020; x_wconf 89' lang='lat' dir='ltr'><strong>cives</strong></span> <span class='ocrx_word' id='word_1_107' title='bbox 2059 975 2141 1021; x_wconf 91' lang='lat' dir='ltr'><strong>cum</strong></span> <span class='ocrx_word' id='word_1_108' title='bbox 2163 964 2301 1021; x_wconf 86' lang='lat' dir='ltr'><strong>&#39;certum</strong></span> 
     </span>
     <span class='ocr_line' id='line_1_9' title="bbox 264 1048 2301 1143; baseline -0 -19"><span class='ocrx_word' id='word_1_109' title='bbox 264 1051 542 1143; x_wconf 87' lang='lat' dir='ltr'><strong>nostraquidem</strong></span> <span class='ocrx_word' id='word_1_110' title='bbox 559 1048 632 1117; x_wconf 85' lang='lat' dir='ltr'><strong>vrta</strong></span> <span class='ocrx_word' id='word_1_111' title='bbox 646 1050 752 1117; x_wconf 88' lang='lat' dir='ltr'><strong>nobrs</strong></span> <span class='ocrx_word' id='word_1_112' title='bbox 769 1074 884 1120; x_wconf 75' lang='lat' dir='ltr'><strong>carior</strong></span> <span class='ocrx_word' id='word_1_113' title='bbox 898 1065 968 1135; x_wconf 91' lang='lat' dir='ltr'><strong>est</strong></span> <span class='ocrx_word' id='word_1_114' title='bbox 994 1051 1032 1118; x_wconf 88' lang='lat' dir='ltr'><strong>iu</strong></span> <span class='ocrx_word' id='word_1_115' title='bbox 1048 1064 1124 1121; x_wconf 90' lang='lat' dir='ltr'><strong>tuto</strong></span> <span class='ocrx_word' id='word_1_116' title='bbox 1139 1063 1257 1120; x_wconf 81' lang='lat' dir='ltr'><strong>erunt.</strong></span> <span class='ocrx_word' id='word_1_117' title='bbox 1307 1049 1363 1119; x_wconf 91' lang='lat' dir='ltr'><strong>ius</strong></span> <span class='ocrx_word' id='word_1_118' title='bbox 1390 1048 1611 1141; x_wconf 89' lang='lat' dir='ltr'><strong>propositum</strong></span> <span class='ocrx_word' id='word_1_119' title='bbox 1642 1064 1711 1134; x_wconf 91' lang='lat' dir='ltr'><strong>est,</strong></span> <span class='ocrx_word' id='word_1_120' title='bbox 1743 1050 1858 1121; x_wconf 90' lang='lat' dir='ltr'><strong>securi</strong></span> <span class='ocrx_word' id='word_1_121' title='bbox 1879 1053 2031 1142; x_wconf 77' lang='lat' dir='ltr'><strong>degunt,</strong></span> <span class='ocrx_word' id='word_1_122' title='bbox 2064 1076 2144 1121; x_wconf 91' lang='lat' dir='ltr'><strong>cum</strong></span> <span class='ocrx_word' id='word_1_123' title='bbox 2169 1053 2301 1123; x_wconf 87' lang='lat' dir='ltr'><strong>docent</strong></span> 
     </span>
     <span class='ocr_line' id='line_1_10' title="bbox 263 1145 2302 1246; baseline -0 -19"><span class='ocrx_word' id='word_1_124' title='bbox 263 1153 339 1227; x_wconf 83' lang='lat' dir='ltr'><strong>Res</strong></span> <span class='ocrx_word' id='word_1_125' title='bbox 366 1155 480 1222; x_wconf 90' lang='lat' dir='ltr'><strong>bonae</strong></span> <span class='ocrx_word' id='word_1_126' title='bbox 503 1172 646 1234; x_wconf 88' lang='lat' dir='ltr'><strong>omnes,</strong></span> <span class='ocrx_word' id='word_1_127' title='bbox 672 1150 802 1241; x_wconf 87' lang='lat' dir='ltr'><strong>pietas,</strong></span> <span class='ocrx_word' id='word_1_128' title='bbox 834 1145 1055 1235; x_wconf 86' lang='lat' dir='ltr'><strong>humanitas,</strong></span> <span class='ocrx_word' id='word_1_129' title='bbox 1082 1151 1261 1236; x_wconf 88' lang='lat' dir='ltr'><strong>doctrina,</strong></span> <span class='ocrx_word' id='word_1_130' title='bbox 1308 1151 1418 1240; x_wconf 84' lang='lat' dir='ltr'><strong>leges,</strong></span> <span class='ocrx_word' id='word_1_131' title='bbox 1443 1162 1478 1219; x_wconf 89' lang='lat' dir='ltr'><strong>et</strong></span> <span class='ocrx_word' id='word_1_132' title='bbox 1493 1149 1581 1242; x_wconf 78' lang='lat' dir='ltr'><strong>quad</strong></span> <span class='ocrx_word' id='word_1_133' title='bbox 1596 1173 1661 1241; x_wconf 94' lang='lat' dir='ltr'><strong>pro</strong></span> <span class='ocrx_word' id='word_1_134' title='bbox 1682 1173 1718 1220; x_wconf 95' lang='lat' dir='ltr'><strong>se</strong></span> <span class='ocrx_word' id='word_1_135' title='bbox 1733 1174 1883 1246; x_wconf 75' lang='lat' dir='ltr'><strong>quisque</strong></span> <span class='ocrx_word' id='word_1_136' title='bbox 1904 1164 2080 1245; x_wconf 90' lang='lat' dir='ltr'><strong>praestare</strong></span> <span class='ocrx_word' id='word_1_137' title='bbox 2094 1154 2239 1238; x_wconf 91' lang='lat' dir='ltr'><strong>debeat,</strong></span> <span class='ocrx_word' id='word_1_138' title='bbox 2263 1167 2302 1226; x_wconf 84' lang='lat' dir='ltr'><strong>et</strong></span> 
     </span>
     <span class='ocr_line' id='line_1_11' title="bbox 265 1250 2299 1347; baseline -0 -21"><span class='ocrx_word' id='word_1_139' title='bbox 265 1270 424 1347; x_wconf 90' lang='lat' dir='ltr'><strong>artesque</strong></span> <span class='ocrx_word' id='word_1_140' title='bbox 438 1273 642 1334; x_wconf 74' lang='lat' dir='ltr'><strong>universae</strong></span> <span class='ocrx_word' id='word_1_141' title='bbox 664 1275 754 1344; x_wconf 88' lang='lat' dir='ltr'><strong>quae</strong></span> <span class='ocrx_word' id='word_1_142' title='bbox 774 1251 892 1324; x_wconf 90' lang='lat' dir='ltr'><strong>ocium</strong></span> <span class='ocrx_word' id='word_1_143' title='bbox 918 1275 1108 1346; x_wconf 89' lang='lat' dir='ltr'><strong>pacemque</strong></span> <span class='ocrx_word' id='word_1_144' title='bbox 1126 1266 1257 1338; x_wconf 76' lang='lat' dir='ltr'><strong>amant,</strong></span> <span class='ocrx_word' id='word_1_145' title='bbox 1306 1253 1396 1347; x_wconf 90' lang='lat' dir='ltr'><strong>quid</strong></span> <span class='ocrx_word' id='word_1_146' title='bbox 1418 1250 1587 1344; x_wconf 90' lang='lat' dir='ltr'><strong>cuiusque</strong></span> <span class='ocrx_word' id='word_1_147' title='bbox 1608 1250 1657 1322; x_wconf 89' lang='lat' dir='ltr'><strong>sit</strong></span> <span class='ocrx_word' id='word_1_148' title='bbox 1678 1252 1887 1344; x_wconf 88' lang='lat' dir='ltr'><strong>proprium,</strong></span> <span class='ocrx_word' id='word_1_149' title='bbox 1910 1270 1945 1327; x_wconf 86' lang='lat' dir='ltr'><strong>et</strong></span> <span class='ocrx_word' id='word_1_150' title='bbox 1964 1254 2138 1345; x_wconf 79' lang='lat' dir='ltr'><strong>improbis</strong></span> <span class='ocrx_word' id='word_1_151' title='bbox 2161 1267 2299 1333; x_wconf 84' lang='lat' dir='ltr'><strong>certum</strong></span> 
     </span>
     <span class='ocr_line' id='line_1_12' title="bbox 232 1341 2303 1444; baseline -0 -16.992"><span class='ocrx_word' id='word_1_152' title='bbox 232 1341 467 1427; x_wconf 62' lang='lat' dir='ltr'><strong>tentabunt.</strong></span> <span class='ocrx_word' id='word_1_153' title='bbox 504 1357 553 1421; x_wconf 86' lang='lat' dir='ltr'><strong>At</strong></span> <span class='ocrx_word' id='word_1_154' title='bbox 567 1376 647 1423; x_wconf 89' lang='lat' dir='ltr'><strong>cum</strong></span> <span class='ocrx_word' id='word_1_155' title='bbox 664 1345 720 1421; x_wconf 90' lang='lat' dir='ltr'><strong>hrs</strong></span> <span class='ocrx_word' id='word_1_156' title='bbox 734 1352 830 1422; x_wconf 87' lang='lat' dir='ltr'><strong>vrtns</strong></span> <span class='ocrx_word' id='word_1_157' title='bbox 845 1354 937 1444; x_wconf 80' lang='lat' dir='ltr'><strong>leges</strong></span> <span class='ocrx_word' id='word_1_158' title='bbox 949 1355 1167 1440; x_wconf 90' lang='lat' dir='ltr'><strong>medeantur,</strong></span> <span class='ocrx_word' id='word_1_159' title='bbox 1191 1379 1256 1423; x_wconf 92' lang='lat' dir='ltr'><strong>nec</strong></span> <span class='ocrx_word' id='word_1_160' title='bbox 1307 1354 1452 1423; x_wconf 79' lang='lat' dir='ltr'><strong>exitium</strong></span> <span class='ocrx_word' id='word_1_161' title='bbox 1468 1352 1661 1423; x_wconf 92' lang='lat' dir='ltr'><strong>minantur.</strong></span> <span class='ocrx_word' id='word_1_162' title='bbox 1714 1349 1806 1423; x_wconf 88' lang='lat' dir='ltr'><strong>Cum</strong></span> <span class='ocrx_word' id='word_1_163' title='bbox 1825 1367 1942 1427; x_wconf 87' lang='lat' dir='ltr'><strong>autem</strong></span> <span class='ocrx_word' id='word_1_164' title='bbox 1959 1355 2104 1427; x_wconf 75' lang='lat' dir='ltr'><strong>libertas</strong></span> <span class='ocrx_word' id='word_1_165' title='bbox 2119 1350 2266 1425; x_wconf 82' lang='lat' dir='ltr'><strong>nrbrl</strong></span> <span class='ocrx_word' id='word_1_166' title='bbox 2229 1378 2303 1428; x_wconf 79' lang='grc' dir='ltr'>ιιιιι</span> 
     </span>
     <span class='ocr_line' id='line_1_13' title="bbox 264 1453 2303 1549; baseline 0 -21"><span class='ocrx_word' id='word_1_167' title='bbox 264 1456 439 1528; x_wconf 79' lang='lat' dir='ltr'><strong>libertatis</strong></span> <span class='ocrx_word' id='word_1_168' title='bbox 463 1453 559 1525; x_wconf 91' lang='lat' dir='ltr'><strong>ullus</strong></span> <span class='ocrx_word' id='word_1_169' title='bbox 583 1466 761 1543; x_wconf 89' lang='lat' dir='ltr'><strong>praeterea</strong></span> <span class='ocrx_word' id='word_1_170' title='bbox 785 1455 924 1525; x_wconf 85' lang='lat' dir='ltr'><strong>fidelior</strong></span> <span class='ocrx_word' id='word_1_171' title='bbox 942 1456 987 1527; x_wconf 89' lang='lat' dir='ltr'><strong>sit</strong></span> <span class='ocrx_word' id='word_1_172' title='bbox 1008 1472 1143 1540; x_wconf 88' lang='lat' dir='ltr'><strong>custos,</strong></span> <span class='ocrx_word' id='word_1_173' title='bbox 1168 1456 1256 1549; x_wconf 91' lang='lat' dir='ltr'><strong>quid</strong></span> <span class='ocrx_word' id='word_1_174' title='bbox 1307 1478 1414 1524; x_wconf 86' lang='lat' dir='ltr'><strong>ruane</strong></span> <span class='ocrx_word' id='word_1_175' title='bbox 1428 1454 1642 1524; x_wconf 85' lang='lat' dir='ltr'><strong>vocabulum</strong></span> <span class='ocrx_word' id='word_1_176' title='bbox 1658 1454 1721 1540; x_wconf 87' lang='lat' dir='ltr'><strong>sit,</strong></span> <span class='ocrx_word' id='word_1_177' title='bbox 1747 1455 1777 1523; x_wconf 89' lang='lat' dir='ltr'><strong>si</strong></span> <span class='ocrx_word' id='word_1_178' title='bbox 1800 1455 1904 1526; x_wconf 91' lang='lat' dir='ltr'><strong>bonis</strong></span> <span class='ocrx_word' id='word_1_179' title='bbox 1926 1456 2150 1528; x_wconf 85' lang='lat' dir='ltr'><strong>securitatem</strong></span> <span class='ocrx_word' id='word_1_180' title='bbox 2170 1458 2303 1545; x_wconf 82' lang='lat' dir='ltr'><strong>demas,</strong></span> 
     </span>
     <span class='ocr_line' id='line_1_14' title="bbox 264 1552 2302 1648; baseline 0.001 -22"><span class='ocrx_word' id='word_1_181' title='bbox 264 1573 362 1631; x_wconf 81' lang='lat' dir='ltr'><strong>vetat</strong></span> <span class='ocrx_word' id='word_1_182' title='bbox 388 1556 506 1645; x_wconf 84' lang='lat' dir='ltr'><strong>legum</strong></span> <span class='ocrx_word' id='word_1_183' title='bbox 536 1554 707 1624; x_wconf 85' lang='lat' dir='ltr'><strong>beneficio</strong></span> <span class='ocrx_word' id='word_1_184' title='bbox 735 1556 813 1626; x_wconf 80' lang='lat' dir='ltr'><strong>uti?</strong></span> <span class='ocrx_word' id='word_1_185' title='bbox 855 1556 957 1646; x_wconf 89' lang='lat' dir='ltr'><strong>Quae</strong></span> <span class='ocrx_word' id='word_1_186' title='bbox 987 1552 1257 1647; x_wconf 84' lang='lat' dir='ltr'><strong>Magistratibus</strong></span> <span class='ocrx_word' id='word_1_187' title='bbox 1308 1556 1450 1627; x_wconf 88' lang='lat' dir='ltr'><strong>crudele</strong></span> <span class='ocrx_word' id='word_1_188' title='bbox 1478 1554 1624 1625; x_wconf 83' lang='lat' dir='ltr'><strong>suerit</strong></span> <span class='ocrx_word' id='word_1_189' title='bbox 1613 1578 1669 1624; x_wconf 85' lang='lat' dir='ltr'><strong>rus</strong></span> <span class='ocrx_word' id='word_1_190' title='bbox 1696 1556 1866 1648; x_wconf 89' lang='lat' dir='ltr'><strong>scriptum</strong></span> <span class='ocrx_word' id='word_1_191' title='bbox 1894 1580 1914 1627; x_wconf 89' lang='lat' dir='ltr'><strong>e</strong></span> <span class='ocrx_word' id='word_1_192' title='bbox 1944 1559 2063 1628; x_wconf 89' lang='lat' dir='ltr'><strong>medio</strong></span> <span class='ocrx_word' id='word_1_193' title='bbox 2092 1557 2299 1644; x_wconf 86' lang='lat' dir='ltr'><strong>tollere,⁰</strong></span> <span class='ocrx_word' id='word_1_194' title='bbox 2269 1582 2302 1629; x_wconf 76' lang='grc' dir='ltr'><strong>ιι</strong></span> 
     </span>
     <span class='ocr_line' id='line_1_15' title="bbox 265 1656 2352 1755; baseline 0.001 -26"><span class='ocrx_word' id='word_1_195' title='bbox 265 1659 484 1730; x_wconf 85' lang='lat' dir='ltr'><strong>fiduciariam</strong></span> <span class='ocrx_word' id='word_1_196' title='bbox 509 1669 647 1727; x_wconf 91' lang='lat' dir='ltr'><strong>tantum</strong></span> <span class='ocrx_word' id='word_1_197' title='bbox 668 1657 783 1727; x_wconf 88' lang='lat' dir='ltr'><strong>nostri</strong></span> <span class='ocrx_word' id='word_1_198' title='bbox 804 1672 1008 1749; x_wconf 88' lang='lat' dir='ltr'><strong>potestatem</strong></span> <span class='ocrx_word' id='word_1_199' title='bbox 1032 1659 1184 1741; x_wconf 84' lang='lat' dir='ltr'><strong>faciunt,</strong></span> <span class='ocrx_word' id='word_1_200' title='bbox 1216 1671 1258 1732; x_wconf 88' lang='lat' dir='ltr'><strong>ut</strong></span> <span class='ocrx_word' id='word_1_201' title='bbox 1308 1658 1394 1752; x_wconf 91' lang='lat' dir='ltr'><strong>quid</strong></span> <span class='ocrx_word' id='word_1_202' title='bbox 1414 1658 1458 1726; x_wconf 89' lang='lat' dir='ltr'><strong>ad</strong></span> <span class='ocrx_word' id='word_1_203' title='bbox 1482 1656 1704 1726; x_wconf 86' lang='lat' dir='ltr'><strong>securitatem</strong></span> <span class='ocrx_word' id='word_1_204' title='bbox 1729 1657 1767 1726; x_wconf 91' lang='lat' dir='ltr'><strong>iu</strong></span> <span class='ocrx_word' id='word_1_205' title='bbox 1787 1658 1966 1730; x_wconf 77' lang='lat' dir='ltr'><strong>bonmum</strong></span> <span class='ocrx_word' id='word_1_206' title='bbox 1986 1659 2115 1730; x_wconf 81' lang='lat' dir='ltr'><strong>aniuris</strong></span> <span class='ocrx_word' id='word_1_207' title='bbox 2133 1661 2302 1731; x_wconf 88' lang='lat' dir='ltr'><strong>alendam</strong></span> <span class='ocrx_word' id='word_1_208' title='bbox 2348 1750 2352 1755; x_wconf 28' lang='lat'>·</span> 
     </span>
     <span class='ocr_line' id='line_1_16' title="bbox 266 1758 1456 1852; baseline -0.002 -21"><span class='ocrx_word' id='word_1_209' title='bbox 266 1764 324 1833; x_wconf 89' lang='lat' dir='ltr'><strong>ius</strong></span> <span class='ocrx_word' id='word_1_210' title='bbox 343 1771 524 1843; x_wconf 91' lang='lat' dir='ltr'><strong>nostrum,</strong></span> <span class='ocrx_word' id='word_1_211' title='bbox 549 1758 686 1852; x_wconf 88' lang='lat' dir='ltr'><strong>quoties</strong></span> <span class='ocrx_word' id='word_1_212' title='bbox 708 1759 948 1849; x_wconf 88' lang='lat' dir='ltr'><strong>periclitamur</strong></span> <span class='ocrx_word' id='word_1_213' title='bbox 966 1775 1121 1850; x_wconf 90' lang='lat' dir='ltr'><strong>repetere</strong></span> <span class='ocrx_word' id='word_1_214' title='bbox 1144 1760 1257 1832; x_wconf 91' lang='lat' dir='ltr'><strong>liceat.</strong></span> <span class='ocrx_word' id='word_1_215' title='bbox 1309 1760 1456 1830; x_wconf 83' lang='lat' dir='ltr'><strong>confert.</strong></span> 
     </span>
    </p>

    <p class='ocr_par' dir='ltr' id='par_1_5' title="bbox 242 1852 2362 2258">
     <span class='ocr_line' id='line_1_17' title="bbox 242 1852 2362 1954; baseline -0 -19"><span class='ocrx_word' id='word_1_216' title='bbox 242 1858 529 1935; x_wconf 78' lang='lat' dir='ltr'><strong>·Ar1stotelcsrn</strong></span> <span class='ocrx_word' id='word_1_217' title='bbox 548 1861 745 1929; x_wconf 84' lang='lat' dir='ltr'><strong>eudemum</strong></span> <span class='ocrx_word' id='word_1_218' title='bbox 764 1857 905 1950; x_wconf 88' lang='lat' dir='ltr'><strong>Repub.</strong></span> <span class='ocrx_word' id='word_1_219' title='bbox 922 1853 1257 1954; x_wconf 83' lang='lat' dir='ltr'><strong>quaescrrpiorure</strong></span> <span class='ocrx_word' id='word_1_220' title='bbox 1409 1856 1557 1932; x_wconf 82' lang='lat' dir='ltr'><strong>Accedit</strong></span> <span class='ocrx_word' id='word_1_221' title='bbox 1576 1852 1666 1940; x_wconf 86' lang='lat' dir='ltr'><strong>huc,</strong></span> <span class='ocrx_word' id='word_1_222' title='bbox 1693 1859 1790 1952; x_wconf 92' lang='lat' dir='ltr'><strong>quod</strong></span> <span class='ocrx_word' id='word_1_223' title='bbox 1811 1873 1851 1930; x_wconf 92' lang='lat' dir='ltr'><strong>ut</strong></span> <span class='ocrx_word' id='word_1_224' title='bbox 1873 1861 2121 1933; x_wconf 84' lang='lat' dir='ltr'><strong>modestissimi</strong></span> <span class='ocrx_word' id='word_1_225' title='bbox 2137 1858 2301 1934; x_wconf 81' lang='lat' dir='ltr'><strong>homines</strong></span> <span class='ocrx_word' id='word_1_226' title='bbox 2359 1940 2362 1947; x_wconf 51' lang='grc'>,</span> 
     </span>
     <span class='ocr_line' id='line_1_18' title="bbox 266 1956 2301 2059; baseline -0 -24"><span class='ocrx_word' id='word_1_227' title='bbox 266 1963 422 2054; x_wconf 83' lang='lat' dir='ltr'><strong>regitur,-</strong></span> <span class='ocrx_word' id='word_1_228' title='bbox 441 1956 560 2030; x_wconf 92' lang='lat' dir='ltr'><strong>Deos</strong></span> <span class='ocrx_word' id='word_1_229' title='bbox 549 1984 723 2052; x_wconf 73' lang='lat' dir='ltr'><strong>imperare</strong></span> <span class='ocrx_word' id='word_1_230' title='bbox 738 1963 917 2048; x_wconf 85' lang='lat' dir='ltr'><strong>adfirmat</strong></span> <span class='ocrx_word' id='word_1_231' title='bbox 943 1965 1039 2059; x_wconf 91' lang='lat' dir='ltr'><strong>quod</strong></span> <span class='ocrx_word' id='word_1_232' title='bbox 1056 1962 1255 2032; x_wconf 90' lang='lat' dir='ltr'><strong>libertatem</strong></span> <span class='ocrx_word' id='word_1_233' title='bbox 1308 1963 1499 2052; x_wconf 90' lang='lat' dir='ltr'><strong>imperent,</strong></span> <span class='ocrx_word' id='word_1_234' title='bbox 1530 1973 1649 2032; x_wconf 90' lang='lat' dir='ltr'><strong>tamen</strong></span> <span class='ocrx_word' id='word_1_235' title='bbox 1677 1961 1839 2032; x_wconf 82' lang='lat' dir='ltr'><strong>futurum</strong></span> <span class='ocrx_word' id='word_1_236' title='bbox 1863 1962 1928 2048; x_wconf 89' lang='lat' dir='ltr'><strong>sit,</strong></span> <span class='ocrx_word' id='word_1_237' title='bbox 1959 1976 1999 2034; x_wconf 94' lang='lat' dir='ltr'><strong>nt</strong></span> <span class='ocrx_word' id='word_1_238' title='bbox 2022 1964 2107 2034; x_wconf 94' lang='lat' dir='ltr'><strong>de</strong></span> <span class='ocrx_word' id='word_1_239' title='bbox 2096 1990 2174 2036; x_wconf 85' lang='lat' dir='ltr'><strong>rure</strong></span> <span class='ocrx_word' id='word_1_240' title='bbox 2197 1988 2301 2056; x_wconf 86' lang='lat' dir='ltr'><strong>saepe</strong></span> 
     </span>
     <span class='ocr_line' id='line_1_19' title="bbox 265 2018 2301 2156; baseline 0 -20"><span class='ocrx_word' id='word_1_241' title='bbox 265 2067 360 2156; x_wconf 83' lang='lat' dir='ltr'><strong>leges</strong></span> <span class='ocrx_word' id='word_1_242' title='bbox 382 2076 568 2149; x_wconf 86' lang='lat' dir='ltr'><strong>tueantur,</strong></span> <span class='ocrx_word' id='word_1_243' title='bbox 595 2085 665 2155; x_wconf 91' lang='lat' dir='ltr'><strong>qua</strong></span> <span class='ocrx_word' id='word_1_244' title='bbox 689 2056 871 2133; x_wconf 88' lang='lat' dir='ltr'><strong>baudscio</strong></span> <span class='ocrx_word' id='word_1_245' title='bbox 897 2088 944 2132; x_wconf 91' lang='lat' dir='ltr'><strong>an</strong></span> <span class='ocrx_word' id='word_1_246' title='bbox 969 2050 1054 2134; x_wconf 88' lang='lat' dir='ltr'><strong>haec</strong></span> <span class='ocrx_word' id='word_1_247' title='bbox 1070 2064 1142 2134; x_wconf 91' lang='lat' dir='ltr'><strong>vita</strong></span> <span class='ocrx_word' id='word_1_248' title='bbox 1163 2060 1257 2132; x_wconf 90' lang='lat' dir='ltr'><strong>nibil</strong></span> <span class='ocrx_word' id='word_1_249' title='bbox 1308 2063 1535 2147; x_wconf 88' lang='lat' dir='ltr'><strong>dissentiant,</strong></span> <span class='ocrx_word' id='word_1_250' title='bbox 1570 2061 1697 2132; x_wconf 85' lang='lat' dir='ltr'><strong>nisiex</strong></span> <span class='ocrx_word' id='word_1_251' title='bbox 1722 2064 1826 2134; x_wconf 89' lang='lat' dir='ltr'><strong>certis</strong></span> <span class='ocrx_word' id='word_1_252' title='bbox 1846 2018 1982 2155; x_wconf 84' lang='lat' dir='ltr'><strong>legibus</strong></span> <span class='ocrx_word' id='word_1_253' title='bbox 2003 2089 2060 2136; x_wconf 91' lang='lat' dir='ltr'><strong>res</strong></span> <span class='ocrx_word' id='word_1_254' title='bbox 2085 2066 2301 2138; x_wconf 88' lang='lat' dir='ltr'><strong>iudicentur</strong></span> 
     </span>
     <span class='ocr_line' id='line_1_20' title="bbox 269 2159 2301 2258; baseline 0 -20"><span class='ocrx_word' id='word_1_255' title='bbox 269 2167 410 2238; x_wconf 90' lang='lat' dir='ltr'><strong>dulcius</strong></span> <span class='ocrx_word' id='word_1_256' title='bbox 424 2159 559 2238; x_wconf 86' lang='lat' dir='ltr'><strong>habeat.</strong></span> <span class='ocrx_word' id='word_1_257' title='bbox 612 2160 710 2252; x_wconf 85' lang='lat' dir='ltr'><strong>Quid</strong></span> <span class='ocrx_word' id='word_1_258' title='bbox 727 2164 821 2233; x_wconf 89' lang='lat' dir='ltr'><strong>enim</strong></span> <span class='ocrx_word' id='word_1_259' title='bbox 838 2165 1015 2251; x_wconf 83' lang='lat' dir='ltr'><strong>foelicius,</strong></span> <span class='ocrx_word' id='word_1_260' title='bbox 1040 2188 1146 2258; x_wconf 88' lang='lat' dir='ltr'><strong>quam</strong></span> <span class='ocrx_word' id='word_1_261' title='bbox 1162 2165 1258 2235; x_wconf 93' lang='lat' dir='ltr'><strong>iniu-</strong></span> <span class='ocrx_word' id='word_1_262' title='bbox 1309 2163 1412 2253; x_wconf 92' lang='lat' dir='ltr'><strong>Quae</strong></span> <span class='ocrx_word' id='word_1_263' title='bbox 1434 2178 1487 2233; x_wconf 91' lang='lat' dir='ltr'><strong>est</strong></span> <span class='ocrx_word' id='word_1_264' title='bbox 1509 2176 1626 2232; x_wconf 89' lang='lat' dir='ltr'><strong>autem</strong></span> <span class='ocrx_word' id='word_1_265' title='bbox 1649 2164 1756 2252; x_wconf 87' lang='lat' dir='ltr'><strong>pestis</strong></span> <span class='ocrx_word' id='word_1_266' title='bbox 1774 2164 1975 2236; x_wconf 87' lang='lat' dir='ltr'><strong>civitatibus</strong></span> <span class='ocrx_word' id='word_1_267' title='bbox 1992 2167 2226 2258; x_wconf 88' lang='lat' dir='ltr'><strong>perniciosior</strong></span> <span class='ocrx_word' id='word_1_268' title='bbox 2242 2168 2301 2239; x_wconf 90' lang='lat' dir='ltr'><strong>in·</strong></span> 
     </span>
    </p>

    <p class='ocr_par' dir='ltr' id='par_1_6' title="bbox 232 2261 2301 2559">
     <span class='ocr_line' id='line_1_21' title="bbox 232 2261 2301 2360; baseline 0.001 -22"><span class='ocrx_word' id='word_1_269' title='bbox 232 2279 242 2299; x_wconf 82' lang='lat'><strong><em>‘</em></strong></span> <span class='ocrx_word' id='word_1_270' title='bbox 266 2270 341 2339; x_wconf 92' lang='lat' dir='ltr'><strong>riae</strong></span> <span class='ocrx_word' id='word_1_271' title='bbox 358 2279 453 2336; x_wconf 90' lang='lat' dir='ltr'><strong>metu</strong></span> <span class='ocrx_word' id='word_1_272' title='bbox 465 2289 600 2351; x_wconf 82' lang='lat' dir='ltr'><strong>vacare,</strong></span> <span class='ocrx_word' id='word_1_273' title='bbox 620 2267 854 2360; x_wconf 88' lang='lat' dir='ltr'><strong>societateque</strong></span> <span class='ocrx_word' id='word_1_274' title='bbox 868 2261 1054 2338; x_wconf 91' lang='lat' dir='ltr'><strong>bominum</strong></span> <span class='ocrx_word' id='word_1_275' title='bbox 1071 2281 1146 2338; x_wconf 89' lang='lat' dir='ltr'><strong>tuto</strong></span> <span class='ocrx_word' id='word_1_276' title='bbox 1164 2266 1259 2336; x_wconf 82' lang='lat' dir='ltr'><strong>frui?</strong></span> <span class='ocrx_word' id='word_1_277' title='bbox 1308 2265 1434 2337; x_wconf 86' lang='lat' dir='ltr'><strong>testina</strong></span> <span class='ocrx_word' id='word_1_278' title='bbox 1459 2264 1660 2333; x_wconf 83' lang='lat' dir='ltr'><strong>discordia?</strong></span> <span class='ocrx_word' id='word_1_279' title='bbox 1690 2262 1790 2352; x_wconf 88' lang='lat' dir='ltr'><strong>Quas</strong></span> <span class='ocrx_word' id='word_1_280' title='bbox 1812 2261 1898 2337; x_wconf 87' lang='lat' dir='ltr'><strong>baec</strong></span> <span class='ocrx_word' id='word_1_281' title='bbox 1916 2269 2021 2339; x_wconf 88' lang='lat' dir='ltr'><strong>urbes</strong></span> <span class='ocrx_word' id='word_1_282' title='bbox 2043 2293 2119 2339; x_wconf 90' lang='lat' dir='ltr'><strong>non</strong></span> <span class='ocrx_word' id='word_1_283' title='bbox 2137 2271 2301 2342; x_wconf 81' lang='lat' dir='ltr'><strong>funditus</strong></span> 
     </span>
     <span class='ocr_line' id='line_1_22' title="bbox 266 2363 2300 2465; baseline 0 -25"><span class='ocrx_word' id='word_1_284' title='bbox 266 2369 426 2440; x_wconf 87' lang='lat' dir='ltr'><strong>Proinde</strong></span> <span class='ocrx_word' id='word_1_285' title='bbox 451 2367 513 2435; x_wconf 93' lang='lat' dir='ltr'><strong>ille</strong></span> <span class='ocrx_word' id='word_1_286' title='bbox 545 2390 591 2459; x_wconf 83' lang='lat' dir='ltr'><strong>ne</strong></span> <span class='ocrx_word' id='word_1_287' title='bbox 623 2367 718 2436; x_wconf 92' lang='lat' dir='ltr'><strong>bono</strong></span> <span class='ocrx_word' id='word_1_288' title='bbox 746 2368 888 2460; x_wconf 91' lang='lat' dir='ltr'><strong>quidem</strong></span> <span class='ocrx_word' id='word_1_289' title='bbox 919 2369 996 2437; x_wconf 91' lang='lat' dir='ltr'><strong>viro</strong></span> <span class='ocrx_word' id='word_1_290' title='bbox 1019 2368 1095 2438; x_wconf 90' lang='lat' dir='ltr'><strong>sine</strong></span> <span class='ocrx_word' id='word_1_291' title='bbox 1123 2368 1259 2457; x_wconf 80' lang='lat' dir='ltr'><strong>legibus</strong></span> <span class='ocrx_word' id='word_1_292' title='bbox 1309 2366 1460 2437; x_wconf 85' lang='lat' dir='ltr'><strong>evertit?</strong></span> <span class='ocrx_word' id='word_1_293' title='bbox 1491 2363 1611 2454; x_wconf 90' lang='lat' dir='ltr'><strong>Quare</strong></span> <span class='ocrx_word' id='word_1_294' title='bbox 1626 2366 1726 2436; x_wconf 92' lang='lat' dir='ltr'><strong>nulla</strong></span> <span class='ocrx_word' id='word_1_295' title='bbox 1741 2380 1813 2436; x_wconf 89' lang='lat' dir='ltr'><strong>tarn</strong></span> <span class='ocrx_word' id='word_1_296' title='bbox 1827 2391 1937 2460; x_wconf 88' lang='lat' dir='ltr'><strong>parva</strong></span> <span class='ocrx_word' id='word_1_297' title='bbox 1951 2393 2007 2438; x_wconf 90' lang='lat' dir='ltr'><strong>res</strong></span> <span class='ocrx_word' id='word_1_298' title='bbox 2022 2384 2093 2455; x_wconf 88' lang='lat' dir='ltr'><strong>est,</strong></span> <span class='ocrx_word' id='word_1_299' title='bbox 2117 2395 2205 2465; x_wconf 86' lang='lat' dir='ltr'><strong>quae</strong></span> <span class='ocrx_word' id='word_1_300' title='bbox 2220 2396 2300 2442; x_wconf 88' lang='lat' dir='ltr'><strong>mo·</strong></span> 
     </span>
     <span class='ocr_line' id='line_1_23' title="bbox 266 2467 2300 2559; baseline 0.002 -20"><span class='ocrx_word' id='word_1_301' title='bbox 266 2469 444 2559; x_wconf 87' lang='lat' dir='ltr'><strong>Rempub.</strong></span> <span class='ocrx_word' id='word_1_302' title='bbox 462 2468 623 2538; x_wconf 91' lang='lat' dir='ltr'><strong>mandari</strong></span> <span class='ocrx_word' id='word_1_303' title='bbox 638 2468 785 2558; x_wconf 88' lang='lat' dir='ltr'><strong>patitur:</strong></span> <span class='ocrx_word' id='word_1_304' title='bbox 820 2468 889 2540; x_wconf 87' lang='lat' dir='ltr'><strong>Sed</strong></span> <span class='ocrx_word' id='word_1_305' title='bbox 907 2471 1013 2541; x_wconf 90' lang='lat' dir='ltr'><strong>recita</strong></span> <span class='ocrx_word' id='word_1_306' title='bbox 1037 2472 1156 2543; x_wconf 89' lang='lat' dir='ltr'><strong>verba.</strong></span> <span class='ocrx_word' id='word_1_307' title='bbox 1309 2472 1355 2540; x_wconf 91' lang='lat' dir='ltr'><strong>do</strong></span> <span class='ocrx_word' id='word_1_308' title='bbox 1373 2470 1417 2537; x_wconf 94' lang='lat' dir='ltr'><strong>ad</strong></span> <span class='ocrx_word' id='word_1_309' title='bbox 1433 2467 1658 2536; x_wconf 88' lang='lat' dir='ltr'><strong>concordiam</strong></span> <span class='ocrx_word' id='word_1_310' title='bbox 1675 2472 1950 2545; x_wconf 86' lang='lat' dir='ltr'><strong>conservandam</strong></span> <span class='ocrx_word' id='word_1_311' title='bbox 1968 2474 2164 2543; x_wconf 88' lang='lat' dir='ltr'><strong>conducere</strong></span> <span class='ocrx_word' id='word_1_312' title='bbox 2177 2472 2300 2543; x_wconf 88' lang='lat' dir='ltr'><strong>videa-</strong></span> 
     </span>
    </p>

    <p class='ocr_par' dir='ltr' id='par_1_7' title="bbox 266 2565 2320 4991">
     <span class='ocr_line' id='line_1_24' title="bbox 375 2565 2301 2664; baseline 0.005 -30"><span class='ocrx_word' id='word_1_313' title='bbox 375 2569 506 2640; x_wconf 90' lang='lat' dir='ltr'><strong>Verum</strong></span> <span class='ocrx_word' id='word_1_314' title='bbox 520 2571 614 2641; x_wconf 88' lang='lat' dir='ltr'><strong>dicet</strong></span> <span class='ocrx_word' id='word_1_315' title='bbox 629 2570 757 2662; x_wconf 90' lang='lat' dir='ltr'><strong>aliquis</strong></span> <span class='ocrx_word' id='word_1_316' title='bbox 774 2571 926 2659; x_wconf 83' lang='lat' dir='ltr'><strong>maligne</strong></span> <span class='ocrx_word' id='word_1_317' title='bbox 940 2596 996 2639; x_wconf 92' lang='lat' dir='ltr'><strong>me</strong></span> <span class='ocrx_word' id='word_1_318' title='bbox 1013 2572 1055 2640; x_wconf 91' lang='lat' dir='ltr'><strong>de</strong></span> <span class='ocrx_word' id='word_1_319' title='bbox 1069 2565 1258 2641; x_wconf 87' lang='lat' dir='ltr'><strong>hominum</strong></span> <span class='ocrx_word' id='word_1_320' title='bbox 1309 2583 1387 2652; x_wconf 87' lang='lat' dir='ltr'><strong>tur,</strong></span> <span class='ocrx_word' id='word_1_321' title='bbox 1413 2592 1501 2661; x_wconf 91' lang='lat' dir='ltr'><strong>quae</strong></span> <span class='ocrx_word' id='word_1_322' title='bbox 1517 2569 1723 2658; x_wconf 81' lang='lat' dir='ltr'><strong>negligenda</strong></span> <span class='ocrx_word' id='word_1_323' title='bbox 1741 2571 1797 2645; x_wconf 84' lang='lat' dir='ltr'><strong>sit.</strong></span> <span class='ocrx_word' id='word_1_324' title='bbox 1845 2570 1957 2664; x_wconf 87' lang='lat' dir='ltr'><strong>Saepe</strong></span> <span class='ocrx_word' id='word_1_325' title='bbox 1972 2586 2089 2645; x_wconf 88' lang='lat' dir='ltr'><strong>autem</strong></span> <span class='ocrx_word' id='word_1_326' title='bbox 2104 2596 2146 2643; x_wconf 84' lang='lat' dir='ltr'><strong>er</strong></span> <span class='ocrx_word' id='word_1_327' title='bbox 2163 2574 2301 2643; x_wconf 89' lang='lat' dir='ltr'><strong>levissi-</strong></span> 
     </span>
     <span class='ocr_line' id='line_1_25' title="bbox 267 2670 2301 2764; baseline 0 -21"><span class='ocrx_word' id='word_1_328' title='bbox 267 2671 421 2763; x_wconf 82' lang='lat' dir='ltr'><strong>ingeniis</strong></span> <span class='ocrx_word' id='word_1_329' title='bbox 451 2672 602 2752; x_wconf 89' lang='lat' dir='ltr'><strong>sentire,</strong></span> <span class='ocrx_word' id='word_1_330' title='bbox 638 2695 719 2741; x_wconf 90' lang='lat' dir='ltr'><strong>cum</strong></span> <span class='ocrx_word' id='word_1_331' title='bbox 751 2673 886 2744; x_wconf 91' lang='lat' dir='ltr'><strong>nullius</strong></span> <span class='ocrx_word' id='word_1_332' title='bbox 919 2675 1008 2741; x_wconf 89' lang='lat' dir='ltr'><strong>adeo</strong></span> <span class='ocrx_word' id='word_1_333' title='bbox 1041 2673 1259 2764; x_wconf 82' lang='lat' dir='ltr'><strong>exploratam</strong></span> <span class='ocrx_word' id='word_1_334' title='bbox 1309 2672 1375 2740; x_wconf 91' lang='lat' dir='ltr'><strong>mis</strong></span> <span class='ocrx_word' id='word_1_335' title='bbox 1393 2670 1548 2753; x_wconf 90' lang='lat' dir='ltr'><strong>iniuriis,</strong></span> <span class='ocrx_word' id='word_1_336' title='bbox 1575 2694 1649 2738; x_wconf 86' lang='lat' dir='ltr'><strong>non</strong></span> <span class='ocrx_word' id='word_1_337' title='bbox 1664 2693 1763 2741; x_wconf 88' lang='lat' dir='ltr'><strong>secus</strong></span> <span class='ocrx_word' id='word_1_338' title='bbox 1778 2685 1883 2764; x_wconf 89' lang='lat' dir='ltr'><strong>atque</strong></span> <span class='ocrx_word' id='word_1_339' title='bbox 1897 2698 1939 2743; x_wconf 87' lang='lat' dir='ltr'><strong>ex</strong></span> <span class='ocrx_word' id='word_1_340' title='bbox 1954 2674 2190 2746; x_wconf 86' lang='lat' dir='ltr'><strong>minutissima</strong></span> <span class='ocrx_word' id='word_1_341' title='bbox 2203 2676 2301 2745; x_wconf 89' lang='lat' dir='ltr'><strong>scin·</strong></span> 
     </span>
     <span class='ocr_line' id='line_1_26' title="bbox 268 2770 2320 2860; baseline 0.001 -16"><span class='ocrx_word' id='word_1_342' title='bbox 268 2775 393 2856; x_wconf 83' lang='lat' dir='ltr'><strong>fidem,</strong></span> <span class='ocrx_word' id='word_1_343' title='bbox 425 2797 464 2842; x_wconf 94' lang='lat' dir='ltr'><strong>ac</strong></span> <span class='ocrx_word' id='word_1_344' title='bbox 491 2773 660 2843; x_wconf 84' lang='lat' dir='ltr'><strong>virtutem</strong></span> <span class='ocrx_word' id='word_1_345' title='bbox 686 2795 759 2842; x_wconf 90' lang='lat' dir='ltr'><strong>esse</strong></span> <span class='ocrx_word' id='word_1_346' title='bbox 790 2775 900 2857; x_wconf 88' lang='lat' dir='ltr'><strong>duco,</strong></span> <span class='ocrx_word' id='word_1_347' title='bbox 934 2775 992 2844; x_wconf 91' lang='lat' dir='ltr'><strong>cui</strong></span> <span class='ocrx_word' id='word_1_348' title='bbox 1023 2789 1098 2844; x_wconf 88' lang='lat' dir='ltr'><strong>tuto</strong></span> <span class='ocrx_word' id='word_1_349' title='bbox 1134 2772 1258 2842; x_wconf 90' lang='lat' dir='ltr'><strong>civitas</strong></span> <span class='ocrx_word' id='word_1_350' title='bbox 1311 2773 1406 2856; x_wconf 87' lang='lat' dir='ltr'><strong>tilla,</strong></span> <span class='ocrx_word' id='word_1_351' title='bbox 1440 2770 1686 2860; x_wconf 82' lang='lat' dir='ltr'><strong>gravissimum</strong></span> <span class='ocrx_word' id='word_1_352' title='bbox 1712 2773 1917 2844; x_wconf 88' lang='lat' dir='ltr'><strong>incendium</strong></span> <span class='ocrx_word' id='word_1_353' title='bbox 1942 2777 2067 2847; x_wconf 87' lang='lat' dir='ltr'><strong>oritur.</strong></span> <span class='ocrx_word' id='word_1_354' title='bbox 2118 2774 2320 2848; x_wconf 89' lang='lat' dir='ltr'><strong>Nonraro&#39;</strong></span> 
     </span>
     <span class='ocr_line' id='line_1_27' title="bbox 266 2870 2302 2966; baseline 0 -20"><span class='ocrx_word' id='word_1_355' title='bbox 266 2875 441 2946; x_wconf 89' lang='lat' dir='ltr'><strong>committi</strong></span> <span class='ocrx_word' id='word_1_356' title='bbox 464 2875 584 2965; x_wconf 87' lang='lat' dir='ltr'><strong>possit.</strong></span> <span class='ocrx_word' id='word_1_357' title='bbox 636 2870 712 2963; x_wconf 79' lang='lat' dir='ltr'><strong>Ego</strong></span> <span class='ocrx_word' id='word_1_358' title='bbox 732 2899 815 2944; x_wconf 90' lang='lat' dir='ltr'><strong>vero</strong></span> <span class='ocrx_word' id='word_1_359' title='bbox 832 2877 984 2966; x_wconf 88' lang='lat' dir='ltr'><strong>optarim</strong></span> <span class='ocrx_word' id='word_1_360' title='bbox 1000 2875 1128 2966; x_wconf 85' lang='lat' dir='ltr'><strong>passim</strong></span> <span class='ocrx_word' id='word_1_361' title='bbox 1144 2874 1259 2964; x_wconf 92' lang='lat' dir='ltr'><strong>impe·</strong></span> <span class='ocrx_word' id='word_1_362' title='bbox 1309 2886 1344 2944; x_wconf 89' lang='lat' dir='ltr'><strong>et</strong></span> <span class='ocrx_word' id='word_1_363' title='bbox 1359 2897 1414 2941; x_wconf 89' lang='lat' dir='ltr'><strong>res</strong></span> <span class='ocrx_word' id='word_1_364' title='bbox 1430 2872 1666 2960; x_wconf 85' lang='lat' dir='ltr'><strong>gravissimae,</strong></span> <span class='ocrx_word' id='word_1_365' title='bbox 1692 2871 1730 2940; x_wconf 92' lang='lat' dir='ltr'><strong>in</strong></span> <span class='ocrx_word' id='word_1_366' title='bbox 1747 2874 2036 2966; x_wconf 87' lang='lat' dir='ltr'><strong>disceptationem</strong></span> <span class='ocrx_word' id='word_1_367' title='bbox 2054 2879 2214 2963; x_wconf 85' lang='lat' dir='ltr'><strong>veniunt,</strong></span> <span class='ocrx_word' id='word_1_368' title='bbox 2236 2878 2302 2949; x_wconf 90' lang='lat' dir='ltr'><strong>ubi</strong></span> 
     </span>
     <span class='ocr_line' id='line_1_28' title="bbox 269 2972 2302 3068; baseline 0 -20"><span class='ocrx_word' id='word_1_369' title='bbox 269 3001 348 3048; x_wconf 91' lang='lat' dir='ltr'><strong>rare</strong></span> <span class='ocrx_word' id='word_1_370' title='bbox 364 2975 695 3061; x_wconf 58' lang='lat' dir='ltr'><strong>Nestoras‚„verum</strong></span> <span class='ocrx_word' id='word_1_371' title='bbox 713 2977 872 3047; x_wconf 90' lang='lat' dir='ltr'><strong>videmus</strong></span> <span class='ocrx_word' id='word_1_372' title='bbox 887 2991 1018 3068; x_wconf 87' lang='lat' dir='ltr'><strong>quanta</strong></span> <span class='ocrx_word' id='word_1_373' title='bbox 1042 2978 1086 3046; x_wconf 91' lang='lat' dir='ltr'><strong>sit</strong></span> <span class='ocrx_word' id='word_1_374' title='bbox 1104 2975 1260 3068; x_wconf 86' lang='lat' dir='ltr'><strong>optimo·</strong></span> <span class='ocrx_word' id='word_1_375' title='bbox 1310 2975 1341 3044; x_wconf 91' lang='lat' dir='ltr'><strong>si</strong></span> <span class='ocrx_word' id='word_1_376' title='bbox 1357 2972 1626 3062; x_wconf 84' lang='lat' dir='ltr'><strong>Magistratibus</strong></span> <span class='ocrx_word' id='word_1_377' title='bbox 1648 2975 1693 3041; x_wconf 91' lang='lat' dir='ltr'><strong>de</strong></span> <span class='ocrx_word' id='word_1_378' title='bbox 1716 2974 1793 3045; x_wconf 88' lang='lat' dir='ltr'><strong>iure</strong></span> <span class='ocrx_word' id='word_1_379' title='bbox 1816 2978 1907 3048; x_wconf 92' lang='lat' dir='ltr'><strong>male</strong></span> <span class='ocrx_word' id='word_1_380' title='bbox 1925 2981 2147 3064; x_wconf 89' lang='lat' dir='ltr'><strong>convenerit,</strong></span> <span class='ocrx_word' id='word_1_381' title='bbox 2171 2980 2302 3050; x_wconf 90' lang='lat' dir='ltr'><strong>studiis</strong></span> 
     </span>
     <span class='ocr_line' id='line_1_29' title="bbox 269 3075 2302 3172; baseline 0.001 -24"><span class='ocrx_word' id='word_1_382' title='bbox 269 3103 349 3148; x_wconf 90' lang='lat' dir='ltr'><strong>rum</strong></span> <span class='ocrx_word' id='word_1_383' title='bbox 365 3075 571 3167; x_wconf 89' lang='lat' dir='ltr'><strong>Principum</strong></span> <span class='ocrx_word' id='word_1_384' title='bbox 586 3077 754 3168; x_wconf 90' lang='lat' dir='ltr'><strong>paucitas.</strong></span> <span class='ocrx_word' id='word_1_385' title='bbox 801 3077 874 3148; x_wconf 89' lang='lat' dir='ltr'><strong>Nec</strong></span> <span class='ocrx_word' id='word_1_386' title='bbox 888 3079 1077 3149; x_wconf 89' lang='lat' dir='ltr'><strong>obscurum</strong></span> <span class='ocrx_word' id='word_1_387' title='bbox 1093 3092 1144 3148; x_wconf 90' lang='lat' dir='ltr'><strong>est</strong></span> <span class='ocrx_word' id='word_1_388' title='bbox 1160 3091 1259 3147; x_wconf 90' lang='lat' dir='ltr'><strong>vetus</strong></span> <span class='ocrx_word' id='word_1_389' title='bbox 1309 3076 1593 3166; x_wconf 81' lang='lat' dir='ltr'><strong>factionibusque</strong></span> <span class='ocrx_word' id='word_1_390' title='bbox 1629 3076 1771 3165; x_wconf 91' lang='lat' dir='ltr'><strong>publica</strong></span> <span class='ocrx_word' id='word_1_391' title='bbox 1805 3081 2045 3172; x_wconf 88' lang='lat' dir='ltr'><strong>tranquillitas</strong></span> <span class='ocrx_word' id='word_1_392' title='bbox 2079 3081 2302 3161; x_wconf 87' lang='lat' dir='ltr'><strong>turbabitur,</strong></span> 
     </span>
     <span class='ocr_line' id='line_1_30' title="bbox 270 3174 2302 3274; baseline 0.002 -27"><span class='ocrx_word' id='word_1_393' title='bbox 270 3177 361 3249; x_wconf 91' lang='lat' dir='ltr'><strong>illud</strong></span> <span class='ocrx_word' id='word_1_394' title='bbox 378 3177 526 3246; x_wconf 90' lang='lat' dir='ltr'><strong>dictum:</strong></span> <span class='ocrx_word' id='word_1_395' title='bbox 551 3174 727 3248; x_wconf 89' lang='lat' dir='ltr'><strong>Omnium</strong></span> <span class='ocrx_word' id='word_1_396' title='bbox 746 3180 922 3250; x_wconf 87' lang='lat' dir='ltr'><strong>bonarum</strong></span> <span class='ocrx_word' id='word_1_397' title='bbox 938 3178 1147 3271; x_wconf 90' lang='lat' dir='ltr'><strong>Principum</strong></span> <span class='ocrx_word' id='word_1_398' title='bbox 1170 3178 1260 3247; x_wconf 88' lang='lat' dir='ltr'><strong>ima·</strong></span> <span class='ocrx_word' id='word_1_399' title='bbox 1310 3181 1396 3248; x_wconf 92' lang='lat' dir='ltr'><strong>dum</strong></span> <span class='ocrx_word' id='word_1_400' title='bbox 1426 3200 1509 3247; x_wconf 90' lang='lat' dir='ltr'><strong>suae</strong></span> <span class='ocrx_word' id='word_1_401' title='bbox 1533 3199 1692 3268; x_wconf 90' lang='lat' dir='ltr'><strong>quaeque</strong></span> <span class='ocrx_word' id='word_1_402' title='bbox 1717 3199 1797 3266; x_wconf 89' lang='lat' dir='ltr'><strong>pars</strong></span> <span class='ocrx_word' id='word_1_403' title='bbox 1819 3183 2014 3252; x_wconf 89' lang='lat' dir='ltr'><strong>sententiae</strong></span> <span class='ocrx_word' id='word_1_404' title='bbox 2042 3184 2302 3274; x_wconf 79' lang='lat' dir='ltr'><strong>suffragatores,</strong></span> 
     </span>
     <span class='ocr_line' id='line_1_31' title="bbox 270 3277 2301 3376; baseline 0.002 -30"><span class='ocrx_word' id='word_1_405' title='bbox 270 3278 430 3371; x_wconf 76' lang='lat' dir='ltr'><strong>ginesio</strong></span> <span class='ocrx_word' id='word_1_406' title='bbox 452 3301 525 3348; x_wconf 91' lang='lat' dir='ltr'><strong>uno</strong></span> <span class='ocrx_word' id='word_1_407' title='bbox 545 3278 679 3359; x_wconf 87' lang='lat' dir='ltr'><strong>annulo</strong></span> <span class='ocrx_word' id='word_1_408' title='bbox 701 3280 814 3370; x_wconf 87' lang='lat' dir='ltr'><strong>sculpi</strong></span> <span class='ocrx_word' id='word_1_409' title='bbox 842 3303 956 3371; x_wconf 88' lang='lat' dir='ltr'><strong>posse.</strong></span> <span class='ocrx_word' id='word_1_410' title='bbox 1014 3279 1135 3369; x_wconf 92' lang='lat' dir='ltr'><strong>Quare</strong></span> <span class='ocrx_word' id='word_1_411' title='bbox 1159 3280 1260 3349; x_wconf 77' lang='lat' dir='ltr'><strong>facile</strong></span> <span class='ocrx_word' id='word_1_412' title='bbox 1310 3281 1403 3349; x_wconf 91' lang='lat' dir='ltr'><strong>addo</strong></span> <span class='ocrx_word' id='word_1_413' title='bbox 1421 3279 1526 3347; x_wconf 88' lang='lat' dir='ltr'><strong>etiam</strong></span> <span class='ocrx_word' id='word_1_414' title='bbox 1542 3277 1653 3362; x_wconf 90' lang='lat' dir='ltr'><strong>vires,</strong></span> <span class='ocrx_word' id='word_1_415' title='bbox 1679 3277 1839 3375; x_wconf 78' lang='lat' dir='ltr'><strong>publicae</strong></span> <span class='ocrx_word' id='word_1_416' title='bbox 1861 3279 1985 3348; x_wconf 89' lang='lat' dir='ltr'><strong>salutis</strong></span> <span class='ocrx_word' id='word_1_417' title='bbox 2003 3284 2133 3368; x_wconf 89' lang='lat' dir='ltr'><strong>oblita,</strong></span> <span class='ocrx_word' id='word_1_418' title='bbox 2157 3307 2301 3376; x_wconf 88' lang='lat' dir='ltr'><strong>compa·</strong></span> 
     </span>
     <span class='ocr_line' id='line_1_32' title="bbox 270 3377 2303 3477; baseline 0.002 -28"><span class='ocrx_word' id='word_1_419' title='bbox 270 3380 405 3474; x_wconf 81' lang='lat' dir='ltr'><strong>patior,</strong></span> <span class='ocrx_word' id='word_1_420' title='bbox 430 3378 470 3448; x_wconf 92' lang='lat' dir='ltr'><strong>in</strong></span> <span class='ocrx_word' id='word_1_421' title='bbox 491 3378 747 3464; x_wconf 86' lang='lat' dir='ltr'><strong>mediocribus,</strong></span> <span class='ocrx_word' id='word_1_422' title='bbox 773 3395 814 3451; x_wconf 87' lang='lat' dir='ltr'><strong>ut</strong></span> <span class='ocrx_word' id='word_1_423' title='bbox 834 3394 918 3451; x_wconf 89' lang='lat' dir='ltr'><strong>sunt</strong></span> <span class='ocrx_word' id='word_1_424' title='bbox 939 3381 1031 3464; x_wconf 89' lang='lat' dir='ltr'><strong>fere,</strong></span> <span class='ocrx_word' id='word_1_425' title='bbox 1062 3396 1157 3451; x_wconf 90' lang='lat' dir='ltr'><strong>certo</strong></span> <span class='ocrx_word' id='word_1_426' title='bbox 1182 3382 1260 3451; x_wconf 86' lang='lat' dir='ltr'><strong>iure</strong></span> <span class='ocrx_word' id='word_1_427' title='bbox 1311 3393 1378 3450; x_wconf 86' lang='lat' dir='ltr'><strong>rat.</strong></span> <span class='ocrx_word' id='word_1_428' title='bbox 1429 3377 1546 3467; x_wconf 91' lang='lat' dir='ltr'><strong>Quam</strong></span> <span class='ocrx_word' id='word_1_429' title='bbox 1567 3390 1683 3448; x_wconf 89' lang='lat' dir='ltr'><strong>autem</strong></span> <span class='ocrx_word' id='word_1_430' title='bbox 1698 3401 1773 3448; x_wconf 90' lang='lat' dir='ltr'><strong>non</strong></span> <span class='ocrx_word' id='word_1_431' title='bbox 1794 3378 2024 3450; x_wconf 90' lang='lat' dir='ltr'><strong>solitudinem</strong></span> <span class='ocrx_word' id='word_1_432' title='bbox 2045 3386 2168 3465; x_wconf 87' lang='lat' dir='ltr'><strong>malis,</strong></span> <span class='ocrx_word' id='word_1_433' title='bbox 2194 3408 2303 3477; x_wconf 90' lang='lat' dir='ltr'><strong>quam</strong></span> 
     </span>
     <span class='ocr_line' id='line_1_33' title="bbox 270 3479 2303 3575; baseline 0.002 -24"><span class='ocrx_word' id='word_1_434' title='bbox 270 3484 345 3551; x_wconf 78' lang='lat' dir='ltr'><strong>vim</strong></span> <span class='ocrx_word' id='word_1_435' title='bbox 370 3481 462 3570; x_wconf 83' lang='lat' dir='ltr'><strong>regi,</strong></span> <span class='ocrx_word' id='word_1_436' title='bbox 494 3493 529 3551; x_wconf 88' lang='lat' dir='ltr'><strong>et</strong></span> <span class='ocrx_word' id='word_1_437' title='bbox 551 3480 658 3549; x_wconf 80' lang='lat' dir='ltr'><strong>officii</strong></span> <span class='ocrx_word' id='word_1_438' title='bbox 681 3481 754 3566; x_wconf 89' lang='lat' dir='ltr'><strong>sui,</strong></span> <span class='ocrx_word' id='word_1_439' title='bbox 786 3481 895 3574; x_wconf 90' lang='lat' dir='ltr'><strong>siqui</strong></span> <span class='ocrx_word' id='word_1_440' title='bbox 916 3497 1000 3553; x_wconf 89' lang='lat' dir='ltr'><strong>suut</strong></span> <span class='ocrx_word' id='word_1_441' title='bbox 1018 3484 1261 3575; x_wconf 85' lang='lat' dir='ltr'><strong>imprudentes</strong></span> <span class='ocrx_word' id='word_1_442' title='bbox 1311 3481 1487 3552; x_wconf 89' lang='lat' dir='ltr'><strong>intestinis</strong></span> <span class='ocrx_word' id='word_1_443' title='bbox 1501 3480 1707 3568; x_wconf 83' lang='lat' dir='ltr'><strong>flagrantem</strong></span> <span class='ocrx_word' id='word_1_444' title='bbox 1722 3479 1814 3549; x_wconf 89' lang='lat' dir='ltr'><strong>odiis</strong></span> <span class='ocrx_word' id='word_1_445' title='bbox 1829 3483 1954 3552; x_wconf 89' lang='lat' dir='ltr'><strong>urbem</strong></span> <span class='ocrx_word' id='word_1_446' title='bbox 1969 3483 2107 3553; x_wconf 79' lang='lat' dir='ltr'><strong>colere?</strong></span> <span class='ocrx_word' id='word_1_447' title='bbox 2128 3483 2303 3566; x_wconf 87' lang='lat' dir='ltr'><strong>Proinde,</strong></span> 
     </span>
     <span class='ocr_line' id='line_1_34' title="bbox 270 3578 2304 3678; baseline 0 -23"><span class='ocrx_word' id='word_1_448' title='bbox 270 3583 519 3672; x_wconf 83' lang='lat' dir='ltr'><strong>Magistratus,</strong></span> <span class='ocrx_word' id='word_1_449' title='bbox 542 3583 739 3655; x_wconf 89' lang='lat' dir='ltr'><strong>admoneri.</strong></span> <span class='ocrx_word' id='word_1_450' title='bbox 787 3581 885 3653; x_wconf 90' lang='lat' dir='ltr'><strong>Haec</strong></span> <span class='ocrx_word' id='word_1_451' title='bbox 901 3608 978 3655; x_wconf 86' lang='lat' dir='ltr'><strong>mea</strong></span> <span class='ocrx_word' id='word_1_452' title='bbox 994 3597 1045 3655; x_wconf 91' lang='lat' dir='ltr'><strong>est</strong></span> <span class='ocrx_word' id='word_1_453' title='bbox 1061 3584 1169 3655; x_wconf 90' lang='lat' dir='ltr'><strong>ratio:</strong></span> <span class='ocrx_word' id='word_1_454' title='bbox 1196 3607 1261 3652; x_wconf 91' lang='lat' dir='ltr'><strong>nec</strong></span> <span class='ocrx_word' id='word_1_455' title='bbox 1311 3609 1390 3654; x_wconf 91' lang='lat' dir='ltr'><strong>cum</strong></span> <span class='ocrx_word' id='word_1_456' title='bbox 1405 3578 2304 3678; x_wconf 87' lang='lat' dir='ltr'><strong>HebraeosDeusintcrsequamconiunctissimos</strong></span> 
     </span>
     <span class='ocr_line' id='line_1_35' title="bbox 268 3679 2302 3803; baseline 0 -47"><span class='ocrx_word' id='word_1_457' title='bbox 268 3684 488 3756; x_wconf 82' lang='lat' dir='ltr'><strong>foeliciorcm</strong></span> <span class='ocrx_word' id='word_1_458' title='bbox 511 3679 601 3752; x_wconf 92' lang='lat' dir='ltr'><strong>mihi</strong></span> <span class='ocrx_word' id='word_1_459' title='bbox 616 3683 793 3803; x_wconf 80' lang='lat' dir='ltr'><strong>Rempub.</strong></span> <span class='ocrx_word' id='word_1_460' title='bbox 814 3687 973 3771; x_wconf 91' lang='lat' dir='ltr'><strong>somnio,</strong></span> <span class='ocrx_word' id='word_1_461' title='bbox 997 3711 1102 3780; x_wconf 89' lang='lat' dir='ltr'><strong>quam</strong></span> <span class='ocrx_word' id='word_1_462' title='bbox 1118 3685 1260 3779; x_wconf 90' lang='lat' dir='ltr'><strong>qualem</strong></span> <span class='ocrx_word' id='word_1_463' title='bbox 1311 3709 1402 3769; x_wconf 91' lang='lat' dir='ltr'><strong>esse,</strong></span> <span class='ocrx_word' id='word_1_464' title='bbox 1428 3683 1687 3775; x_wconf 86' lang='lat' dir='ltr'><strong>rectissimeque</strong></span> <span class='ocrx_word' id='word_1_465' title='bbox 1704 3685 1902 3754; x_wconf 89' lang='lat' dir='ltr'><strong>consentire</strong></span> <span class='ocrx_word' id='word_1_466' title='bbox 1921 3686 2048 3776; x_wconf 87' lang='lat' dir='ltr'><strong>vellet,</strong></span> <span class='ocrx_word' id='word_1_467' title='bbox 2074 3701 2185 3757; x_wconf 87' lang='lat' dir='ltr'><strong>certas</strong></span> <span class='ocrx_word' id='word_1_468' title='bbox 2206 3687 2302 3777; x_wconf 84' lang='lat' dir='ltr'><strong>leges</strong></span> 
     </span>
     <span class='ocr_line' id='line_1_36' title="bbox 270 3779 2301 3882; baseline -0 -24"><span class='ocrx_word' id='word_1_469' title='bbox 270 3789 417 3858; x_wconf 86' lang='lat' dir='ltr'><strong>existere</strong></span> <span class='ocrx_word' id='word_1_470' title='bbox 433 3807 488 3855; x_wconf 90' lang='lat' dir='ltr'><strong>res</strong></span> <span class='ocrx_word' id='word_1_471' title='bbox 504 3779 679 3856; x_wconf 83' lang='lat' dir='ltr'><strong>humanae</strong></span> <span class='ocrx_word' id='word_1_472' title='bbox 695 3786 829 3862; x_wconf 89' lang='lat' dir='ltr'><strong>sinunt.</strong></span> <span class='ocrx_word' id='word_1_473' title='bbox 875 3787 988 3878; x_wconf 76' lang='lat' dir='ltr'><strong>Finge</strong></span> <span class='ocrx_word' id='word_1_474' title='bbox 1005 3803 1120 3860; x_wconf 90' lang='lat' dir='ltr'><strong>autem</strong></span> <span class='ocrx_word' id='word_1_475' title='bbox 1141 3810 1261 3859; x_wconf 89' lang='lat' dir='ltr'><strong>rerum</strong></span> <span class='ocrx_word' id='word_1_476' title='bbox 1311 3787 1409 3870; x_wconf 88' lang='lat' dir='ltr'><strong>tulit,</strong></span> <span class='ocrx_word' id='word_1_477' title='bbox 1433 3785 1756 3876; x_wconf 78' lang='lat' dir='ltr'><strong>utsupraescripto</strong></span> <span class='ocrx_word' id='word_1_478' title='bbox 1778 3807 1832 3854; x_wconf 90' lang='lat' dir='ltr'><strong>res</strong></span> <span class='ocrx_word' id='word_1_479' title='bbox 1855 3786 2071 3874; x_wconf 86' lang='lat' dir='ltr'><strong>iudicarent,</strong></span> <span class='ocrx_word' id='word_1_480' title='bbox 2095 3790 2301 3882; x_wconf 88' lang='lat' dir='ltr'><strong>nequando</strong></span> 
     </span>
     <span class='ocr_line' id='line_1_37' title="bbox 271 3885 2302 4008; baseline 0.001 -50"><span class='ocrx_word' id='word_1_481' title='bbox 271 3912 445 3962; x_wconf 89' lang='lat' dir='ltr'><strong>summam</strong></span> <span class='ocrx_word' id='word_1_482' title='bbox 468 3889 513 3957; x_wconf 91' lang='lat' dir='ltr'><strong>ad</strong></span> <span class='ocrx_word' id='word_1_483' title='bbox 528 3885 665 3958; x_wconf 87' lang='lat' dir='ltr'><strong>Stoicos</strong></span> <span class='ocrx_word' id='word_1_484' title='bbox 687 3889 838 3960; x_wconf 88' lang='lat' dir='ltr'><strong>delatam</strong></span> <span class='ocrx_word' id='word_1_485' title='bbox 853 3913 947 3971; x_wconf 89' lang='lat' dir='ltr'><strong>esse,</strong></span> <span class='ocrx_word' id='word_1_486' title='bbox 972 3891 1036 3984; x_wconf 91' lang='lat' dir='ltr'><strong>qui</strong></span> <span class='ocrx_word' id='word_1_487' title='bbox 1056 3915 1120 3960; x_wconf 87' lang='lat' dir='ltr'><strong>nec</strong></span> <span class='ocrx_word' id='word_1_488' title='bbox 1136 3890 1262 3980; x_wconf 83' lang='lat' dir='ltr'><strong>gratia,</strong></span> <span class='ocrx_word' id='word_1_489' title='bbox 1312 3889 1368 3958; x_wconf 91' lang='lat' dir='ltr'><strong>ius</strong></span> <span class='ocrx_word' id='word_1_490' title='bbox 1393 3900 1660 3959; x_wconf 89' lang='lat' dir='ltr'><strong>controversum</strong></span> <span class='ocrx_word' id='word_1_491' title='bbox 1687 3887 1875 3958; x_wconf 87' lang='lat' dir='ltr'><strong>dissidium</strong></span> <span class='ocrx_word' id='word_1_492' title='bbox 1909 3904 2056 4008; x_wconf 85' lang='lat' dir='ltr'><strong>pareret.</strong></span> <span class='ocrx_word' id='word_1_493' title='bbox 2116 3889 2302 3983; x_wconf 85' lang='lat' dir='ltr'><strong>Plerisque</strong></span> 
     </span>
     <span class='ocr_line' id='line_1_38' title="bbox 272 3986 2301 4088; baseline 0 -28"><span class='ocrx_word' id='word_1_494' title='bbox 272 4015 338 4060; x_wconf 87' lang='lat' dir='ltr'><strong>nec</strong></span> <span class='ocrx_word' id='word_1_495' title='bbox 352 3991 437 4060; x_wconf 93' lang='lat' dir='ltr'><strong>odio</strong></span> <span class='ocrx_word' id='word_1_496' title='bbox 454 3989 683 4075; x_wconf 82' lang='lat' dir='ltr'><strong>adlicientur,</strong></span> <span class='ocrx_word' id='word_1_497' title='bbox 704 3993 770 4082; x_wconf 89' lang='lat' dir='ltr'><strong>qni</strong></span> <span class='ocrx_word' id='word_1_498' title='bbox 792 3993 869 4061; x_wconf 86' lang='lat' dir='ltr'><strong>falli</strong></span> <span class='ocrx_word' id='word_1_499' title='bbox 893 4005 1087 4086; x_wconf 89' lang='lat' dir='ltr'><strong>nequeant,</strong></span> <span class='ocrx_word' id='word_1_500' title='bbox 1113 3990 1242 4085; x_wconf 89' lang='lat' dir='ltr'><strong>quid&#39;</strong></span> <span class='ocrx_word' id='word_1_501' title='bbox 1217 4013 1262 4058; x_wconf 85' lang='lat' dir='ltr'><strong>us</strong></span> <span class='ocrx_word' id='word_1_502' title='bbox 1311 3990 1396 4059; x_wconf 92' lang='lat' dir='ltr'><strong>item</strong></span> <span class='ocrx_word' id='word_1_503' title='bbox 1421 3988 1499 4055; x_wconf 89' lang='lat' dir='ltr'><strong>aliis</strong></span> <span class='ocrx_word' id='word_1_504' title='bbox 1520 3986 1723 4061; x_wconf 86' lang='lat' dir='ltr'><strong>civitatibus</strong></span> <span class='ocrx_word' id='word_1_505' title='bbox 1738 3990 1794 4058; x_wconf 86' lang='lat' dir='ltr'><strong>vel</strong></span> <span class='ocrx_word' id='word_1_506' title='bbox 1818 3990 2019 4083; x_wconf 86' lang='lat' dir='ltr'><strong>principum</strong></span> <span class='ocrx_word' id='word_1_507' title='bbox 2037 3993 2216 4088; x_wconf 88' lang='lat' dir='ltr'><strong>tyrannis,</strong></span> <span class='ocrx_word' id='word_1_508' title='bbox 2242 3991 2301 4061; x_wconf 89' lang='lat' dir='ltr'><strong>vel</strong></span> 
     </span>
     <span class='ocr_line' id='line_1_39' title="bbox 270 4089 2301 4182; baseline 0 -21"><span class='ocrx_word' id='word_1_509' title='bbox 270 4093 396 4172; x_wconf 79' lang='lat' dir='ltr'><strong>facies,</strong></span> <span class='ocrx_word' id='word_1_510' title='bbox 418 4091 501 4180; x_wconf 91' lang='lat' dir='ltr'><strong>qui,</strong></span> <span class='ocrx_word' id='word_1_511' title='bbox 526 4103 567 4160; x_wconf 90' lang='lat' dir='ltr'><strong>ut</strong></span> <span class='ocrx_word' id='word_1_512' title='bbox 583 4105 633 4159; x_wconf 91' lang='lat' dir='ltr'><strong>est</strong></span> <span class='ocrx_word' id='word_1_513' title='bbox 648 4092 745 4178; x_wconf 84' lang='lat' dir='ltr'><strong>vulgi</strong></span> <span class='ocrx_word' id='word_1_514' title='bbox 770 4092 994 4182; x_wconf 91' lang='lat' dir='ltr'><strong>improbitas,</strong></span> <span class='ocrx_word' id='word_1_515' title='bbox 1018 4095 1157 4165; x_wconf 92' lang='lat' dir='ltr'><strong>malunt</strong></span> <span class='ocrx_word' id='word_1_516' title='bbox 1173 4091 1263 4182; x_wconf 77' lang='lat' dir='ltr'><strong>legi·</strong></span> <span class='ocrx_word' id='word_1_517' title='bbox 1312 4091 1432 4161; x_wconf 88' lang='lat' dir='ltr'><strong>civiles</strong></span> <span class='ocrx_word' id='word_1_518' title='bbox 1455 4089 1651 4159; x_wconf 84' lang='lat' dir='ltr'><strong>discordiae</strong></span> <span class='ocrx_word' id='word_1_519' title='bbox 1674 4091 1873 4181; x_wconf 91' lang='lat' dir='ltr'><strong>imposuere</strong></span> <span class='ocrx_word' id='word_1_520' title='bbox 1893 4092 2011 4182; x_wconf 82' lang='lat' dir='ltr'><strong>legum</strong></span> <span class='ocrx_word' id='word_1_521' title='bbox 2033 4095 2301 4165; x_wconf 86' lang='lat' dir='ltr'><strong>condendarum</strong></span> 
     </span>
     <span class='ocr_line' id='line_1_40' title="bbox 272 4188 2300 4281; baseline 0.001 -21"><span class='ocrx_word' id='word_1_522' title='bbox 272 4193 360 4273; x_wconf 88' lang='lat' dir='ltr'><strong>bus,</strong></span> <span class='ocrx_word' id='word_1_523' title='bbox 380 4214 485 4281; x_wconf 91' lang='lat' dir='ltr'><strong>quam</strong></span> <span class='ocrx_word' id='word_1_524' title='bbox 502 4190 557 4258; x_wconf 88' lang='lat' dir='ltr'><strong>vel</strong></span> <span class='ocrx_word' id='word_1_525' title='bbox 574 4191 800 4260; x_wconf 83' lang='lat' dir='ltr'><strong>sanctissimis</strong></span> <span class='ocrx_word' id='word_1_526' title='bbox 815 4192 1082 4280; x_wconf 82' lang='lat' dir='ltr'><strong>Magistratibus</strong></span> <span class='ocrx_word' id='word_1_527' title='bbox 1097 4193 1262 4263; x_wconf 84' lang='lat' dir='ltr'><strong>credere?</strong></span> <span class='ocrx_word' id='word_1_528' title='bbox 1312 4192 1562 4262; x_wconf 88' lang='lat' dir='ltr'><strong>necessitatem.</strong></span> <span class='ocrx_word' id='word_1_529' title='bbox 1604 4188 1697 4259; x_wconf 90' lang='lat' dir='ltr'><strong>Nam</strong></span> <span class='ocrx_word' id='word_1_530' title='bbox 1713 4215 1793 4260; x_wconf 87' lang='lat' dir='ltr'><strong>cum</strong></span> <span class='ocrx_word' id='word_1_531' title='bbox 1811 4191 1905 4264; x_wconf 89' lang='lat' dir='ltr'><strong>inter</strong></span> <span class='ocrx_word' id='word_1_532' title='bbox 1918 4219 1955 4266; x_wconf 93' lang='lat' dir='ltr'><strong>se</strong></span> <span class='ocrx_word' id='word_1_533' title='bbox 1972 4190 2137 4281; x_wconf 86' lang='lat' dir='ltr'><strong>Athenis,</strong></span> <span class='ocrx_word' id='word_1_534' title='bbox 2162 4196 2206 4265; x_wconf 95' lang='lat' dir='ltr'><strong>de</strong></span> <span class='ocrx_word' id='word_1_535' title='bbox 2221 4188 2300 4264; x_wconf 86' lang='lat' dir='ltr'><strong>iure</strong></span> 
     </span>
     <span class='ocr_line' id='line_1_41' title="bbox 272 4288 2300 4388; baseline 0.001 -27"><span class='ocrx_word' id='word_1_536' title='bbox 272 4288 336 4361; x_wconf 83' lang='lat' dir='ltr'><strong>Est</strong></span> <span class='ocrx_word' id='word_1_537' title='bbox 352 4292 446 4357; x_wconf 92' lang='lat' dir='ltr'><strong>enim</strong></span> <span class='ocrx_word' id='word_1_538' title='bbox 462 4293 684 4383; x_wconf 82' lang='lat' dir='ltr'><strong>quorundam</strong></span> <span class='ocrx_word' id='word_1_539' title='bbox 700 4305 798 4360; x_wconf 88' lang='lat' dir='ltr'><strong>tanta</strong></span> <span class='ocrx_word' id='word_1_540' title='bbox 811 4293 942 4377; x_wconf 90' lang='lat' dir='ltr'><strong>rabies,</strong></span> <span class='ocrx_word' id='word_1_541' title='bbox 968 4306 1135 4387; x_wconf 87' lang='lat' dir='ltr'><strong>tantaque</strong></span> <span class='ocrx_word' id='word_1_542' title='bbox 1152 4295 1262 4385; x_wconf 90' lang='lat' dir='ltr'><strong>perti·</strong></span> <span class='ocrx_word' id='word_1_543' title='bbox 1311 4294 1477 4385; x_wconf 88' lang='lat' dir='ltr'><strong>publico,</strong></span> <span class='ocrx_word' id='word_1_544' title='bbox 1517 4304 1686 4383; x_wconf 89' lang='lat' dir='ltr'><strong>perpetuo</strong></span> <span class='ocrx_word' id='word_1_545' title='bbox 1720 4294 2028 4381; x_wconf 87' lang='lat' dir='ltr'><strong>conflictarentur,</strong></span> <span class='ocrx_word' id='word_1_546' title='bbox 2063 4311 2133 4367; x_wconf 90' lang='lat' dir='ltr'><strong>tres</strong></span> <span class='ocrx_word' id='word_1_547' title='bbox 2167 4320 2229 4388; x_wconf 92' lang='lat' dir='ltr'><strong>per</strong></span> <span class='ocrx_word' id='word_1_548' title='bbox 2261 4296 2300 4364; x_wconf 93' lang='lat' dir='ltr'><strong>id</strong></span> 
     </span>
     <span class='ocr_line' id='line_1_42' title="bbox 271 4389 2303 4490; baseline 0 -28"><span class='ocrx_word' id='word_1_549' title='bbox 271 4391 393 4477; x_wconf 87' lang='lat' dir='ltr'><strong>nacia,</strong></span> <span class='ocrx_word' id='word_1_550' title='bbox 420 4405 460 4461; x_wconf 89' lang='lat' dir='ltr'><strong>ut</strong></span> <span class='ocrx_word' id='word_1_551' title='bbox 479 4391 652 4482; x_wconf 87' lang='lat' dir='ltr'><strong>aequitate</strong></span> <span class='ocrx_word' id='word_1_552' title='bbox 676 4393 812 4485; x_wconf 88' lang='lat' dir='ltr'><strong>fideque</strong></span> <span class='ocrx_word' id='word_1_553' title='bbox 832 4393 990 4463; x_wconf 89' lang='lat' dir='ltr'><strong>iudicum</strong></span> <span class='ocrx_word' id='word_1_554' title='bbox 1012 4395 1173 4464; x_wconf 86' lang='lat' dir='ltr'><strong>satisfieri</strong></span> <span class='ocrx_word' id='word_1_555' title='bbox 1193 4393 1262 4462; x_wconf 93' lang='lat' dir='ltr'><strong>sibi</strong></span> <span class='ocrx_word' id='word_1_556' title='bbox 1312 4409 1449 4486; x_wconf 88' lang='lat' dir='ltr'><strong>tempus</strong></span> <span class='ocrx_word' id='word_1_557' title='bbox 1466 4392 1653 4478; x_wconf 80' lang='lat' dir='ltr'><strong>sactiones,</strong></span> <span class='ocrx_word' id='word_1_558' title='bbox 1681 4389 1858 4479; x_wconf 88' lang='lat' dir='ltr'><strong>homines,</strong></span> <span class='ocrx_word' id='word_1_559' title='bbox 1882 4399 2030 4490; x_wconf 89' lang='lat' dir='ltr'><strong>opinor,</strong></span> <span class='ocrx_word' id='word_1_560' title='bbox 2054 4423 2128 4469; x_wconf 92' lang='lat' dir='ltr'><strong>non</strong></span> <span class='ocrx_word' id='word_1_561' title='bbox 2147 4395 2303 4490; x_wconf 88' lang='lat' dir='ltr'><strong>pessimi,</strong></span> 
     </span>
     <span class='ocr_line' id='line_1_43' title="bbox 271 4493 2306 4589; baseline 0.003 -26"><span class='ocrx_word' id='word_1_562' title='bbox 271 4518 347 4563; x_wconf 92' lang='lat' dir='ltr'><strong>non</strong></span> <span class='ocrx_word' id='word_1_563' title='bbox 370 4493 569 4584; x_wconf 90' lang='lat' dir='ltr'><strong>patiantur,</strong></span> <span class='ocrx_word' id='word_1_564' title='bbox 602 4495 661 4562; x_wconf 89' lang='lat' dir='ltr'><strong>sed</strong></span> <span class='ocrx_word' id='word_1_565' title='bbox 685 4518 765 4564; x_wconf 91' lang='lat' dir='ltr'><strong>cum</strong></span> <span class='ocrx_word' id='word_1_566' title='bbox 783 4519 921 4564; x_wconf 89' lang='lat' dir='ltr'><strong>summo</strong></span> <span class='ocrx_word' id='word_1_567' title='bbox 938 4495 1014 4566; x_wconf 92' lang='lat' dir='ltr'><strong>iure</strong></span> <span class='ocrx_word' id='word_1_568' title='bbox 1035 4499 1262 4580; x_wconf 86' lang='lat' dir='ltr'><strong>contendant,</strong></span> <span class='ocrx_word' id='word_1_569' title='bbox 1311 4499 1372 4566; x_wconf 90' lang='lat' dir='ltr'><strong>sed</strong></span> <span class='ocrx_word' id='word_1_570' title='bbox 1395 4496 1484 4564; x_wconf 91' lang='lat' dir='ltr'><strong>male</strong></span> <span class='ocrx_word' id='word_1_571' title='bbox 1510 4496 1602 4562; x_wconf 90' lang='lat' dir='ltr'><strong>inter</strong></span> <span class='ocrx_word' id='word_1_572' title='bbox 1619 4517 1673 4579; x_wconf 89' lang='lat' dir='ltr'><strong>se,</strong></span> <span class='ocrx_word' id='word_1_573' title='bbox 1699 4509 1737 4566; x_wconf 88' lang='lat' dir='ltr'><strong>ut</strong></span> <span class='ocrx_word' id='word_1_574' title='bbox 1753 4496 1808 4580; x_wconf 83' lang='lat' dir='ltr'><strong>fit,</strong></span> <span class='ocrx_word' id='word_1_575' title='bbox 1833 4498 1872 4565; x_wconf 93' lang='lat' dir='ltr'><strong>in</strong></span> <span class='ocrx_word' id='word_1_576' title='bbox 1892 4499 2041 4589; x_wconf 87' lang='lat' dir='ltr'><strong>imperio</strong></span> <span class='ocrx_word' id='word_1_577' title='bbox 2060 4496 2306 4582; x_wconf 78' lang='lat' dir='ltr'><strong>cohaerentes,</strong></span> 
     </span>
     <span class='ocr_line' id='line_1_44' title="bbox 272 4595 2302 4690; baseline 0.002 -23"><span class='ocrx_word' id='word_1_578' title='bbox 272 4610 496 4689; x_wconf 83' lang='lat' dir='ltr'><strong>extremaque</strong></span> <span class='ocrx_word' id='word_1_579' title='bbox 530 4595 649 4665; x_wconf 88' lang='lat' dir='ltr'><strong>omnia</strong></span> <span class='ocrx_word' id='word_1_580' title='bbox 681 4597 924 4685; x_wconf 78' lang='lat' dir='ltr'><strong>experiantur,</strong></span> <span class='ocrx_word' id='word_1_581' title='bbox 956 4621 1057 4689; x_wconf 88' lang='lat' dir='ltr'><strong>saepe</strong></span> <span class='ocrx_word' id='word_1_582' title='bbox 1091 4597 1262 4669; x_wconf 81' lang='lat' dir='ltr'><strong>infensius</strong></span> <span class='ocrx_word' id='word_1_583' title='bbox 1312 4623 1420 4690; x_wconf 91' lang='lat' dir='ltr'><strong>eaque</strong></span> <span class='ocrx_word' id='word_1_584' title='bbox 1436 4597 1625 4677; x_wconf 89' lang='lat' dir='ltr'><strong>dissensio,</strong></span> <span class='ocrx_word' id='word_1_585' title='bbox 1651 4599 1776 4666; x_wconf 92' lang='lat' dir='ltr'><strong>morbo</strong></span> <span class='ocrx_word' id='word_1_586' title='bbox 1792 4598 1944 4669; x_wconf 84' lang='lat' dir='ltr'><strong>civitatis</strong></span> <span class='ocrx_word' id='word_1_587' title='bbox 1960 4599 2241 4688; x_wconf 79' lang='lat' dir='ltr'><strong>ingravescente,</strong></span> <span class='ocrx_word' id='word_1_588' title='bbox 2264 4613 2302 4671; x_wconf 90' lang='lat' dir='ltr'><strong>et</strong></span> 
     </span>
     <span class='ocr_line' id='line_1_45' title="bbox 274 4697 2301 4789; baseline 0.003 -22"><span class='ocrx_word' id='word_1_589' title='bbox 274 4721 353 4767; x_wconf 92' lang='lat' dir='ltr'><strong>cum</strong></span> <span class='ocrx_word' id='word_1_590' title='bbox 376 4697 573 4781; x_wconf 90' lang='lat' dir='ltr'><strong>iudicibus,</strong></span> <span class='ocrx_word' id='word_1_591' title='bbox 597 4721 702 4789; x_wconf 90' lang='lat' dir='ltr'><strong>quam</strong></span> <span class='ocrx_word' id='word_1_592' title='bbox 724 4721 804 4767; x_wconf 91' lang='lat' dir='ltr'><strong>cum</strong></span> <span class='ocrx_word' id='word_1_593' title='bbox 826 4699 1027 4769; x_wconf 88' lang='lat' dir='ltr'><strong>adversario</strong></span> <span class='ocrx_word' id='word_1_594' title='bbox 1050 4713 1262 4770; x_wconf 82' lang='lat' dir='ltr'><strong>concertent.</strong></span> <span class='ocrx_word' id='word_1_595' title='bbox 1313 4699 1540 4789; x_wconf 84' lang='lat' dir='ltr'><strong>gliscentibus</strong></span> <span class='ocrx_word' id='word_1_596' title='bbox 1578 4697 1668 4768; x_wconf 89' lang='lat' dir='ltr'><strong>odiis</strong></span> <span class='ocrx_word' id='word_1_597' title='bbox 1704 4699 1880 4769; x_wconf 91' lang='lat' dir='ltr'><strong>universis</strong></span> <span class='ocrx_word' id='word_1_598' title='bbox 1913 4701 2059 4771; x_wconf 78' lang='lat' dir='ltr'><strong>exitium</strong></span> <span class='ocrx_word' id='word_1_599' title='bbox 2092 4703 2301 4786; x_wconf 89' lang='lat' dir='ltr'><strong>minaretur,</strong></span> 
     </span>
     <span class='ocr_line' id='line_1_46' title="bbox 272 4796 2299 4898; baseline 0.002 -31"><span class='ocrx_word' id='word_1_600' title='bbox 272 4796 342 4867; x_wconf 91' lang='lat' dir='ltr'><strong>Hic</strong></span> <span class='ocrx_word' id='word_1_601' title='bbox 370 4824 454 4867; x_wconf 89' lang='lat' dir='ltr'><strong>vero</strong></span> <span class='ocrx_word' id='word_1_602' title='bbox 478 4796 752 4886; x_wconf 85' lang='lat' dir='ltr'><strong>Magistratuum</strong></span> <span class='ocrx_word' id='word_1_603' title='bbox 779 4800 969 4871; x_wconf 87' lang='lat' dir='ltr'><strong>auctoritas</strong></span> <span class='ocrx_word' id='word_1_604' title='bbox 994 4801 1262 4892; x_wconf 90' lang='lat' dir='ltr'><strong>periclitabitur,</strong></span> <span class='ocrx_word' id='word_1_605' title='bbox 1311 4800 1468 4892; x_wconf 85' lang='lat' dir='ltr'><strong>Respub.</strong></span> <span class='ocrx_word' id='word_1_606' title='bbox 1491 4799 1616 4872; x_wconf 90' lang='lat' dir='ltr'><strong>Soloni</strong></span> <span class='ocrx_word' id='word_1_607' title='bbox 1639 4803 1805 4870; x_wconf 89' lang='lat' dir='ltr'><strong>mandata</strong></span> <span class='ocrx_word' id='word_1_608' title='bbox 1827 4813 1893 4870; x_wconf 87' lang='lat' dir='ltr'><strong>est:</strong></span> <span class='ocrx_word' id='word_1_609' title='bbox 1929 4803 2068 4892; x_wconf 73' lang='lat' dir='ltr'><strong>inleges</strong></span> <span class='ocrx_word' id='word_1_610' title='bbox 2091 4806 2189 4888; x_wconf 89' lang='lat' dir='ltr'><strong>tulit,</strong></span> <span class='ocrx_word' id='word_1_611' title='bbox 2215 4804 2299 4898; x_wconf 87' lang='lat' dir='ltr'><strong>qui-</strong></span> 
     </span>
     <span class='ocr_line' id='line_1_47' title="bbox 272 4899 2301 4991; baseline 0.002 -22"><span class='ocrx_word' id='word_1_612' title='bbox 272 4900 343 4969; x_wconf 88' lang='lat' dir='ltr'><strong>nisi</strong></span> <span class='ocrx_word' id='word_1_613' title='bbox 359 4901 499 4991; x_wconf 88' lang='lat' dir='ltr'><strong>publice</strong></span> <span class='ocrx_word' id='word_1_614' title='bbox 522 4915 679 4991; x_wconf 91' lang='lat' dir='ltr'><strong>receptae</strong></span> <span class='ocrx_word' id='word_1_615' title='bbox 701 4901 793 4989; x_wconf 84' lang='lat' dir='ltr'><strong>leges</strong></span> <span class='ocrx_word' id='word_1_616' title='bbox 808 4902 1011 4974; x_wconf 86' lang='lat' dir='ltr'><strong>defendant.</strong></span> <span class='ocrx_word' id='word_1_617' title='bbox 1063 4899 1164 4972; x_wconf 86' lang='lat' dir='ltr'><strong>Adeo</strong></span> <span class='ocrx_word' id='word_1_618' title='bbox 1187 4927 1259 4972; x_wconf 90' lang='lat' dir='ltr'><strong>non</strong></span> <span class='ocrx_word' id='word_1_619' title='bbox 1311 4906 1375 4973; x_wconf 90' lang='lat' dir='ltr'><strong>bus</strong></span> <span class='ocrx_word' id='word_1_620' title='bbox 1400 4905 1629 4984; x_wconf 84' lang='lat' dir='ltr'><strong>libertatem,</strong></span> <span class='ocrx_word' id='word_1_621' title='bbox 1651 4916 1684 4972; x_wconf 93' lang='lat' dir='ltr'><strong>et</strong></span> <span class='ocrx_word' id='word_1_622' title='bbox 1706 4903 1819 4973; x_wconf 90' lang='lat' dir='ltr'><strong>otium</strong></span> <span class='ocrx_word' id='word_1_623' title='bbox 1834 4902 1915 4971; x_wconf 93' lang='lat' dir='ltr'><strong>urbi</strong></span> <span class='ocrx_word' id='word_1_624' title='bbox 1938 4906 2101 4978; x_wconf 86' lang='lat' dir='ltr'><strong>restituit.</strong></span> <span class='ocrx_word' id='word_1_625' title='bbox 2153 4902 2301 4977; x_wconf 79' lang='lat' dir='ltr'><strong>Etcum</strong></span> 
     </span>
    </p>

    <p class='ocr_par' dir='ltr' id='par_1_8' title="bbox 202 5000 2301 5094">
     <span class='ocr_line' id='line_1_48' title="bbox 202 5000 2301 5094; baseline 0.003 -26"><span class='ocrx_word' id='word_1_626' title='bbox 202 5038 205 5045; x_wconf 95' lang='lat'>·</span> <span class='ocrx_word' id='word_1_627' title='bbox 274 5004 380 5071; x_wconf 90' lang='lat' dir='ltr'><strong>modo</strong></span> <span class='ocrx_word' id='word_1_628' title='bbox 404 5004 569 5071; x_wconf 87' lang='lat' dir='ltr'><strong>adversus</strong></span> <span class='ocrx_word' id='word_1_629' title='bbox 592 5004 836 5094; x_wconf 86' lang='lat' dir='ltr'><strong>tyrannidem,</strong></span> <span class='ocrx_word' id='word_1_630' title='bbox 868 5003 907 5071; x_wconf 92' lang='lat' dir='ltr'><strong>in</strong></span> <span class='ocrx_word' id='word_1_631' title='bbox 929 5004 1065 5093; x_wconf 86' lang='lat' dir='ltr'><strong>legibus</strong></span> <span class='ocrx_word' id='word_1_632' title='bbox 1087 5005 1260 5074; x_wconf 91' lang='lat' dir='ltr'><strong>innocen·</strong></span> <span class='ocrx_word' id='word_1_633' title='bbox 1310 5024 1467 5076; x_wconf 90' lang='lat' dir='ltr'><strong>cerneret</strong></span> <span class='ocrx_word' id='word_1_634' title='bbox 1481 5000 1545 5074; x_wconf 85' lang='lat' dir='ltr'><strong>bas</strong></span> <span class='ocrx_word' id='word_1_635' title='bbox 1566 5003 1709 5075; x_wconf 89' lang='lat' dir='ltr'><strong>unicum</strong></span> <span class='ocrx_word' id='word_1_636' title='bbox 1724 5028 1796 5074; x_wconf 90' lang='lat' dir='ltr'><strong>esse</strong></span> <span class='ocrx_word' id='word_1_637' title='bbox 1811 5007 2019 5077; x_wconf 88' lang='lat' dir='ltr'><strong>concordiae</strong></span> <span class='ocrx_word' id='word_1_638' title='bbox 2033 5009 2186 5086; x_wconf 88' lang='lat' dir='ltr'><strong>vallum,</strong></span> <span class='ocrx_word' id='word_1_639' title='bbox 2212 5030 2301 5077; x_wconf 91' lang='lat' dir='ltr'><strong>con-</strong></span> 
     </span>
    </p>

    <p class='ocr_par' dir='ltr' id='par_1_9' title="bbox 271 5101 2299 5200">
     <span class='ocr_line' id='line_1_49' title="bbox 271 5101 2299 5200; baseline 0.003 -29"><span class='ocrx_word' id='word_1_640' title='bbox 271 5104 342 5173; x_wconf 88' lang='lat' dir='ltr'><strong>tiae</strong></span> <span class='ocrx_word' id='word_1_641' title='bbox 358 5103 573 5194; x_wconf 87' lang='lat' dir='ltr'><strong>praesidium</strong></span> <span class='ocrx_word' id='word_1_642' title='bbox 591 5118 659 5187; x_wconf 91' lang='lat' dir='ltr'><strong>est,</strong></span> <span class='ocrx_word' id='word_1_643' title='bbox 684 5107 742 5173; x_wconf 90' lang='lat' dir='ltr'><strong>sed</strong></span> <span class='ocrx_word' id='word_1_644' title='bbox 761 5117 795 5174; x_wconf 90' lang='lat' dir='ltr'><strong>et</strong></span> <span class='ocrx_word' id='word_1_645' title='bbox 812 5101 1076 5194; x_wconf 75' lang='lat' dir='ltr'><strong>Magistratibus</strong></span> <span class='ocrx_word' id='word_1_646' title='bbox 1093 5107 1260 5192; x_wconf 80' lang='lat' dir='ltr'><strong>adversus</strong></span> <span class='ocrx_word' id='word_1_647' title='bbox 1309 5108 1509 5190; x_wconf 90' lang='lat' dir='ltr'><strong>stituit,&#39;ut</strong></span> <span class='ocrx_word' id='word_1_648' title='bbox 1529 5108 1590 5199; x_wconf 88' lang='lat' dir='ltr'><strong>qui</strong></span> <span class='ocrx_word' id='word_1_649' title='bbox 1615 5107 1670 5176; x_wconf 91' lang='lat' dir='ltr'><strong>ius</strong></span> <span class='ocrx_word' id='word_1_650' title='bbox 1693 5106 1869 5191; x_wconf 89' lang='lat' dir='ltr'><strong>dicerent,</strong></span> <span class='ocrx_word' id='word_1_651' title='bbox 1896 5109 2072 5200; x_wconf 92' lang='lat' dir='ltr'><strong>conceptis</strong></span> <span class='ocrx_word' id='word_1_652' title='bbox 2090 5110 2206 5179; x_wconf 92' lang='lat' dir='ltr'><strong>verbis</strong></span> <span class='ocrx_word' id='word_1_653' title='bbox 2224 5110 2299 5178; x_wconf 91' lang='lat' dir='ltr'><strong>ius·</strong></span> 
     </span>
    </p>

    <p class='ocr_par' dir='ltr' id='par_1_10' title="bbox 270 5203 2300 5402">
     <span class='ocr_line' id='line_1_50' title="bbox 270 5203 2300 5305; baseline 0.004 -33"><span class='ocrx_word' id='word_1_654' title='bbox 270 5205 369 5296; x_wconf 84' lang='lat' dir='ltr'><strong>vulgi</strong></span> <span class='ocrx_word' id='word_1_655' title='bbox 388 5205 702 5296; x_wconf 88' lang='lat' dir='ltr'><strong>importunitatem.</strong></span> <span class='ocrx_word' id='word_1_656' title='bbox 742 5203 810 5274; x_wconf 87' lang='lat' dir='ltr'><strong>Hic</strong></span> <span class='ocrx_word' id='word_1_657' title='bbox 827 5220 995 5301; x_wconf 86' lang='lat' dir='ltr'><strong>tanquam</strong></span> <span class='ocrx_word' id='word_1_658' title='bbox 1011 5204 1164 5280; x_wconf 83' lang='lat' dir='ltr'><strong>aheneus</strong></span> <span class='ocrx_word' id='word_1_659' title='bbox 1178 5209 1259 5302; x_wconf 85' lang='lat' dir='ltr'><strong>qui·</strong></span> <span class='ocrx_word' id='word_1_660' title='bbox 1309 5209 1499 5277; x_wconf 85' lang='lat' dir='ltr'><strong>iurandum</strong></span> <span class='ocrx_word' id='word_1_661' title='bbox 1523 5210 1668 5301; x_wconf 81' lang='lat' dir='ltr'><strong>darent,</strong></span> <span class='ocrx_word' id='word_1_662' title='bbox 1702 5231 1739 5277; x_wconf 88' lang='lat' dir='ltr'><strong>se</strong></span> <span class='ocrx_word' id='word_1_663' title='bbox 1763 5232 1803 5277; x_wconf 86' lang='lat' dir='ltr'><strong>ex</strong></span> <span class='ocrx_word' id='word_1_664' title='bbox 1832 5209 1967 5305; x_wconf 84' lang='lat' dir='ltr'><strong>legibus</strong></span> <span class='ocrx_word' id='word_1_665' title='bbox 1997 5234 2051 5278; x_wconf 89' lang='lat' dir='ltr'><strong>res</strong></span> <span class='ocrx_word' id='word_1_666' title='bbox 2080 5210 2300 5281; x_wconf 86' lang='lat' dir='ltr'><strong>iudicaturos</strong></span> 
     </span>
     <span class='ocr_line' id='line_1_51' title="bbox 270 5308 2300 5402; baseline 0.002 -24"><span class='ocrx_word' id='word_1_667' title='bbox 270 5309 351 5378; x_wconf 87' lang='lat' dir='ltr'><strong>darn</strong></span> <span class='ocrx_word' id='word_1_668' title='bbox 368 5330 490 5379; x_wconf 76' lang='lat' dir='ltr'><strong>usurus</strong></span> <span class='ocrx_word' id='word_1_669' title='bbox 507 5319 569 5389; x_wconf 91' lang='lat' dir='ltr'><strong>est,</strong></span> <span class='ocrx_word' id='word_1_670' title='bbox 592 5308 746 5398; x_wconf 87' lang='lat' dir='ltr'><strong>deniqne</strong></span> <span class='ocrx_word' id='word_1_671' title='bbox 762 5332 949 5381; x_wconf 89' lang='lat' dir='ltr'><strong>commune</strong></span> <span class='ocrx_word' id='word_1_672' title='bbox 967 5309 1148 5382; x_wconf 87' lang='lat' dir='ltr'><strong>vinculum</strong></span> <span class='ocrx_word' id='word_1_673' title='bbox 1163 5311 1259 5381; x_wconf 92' lang='lat' dir='ltr'><strong>inter</strong></span> <span class='ocrx_word' id='word_1_674' title='bbox 1309 5333 1391 5381; x_wconf 85' lang='lat' dir='ltr'><strong>esse.</strong></span> <span class='ocrx_word' id='word_1_675' title='bbox 1421 5309 1493 5398; x_wconf 90' lang='lat' dir='ltr'><strong>Qui</strong></span> <span class='ocrx_word' id='word_1_676' title='bbox 1504 5309 1777 5401; x_wconf 77' lang='lat' dir='ltr'><strong>blagistratuum</strong></span> <span class='ocrx_word' id='word_1_677' title='bbox 1792 5313 1939 5384; x_wconf 87' lang='lat' dir='ltr'><strong>arbitrio</strong></span> <span class='ocrx_word' id='word_1_678' title='bbox 1954 5313 2160 5402; x_wconf 89' lang='lat' dir='ltr'><strong>simpliciter</strong></span> <span class='ocrx_word' id='word_1_679' title='bbox 2178 5313 2300 5383; x_wconf 89' lang='lat' dir='ltr'><strong>omnia</strong></span> 
     </span>
    </p>
   </div>
   <div class='ocr_carea' id='block_1_5' title="bbox 0 0 2386 6020">
    <p class='ocr_par' dir='ltr' id='par_1_11' title="bbox 0 0 2386 6020">
     <span class='ocr_line' id='line_1_52' title="bbox 0 0 2386 6020; baseline 0 0"><span class='ocrx_word' id='word_1_680' title='bbox 0 0 2386 6020; x_wconf 95' lang='lat' dir='ltr'><strong> </strong></span> 
     </span>
    </p>
   </div>
  </div>
 </body>
</html>
