4732 6030
99 345 176 420 418
828 342 988 419 DECL.
1028 338 1102 416 DE
1133 336 1424 416 PLATONE.
2066 349 2143 426 414

101 518 192 589 Nam
208 519 235 585 si
254 529 397 609 propter
410 516 568 609 inopiam
590 531 625 590 et
643 530 883 610 contemptum
900 519 1096 588 excludun-
1146 526 1228 584 vota
1249 514 1379 598 facere,
1405 524 1446 582 ut
1468 511 1564 583 Deus
1587 507 1674 583 haec
1700 529 1908 587 ornamenta
1922 517 2033 609 uitae,
2059 520 2140 593 lite-

103 635 160 691 tur
182 614 267 688 haec
288 619 423 701 studia,
457 620 665 691 excludatur
688 623 808 690 cadem
834 643 941 711 opera
968 615 1096 691 huma·
1145 639 1220 700 ras,
1245 616 1356 705 leges,
1382 614 1591 704 religionem
1608 629 1802 690 conservet.
1854 616 1962 691 Venit
1977 622 2081 691 etiam
2094 624 2138 693 in

101 722 213 799 nitas,
248 720 457 793 excludatur
480 721 594 792 virtus
619 735 653 793 et
683 716 867 806 honestas,
899 735 1095 818 quaesunt
1145 730 1319 801 mentem,
1345 742 1424 787 cum
1448 719 1609 787 omnium
1632 718 1902 809 disciplinarum
1925 725 2139 811 professores

99 825 264 893 alumnae
288 821 495 909 Musarum,
530 847 749 918 quarumque
769 846 896 915 parens
917 848 957 894 ac
977 825 1094 894 nutri·
1143 819 1303 903 intueor,
1331 833 1503 912 quantum
1529 821 1621 891 vitae
1635 820 1743 891 decus
1758 821 1822 901 sit,
1848 823 1985 911 integer
2006 826 2136 896 artium

99 925 174 994 cius
194 922 373 994 Homerus
395 938 465 1009 est,
491 925 698 997 excludatur
725 926 899 1020 quidquid
923 950 1004 994 vere
1028 927 1094 995 bo-
1143 916 1287 991 chorus.
1340 923 1461 1011 Quare
1486 917 1553 991 hos
1578 935 1697 993 coetus
1725 923 1773 991 ita
1803 924 2034 994 celebrandos
2064 950 2137 997 esse

99 1049 197 1110 num,
223 1041 398 1110 sanctum,
424 1027 593 1120 piumque
608 1040 659 1097 est
674 1028 711 1095 in
729 1030 875 1111 mundo,
903 1023 1094 1096 hisomni-
1143 1021 1425 1109 meminerimus,
1458 1037 1499 1094 ut
1533 1047 1597 1093 nos
1620 1025 1665 1093 de
1695 1024 1906 1097 coelestibus
1934 1027 2058 1111 donis,
2091 1031 2136 1099 de

99 1130 165 1197 bus
200 1129 295 1196 enim
331 1152 412 1196 vere
445 1124 513 1198 hoc
545 1124 762 1225 ἐπίγραμμα
790 1129 936 1198 inscribi
965 1141 1093 1220 potest,
1142 1122 1293 1214 Repub„
1319 1126 1363 1193 de
1381 1137 1500 1194 nostro
1514 1126 1630 1194 officio
1647 1127 1874 1202 admoneant.
1903 1126 2000 1216 Quid
2017 1142 2135 1200 autem
2192 1156 2194 1161 ¹

98 1231 195 1322 quod
213 1229 358 1321 quidam
374 1230 543 1299 aediculis
559 1233 631 1299 suis
646 1231 819 1321 praefixit:
1141 1227 1252 1315 magis
1269 1228 1366 1296 decet
1383 1226 1421 1294 in
1443 1227 1640 1318 frequentia
1657 1229 1861 1315 doctorum,
1888 1235 2053 1324 quamde
2070 1234 2136 1302 bo·

162 1339 246 1416 οἴκος
266 1337 319 1406 o‘d'
342 1341 406 1405 ἐστὶ
427 1341 539 1425 μικρὸς
560 1341 633 1407 τάδε
654 1341 714 1450 ydp
738 1351 863 1426 σημεῖον
883 1340 1012 1427 ἄριστον
1141 1328 1197 1396 nis
1212 1329 1316 1396 rebus
1333 1327 1449 1396 dicere
1464 1351 1503 1395 ac
1518 1328 1640 1396 audire
1656 1329 1817 1421 aliquid?
1841 1355 1909 1424 qua
1925 1333 1962 1400 in
1978 1356 2027 1416 re,
2050 1334 2135 1425 quia

203 1432 261 1509 τῆς
281 1427 387 1501 πενίας
405 1424 574 1512 perspicae,
597 1426 655 1510 τῆς
676 1429 695 1492 d
732 1426 844 1513 ἀρετῆς
868 1430 964 1493 πενία.
1140 1430 1210 1497 mei
1237 1430 1394 1497 muneris
1410 1429 1500 1499 ratio
1525 1430 1698 1520 postulat,
1724 1443 1764 1499 ul
1781 1424 1839 1500 hic
1855 1439 2050 1502 orationem
2069 1431 2134 1504 ha-

149 1536 536 1621 Nonestmsgnadomua,
559 1541 741 1625 quidcum?
770 1546 825 1605 sub
842 1565 973 1626 paupere
985 1554 1063 1604 teoto
1140 1532 1260 1615 beam,
1293 1531 1396 1600 valde
1418 1531 1570 1622 optarim
1595 1555 1651 1599 me
1673 1554 1772 1620 posse
1796 1535 1897 1602 vobis
1923 1535 2132 1609 satisfacere.
2162 1522 2168 1530 ’

200 1639 297 1725 Saepe
313 1648 402 1703 etiam
417 1648 511 1707 virtus
526 1649 681 1727 ingeniosa
697 1648 777 1707 latet.
798 1625 801 1630 ι
968 1646 971 1652 ’
1140 1631 1210 1702 Sed
1233 1656 1385 1725 aequum
1408 1646 1478 1716 esl,
1505 1655 1567 1700 vos
1591 1635 1674 1701 dare
1701 1633 1837 1701 veniam
1859 1636 2078 1721 dicentibuS,
2103 1638 2134 1707 sl

547 1755 642 1831 Dixi.
1140 1747 1256 1803 tamen
1272 1736 1357 1802 dent
1370 1757 1513 1825 operam
1528 1747 1567 1802 ut
1583 1736 1752 1823 probetur
1767 1736 1866 1805 vobis
1882 1737 2039 1826 ipsorum
2055 1753 2131 1807 stu-

1139 1835 1259 1913 dium,
1284 1848 1316 1903 et
1338 1848 1376 1903 ut
1397 1847 1600 1923 argumenta
1623 1838 1783 1905 adferant
1807 1830 1952 1906 honesta
1970 1861 2010 1907 ac
2028 1833 2131 1908 scho-

1139 1936 1268 2004 lasticis
1282 1935 1394 2008 utilia.
1427 1933 1541 2004 Porro
1558 1959 1767 2025 magnopere
1783 1940 1927 2028 prodest
1943 1940 2130 2008 doctorum

1139 2050 1173 2106 et
1189 2037 1433 2106 excellentium
1456 2037 1616 2104 virorum
1639 2034 1805 2107 historias
1831 2051 1969 2124 tenere,
1997 2054 2132 2111 namet

96 2128 162 2198 No.
177 2125 239 2202 64.
918 2128 967 2200 an.
994 2133 1087 2202 1538.
1139 2138 1294 2226 exempla
1311 2162 1444 2221 comm,
1472 2162 1511 2207 ac
1527 2138 1681 2231 pericula
1701 2154 1735 2209 et
1753 2141 1838 2209 varii
1855 2156 2002 2212 eventus
2019 2144 2130 2212 multa

100 2229 233 2256 Μ
909 2223 1081 2253 “⁸''
1139 2264 1205 2308 nos
1235 2253 1400 2324 monent,
1431 2241 1573 2309 devita
1604 2255 1638 2310 et
1663 2243 1841 2328 moribus,
1875 2257 1909 2313 et
1944 2246 2130 2337 opiniones

434 2323 512 2409 De
538 2321 748 2408 Platone.
1138 2364 1258 2410 eorum
1283 2342 1440 2410 formant
1458 2341 1589 2410 iudicia
1606 2343 1827 2413 discentium.
1881 2344 1999 2415 Probo
2023 2348 2131 2435 igitur

163 2495 244 2566 Apud
261 2492 374 2549 ceston.
394 2493 466 2563 Myt.
486 2511 512 2564 Ρ.
524 2494 576 2549 263
588 2513 663 2566 ,qu
687 2493 715 2548 in
734 2495 856 2550 nectam.
875 2497 910 2551 T·
924 2497 957 2552 n·
974 2514 1001 2568 p.
1015 2498 1086 2565 m,
1138 2442 1326 2513 consilium
1350 2443 1513 2526 illorum,
1547 2442 1608 2534 qui
1635 2459 1736 2512 antea
1761 2439 1819 2512 hic
1843 2447 2129 2515 doctissimorum

197 2564 226 2617 tn
239 2565 359 2619 serven.
371 2563 404 2620 T.
418 2565 451 2620 tt.
466 2562 563 2635 psat.
580 2572 607 2616 et
618 2563 690 2684 apud
705 2563 834 2621 Richard.
847 2564 880 2621 T.
892 2565 914 2619 1.
932 2582 960 2636 p.
974 2570 1034 2625 517,
1051 2599 1087 2611 -
1137 2540 1324 2612 hominum
1343 2537 1509 2613 historias
1524 2543 1727 2614 recitarunt.
1763 2541 1810 2613 Et
1827 2541 2130 2632 uthosimitarer,

646 2632 689 2687 ⁹⁸·
1137 2645 1333 2714 orationem
1349 2647 1393 2715 de
1408 2643 1556 2714 Platone
1570 2644 1726 2729 institui,
1751 2646 1852 2715 euius
1866 2646 2000 2732 studia,
2026 2671 2128 2739 pere·

198 2634 243 2691 cf.
257 2635 325 2705 app.
339 2633 403 2692 vu.
418 2633 465 2690 tu.
479 2652 506 2705 ρ.
519 2631 578 2686 sss.
590 2643 616 2686 u

1136 2747 1374 2837 grinationes,
1415 2745 1565 2814 consilia
1593 2745 1632 2814 in
1655 2743 1795 2837 Repub.
1826 2769 1928 2818 nosse
1953 2761 1987 2818 ct
2009 2749 2128 2841 aliquo

1135 2850 1245 2917 modo
1269 2848 1408 2932 videre,
1435 2848 1539 2940 quale
1561 2846 1607 2916 sit
1630 2870 1740 2937 genus
1756 2844 2010 2941 Philosophiae
2032 2851 2129 2943 quod

1138 2962 1282 3034 tractat,
1297 2963 1342 3018 ‘et
1356 2949 1442 3041 quid
1460 2947 1622 3017 utilitatis
1638 2948 1773 3018 adferat
1788 2951 2017 3032 discentibus,
2044 2976 2128 3043 pro·

1135 3051 1227 3119 fecto
1247 3049 1401 3118 multum
1424 3050 1577 3139 prodest.
1629 3043 1804 3120 Omittam
1828 3063 1944 3121 autem
1967 3053 2030 3121 illa
2048 3053 2128 3122 vul-

93 3139 142 3221 ln
156 3142 411 3214 deliberatione
433 3140 638 3231 gravissima
659 3144 754 3232 apud
774 3139 1012 3240 Thucydiden
1027 3149 1085 3219 in·
1136 3151 1230 3240 garia
1247 3150 1417 3229 encomia,
1444 3173 1566 3243 quaes
1581 3151 1719 3240 generis
1733 3152 1931 3237 nobilitate,
1955 3166 2049 3224 auta
2065 3177 2129 3245 pa-

37 3313 39 3317 .
95 3248 174 3340 quit
187 3269 245 3314 rex
262 3247 455 3335 Spartanus
471 3237 728 3329 Archidamus,
753 3238 845 3316 hanc
860 3267 934 3316 esse
951 3252 1084 3340 patriae
1137 3253 1224 3321 triae
1246 3246 1416 3321 charitate
1439 3265 1640 3322 sumuntur.
1691 3250 1782 3320 Nam
1804 3276 1882 3322 cum
1904 3246 1991 3324 haec
2016 3255 2128 3324 oratio

96 3347 341 3439 disciplinam,
367 3357 407 3412 ut
427 3342 521 3413 cives
538 3363 612 3413 non
633 3346 799 3418 studeant
816 3345 1009 3421 calliditate
1033 3354 1083 3421 le-
1137 3348 1310 3422 habeatur
1332 3355 1376 3421 ad
1403 3352 1592 3424 utilitatem
1614 3352 1846 3435 discentium,
1878 3356 1923 3424 de
1945 3356 2128 3426 doctrinae

94 3471 171 3538 ges,
202 3461 264 3518 aut
284 3447 426 3514 vincere
448 3458 510 3516 aut
533 3444 762 3534 labefactare,
795 3453 856 3520 sed
879 3450 956 3521 sine
975 3454 1085 3543 tergi·
1136 3477 1262 3542 genere
1277 3453 1449 3543 prolixius
1469 3453 1659 3523 dicendum
1679 3455 1755 3524 erit.
1806 3454 1877 3525 Sed
1894 3456 2003 3526 vitam
2024 3470 2127 3526 antea

93 3549 292 3619 versatione
307 3549 563 3638 obtemperent.
594 3541 770 3622 Existimo
783 3563 900 3620 autem
915 3567 989 3623 non
1004 3568 1084 3624 tan-
1136 3557 1290 3625 breviter
1304 3579 1493 3645 exponam:
1516 3553 1628 3625 Natus
1641 3567 1693 3622 est
1710 3552 1811 3624 Plato
1822 3551 1984 3641 Athenis,
2005 3581 2126 3630 mense

93 3666 170 3723 tum
188 3648 498 3727 Lacaedemoniis,
522 3648 585 3718 sed
600 3649 768 3720 omnibus
784 3650 986 3724 civitatibus
1001 3657 1083 3726 ubi.
1136 3654 1270 3726 Martio
1292 3679 1337 3723 eu¹
1351 3679 1465 3740 anno,
1493 3679 1565 3747 quo
1580 3657 1638 3723 vir
1650 3655 1959 3748 eloquentissimus
1973 3657 2127 3729 Pericles

94 3775 162 3847 que
182 3763 375 3835 terrarum,
402 3750 519 3840 legum
541 3750 775 3822 reverentiam
792 3752 981 3824 salutarem
999 3779 1083 3830 esse.
1134 3770 1295 3827 mortuus
1317 3770 1388 3835 est,
1423 3780 1463 3824 ac
1488 3755 1557 3826 fuit
1580 3756 1610 3824 is
1624 3779 1740 3824 annus
1757 3759 1882 3827 tertius
1895 3759 2126 3827 funestissimi

95 3855 202 3945 Quod
224 3877 303 3923 cum
328 3853 375 3923 ita
398 3851 460 3937 sit,
486 3865 520 3922 et
542 3845 632 3920 mihi
654 3863 689 3921 et
705 3852 806 3924 vobis
826 3848 1015 3927 honestum
1031 3871 1083 3928 est
1135 3859 1241 3941 belli,
1276 3858 1373 3948 quod
1400 3857 1493 3923 inter
1517 3878 1554 3923 se
1580 3854 1737 3925 Graecae
1762 3857 1920 3926 civitates
1945 3859 2127 3952 gerebant,

94 3956 185 4028 tueri
217 3956 347 4045 gradm
372 3955 411 4022 in
444 3948 575 4023 scholis
604 3953 833 4040 constitutos,
867 3972 907 4033 ut
933 3957 1083 4048 legibus,
1135 3960 1230 4050 quod
1255 3953 1595 4045 Peloponnesiacum
1616 3954 1759 4027 dicitur.
1811 3955 1978 4028 Materno
2001 3983 2127 4051 genere

94 4080 184 4153 quae
199 4080 273 4126 nou
291 4059 367 4126 sine
385 4056 485 4147 gravi
507 4076 610 4125 causa
627 4054 730 4125 nobis
750 4080 770 4125 a
794 4058 990 4128 maioribus
1010 4072 1083 4129 tra·
1135 4057 1413 4128 aSoloneortus
1430 4068 1491 4125 est.
1538 4053 1798 4127 Patrimonium
1815 4053 1940 4130 habuit
1956 4063 2126 4154 amplum,

93 4159 187 4230 ditae
201 4175 302 4242 sunt,
329 4180 524 4249 pareamus.
573 4153 694 4243 Quare
708 4169 742 4226 et
756 4170 909 4229 vestrum
926 4160 1083 4230 officium
1135 4182 1244 4253 quare
1263 4157 1460 4227 liberaliter
1481 4156 1662 4227 institutus
1681 4172 1752 4243 est,
1781 4185 1821 4230 ac
1835 4161 1975 4242 literas,
2000 4159 2126 4233 Arith-

95 4263 219 4346 laudo,
245 4263 341 4354 quod
359 4259 492 4350 publici
506 4257 617 4328 moris
634 4261 869 4329 conservandi
889 4284 992 4331 causa
1013 4257 1083 4332 huc
1135 4262 1286 4330 meticen
1320 4274 1353 4328 et
1375 4255 1618 4328 Geometriam
1641 4260 1844 4331 adolescens
1870 4263 2013 4333 didicit:
2042 4287 2126 4334 nam

93 4363 319 4448 convenistis,
333 4376 366 4431 et
376 4376 467 4454 peto,
482 4376 521 4433 ut
535 4383 649 4430 meam
664 4360 860 4431 orationem
876 4387 988 4456 aequo
1003 4365 1083 4432 ani·
1134 4359 1200 4433 hae
1223 4376 1313 4431 artes
1335 4357 1487 4431 Athenis
1510 4361 1741 4432 tradebantur
1765 4362 1870 4432 initio
1894 4364 2026 4455 pueris.
2077 4362 2126 4436 llt

93 4489 151 4536 mo
169 4466 341 4548 audiatis,
367 4461 571 4556 praesertim
584 4485 665 4532 cum
680 4484 754 4531 non
767 4467 977 4556 sumpserim
993 4462 1084 4535 nsilri
1134 4465 1218 4558 qnia
1242 4463 1384 4553 ingenio
1401 4462 1557 4545 valebat,
1583 4464 1720 4553 scripsit
1734 4462 1899 4534 Poe'mata
1915 4477 1949 4536 et
1968 4465 2127 4557 Tragoe-

94 4562 159 4637 has
175 4579 290 4656 partes
304 4566 438 4655 ingenii
454 4564 594 4647 fiducia,
610 4565 671 4632 sed
685 4565 925 4636 necessitatem
941 4567 1085 4636 dicendi
1134 4568 1229 4651 dias,
1260 4562 1447 4654 Euripidis
1473 4564 1707 4633 admiratione
1733 4565 1925 4655 excitatus,
1966 4569 2023 4637 cui
2050 4584 2126 4641 erat

93 4663 163 4739 hoc
185 4668 263 4737 loco
284 4669 388 4737 nobis
408 4669 569 4757 imponat
589 4663 698 4733 oflicii
710 4666 810 4736 ratio.
851 4664 977 4737 Nescio
994 4693 1084 4763 quo-
1134 4667 1334 4738 familiaris:
1372 4664 1498 4733 incidit
1525 4664 1620 4732 enim
1644 4665 1879 4736 adolescentia
1902 4665 2063 4739 Platonis
2085 4670 2125 4740 in

94 4772 203 4840 modo
218 4769 280 4840 alii
295 4769 366 4839 sint
379 4767 508 4853 affecti,
529 4767 591 4835 scd
604 4766 649 4833 de
664 4790 744 4835 meo
760 4768 881 4838 animo
898 4763 966 4838 hoc
981 4794 1084 4861 prae·
1133 4784 1271 4861 tempus
1287 4767 1450 4850 civitatis,
1470 4789 1545 4833 uon
1561 4765 1705 4858 quidem
1721 4767 1975 4859 tranquillum,
1995 4773 2055 4841 sed
2073 4784 2126 4842 ta-

93 4872 212 4942 dicare
228 4895 387 4963 possum,
413 4866 478 4941 hos
496 4861 854 4940 coetusseholasticos
870 4886 903 4942 et
919 4894 1084 4960 congres-
1133 4895 1217 4940 men
1232 4892 1306 4938 non
1323 4867 1432 4938 triste.
1486 4864 1700 4960 Quanquam
1717 4866 1812 4936 enim
1828 4868 1930 4939 initia
1946 4868 2030 4942 belli
2047 4874 2127 4943 fue-

92 4997 153 5044 sus
175 4989 315 5045 nostros
340 4966 432 5041 mihi
460 4970 581 5041 multis
601 4971 646 5038 de
668 4969 780 5039 causis
811 4972 1084 5043 iucundissimos
1133 4985 1213 5041 rant
1230 4971 1466 5062 inauspicata,
1491 4982 1525 5039 ct
1539 4989 1687 5056 magnae
1702 4968 1820 5039 clades
1837 4983 1937 5049 erant
1951 4990 2124 5066 acceptae,

93 5099 179 5148 esse.
222 5073 323 5145 luvat
338 5075 434 5145 enim
450 5073 570 5143 videre
585 5067 670 5141 haec
686 5072 785 5162 quasi
806 5075 977 5164 praesidia
995 5071 1084 5146 Rei·
1132 5086 1250 5143 tamen
1273 5084 1392 5164 postea
1416 5093 1529 5140 annos
1547 5067 1686 5141 circiter
1702 5070 1829 5161 viginti
1848 5073 1981 5146 multae
1997 5100 2053 5146 res
2070 5100 2126 5147 se-

94 5180 179 5271 pub.
196 5177 361 5247 videlicet
378 5200 457 5245 cum
475 5175 626 5244 maiores
640 5185 743 5257 natu,
769 5174 830 5265 qui
847 5174 916 5243 iam
933 5174 1082 5246 consilio
1133 5177 1270 5245 cundae
1303 5183 1509 5244 consecutae
1547 5171 1676 5261 iterum
1711 5187 1899 5245 erexerunt
1932 5175 2123 5250 civitatem.

93 5296 128 5351 et
143 5281 330 5351 autoritate
345 5302 407 5348 sua
424 5289 549 5366 regunt
562 5272 740 5365 Rempub.
755 5289 831 5344 tum
849 5270 945 5347 hunc
959 5279 1082 5348 florem
1133 5276 1256 5347 Postea
1273 5298 1354 5348 cum
1376 5288 1469 5343 aetas
1485 5271 1645 5344 Platonis
1668 5297 1758 5366 pene
1775 5288 1911 5347 matura
1934 5292 2039 5358 esset,
2066 5276 2124 5345 rel

91 5384 307 5466 iuventutis,
348 5405 438 5475 quae
472 5377 710 5470 posteritatem
741 5378 981 5468 gubernatura
1014 5392 1082 5450 est:
1132 5380 1299 5466 militiae,
1323 5377 1380 5446 vel
1401 5376 1565 5460 civilibus
1586 5377 1813 5462 muneribus,
1838 5378 1980 5447 fortuna
1997 5377 2124 5448 civita·

90 5485 152 5556 cui
168 5483 277 5557 iubis
297 5481 542 5575 congressibus
558 5481 649 5554 bene
671 5481 809 5576 precari
829 5480 1017 5562 debemus.
1042 5505 1083 5551 ac
1132 5481 1333 5554 tis-mutata
1355 5478 1512 5562 obstitit,
1543 5503 1616 5573 quo
1637 5478 1823 5548 minusad
1848 5474 2123 5569 Rempublicam

96 2796 223 2864 Oratio
244 2793 292 2864 de
306 2795 484 2878 Plutone,
510 2787 644 2862 tauto
660 2813 685 2861 α
707 2791 920 2872 Gunrodo
948 2798 1085 2892 Lago,

97 2917 182 2967 rma
207 2895 418 2968 decerneret
447 2894 603 2973 titulum
617 2895 836 2985 Magisteris'
864 2893 1086 2986 quidusdam

362 2990 566 3081 studiosis,
592 3014 690 3062 anno
708 2990 819 3066 1538.
