4732 6030
105 324 155 397 si
422 266 426 273 ’
840 299 1005 393 nucu
1033 315 1108 392 uu
1139 314 1411 392 uncinos.
2052 284 2141 393 'aa

108 495 179 566 nisi
201 492 359 586 proxime
374 504 635 585 repraesentent
650 511 739 584 quos
755 489 887 562 imitari
901 491 1097 574 instituere,
1150 493 1245 563 timis
1272 488 1464 584 sapientiae
1493 487 1751 580 penetralibus,
1784 513 1825 558 ex
1855 489 2140 562 doctissimorum

72 680 81 694 ·
110 597 157 667 ita
188 611 222 668 et
243 594 336 685 leges
357 619 483 688 parum
506 595 714 686 probamus,
745 595 968 662 acommuni
993 606 1097 683 captu
1149 592 1358 677 Poetarum,
1395 586 1591 662 Oratornm
1620 601 1654 659 et
1683 584 1982 683 Philosophorum
2011 618 2140 665 monu-

107 698 326 767 remotiores.
376 694 498 784 Quare
520 692 587 765 hoc
602 690 690 763 mihi
706 695 810 784 plane
827 694 999 784 persuasi,
1025 693 1097 763 uti·
1149 696 1295 779 mentis,
1322 690 1886 765 etrecitantdoctissimosrernrn
1902 688 2139 765 humanarum

104 799 232 869 liorem
261 820 334 868 esse
360 796 606 871 Romanarum
635 797 751 886 legum
783 795 1021 886 cognitionem
1051 795 1096 863 iis
1148 797 1309 867 omnium
1332 796 1560 888 imperatores
1581 807 1614 863 et
1638 790 1911 863 Iurisconsultus
1934 810 2138 866 nostrorum

105 902 167 993 qui
196 897 354 990 Respub.
386 911 551 988 gerunt,
567 922 672 992 quam
695 893 1026 989 philosophicarum
1056 897 1095 964 in
1147 899 1353 968 tabularum
1377 896 1641 980 dissimiliores,
1668 920 1775 987 quam
1799 908 1882 966 sunt
1903 890 2076 968 Chiorum
2099 899 2137 966 in

107 997 174 1072 hoc
205 1024 331 1092 genere
362 1000 653 1091 disputationum.
726 997 911 1082 Graviter,
944 998 1096 1068 civiliter
1148 1000 1228 1071 talis
1245 997 1330 1084 Coi,
1353 999 1414 1066 sed
1437 997 1598 1067 instructi
1618 997 1750 1083 literis,
1774 1020 1840 1066 usu
1857 993 2013 1089 Reipub.
2038 1000 2137 1068 domi

104 1117 140 1174 et
155 1099 363 1174 humanitus
377 1102 496 1171 omnia
510 1103 699 1172 constituta
711 1111 826 1170 sunta
843 1102 959 1190 legum
973 1112 1095 1169 aucto·
1147 1102 1304 1195 lorisque
1327 1100 1499 1189 gerendae
1521 1098 1717 1167 exercitati:
1757 1098 1813 1167 vel
1836 1111 2016 1170 tantorum
2038 1099 2137 1170 viro-

105 1206 222 1289 ribus,
247 1206 355 1297 idque
372 1226 428 1271 res
443 1203 598 1291 cogebat.
649 1197 764 1272 Erant
781 1203 874 1272 enim
892 1203 935 1270 ad
954 1201 1093 1271 civilem
1147 1227 1226 1272 rum
1257 1202 1447 1272 memoriae
1479 1194 1539 1268 hic
1566 1193 1681 1267 honos
1705 1200 1871 1285 debetur,
1904 1214 1943 1271 ut
1968 1215 2136 1295 tanquam

104 1301 296 1378 homiuum
327 1306 617 1401 consuetudinem
645 1303 737 1393 leges
764 1304 1095 1386 accommodandae,
1147 1306 1306 1385 exuvias,
1331 1327 1453 1372 corum
1474 1301 1603 1391 scripta
1620 1323 1880 1374 conservemus.
1931 1299 2038 1389 Quod
2056 1327 2137 1374 curn

103 1433 180 1478 non
207 1408 309 1477 aliter
333 1421 437 1499 atque
457 1400 687 1498 pharmacum
709 1406 935 1498 attemperari
955 1417 1094 1495 oportet
1147 1428 1283 1477 summa
1305 1428 1387 1474 cura
1405 1402 1560 1474 Maiores
1578 1402 1691 1471 nostri
1709 1401 1964 1491 praestiterint,
1989 1406 2136 1497 aequius

103 1508 200 1599 aegri
215 1509 371 1599 corporis
388 1521 535 1578 naturae
548 1534 587 1577 ac
603 1506 749 1579 viribus.
800 1502 1011 1597 Philosophi
1025 1505 1094 1574 sibi
1147 1523 1197 1578 est
1218 1509 1362 1577 illorum
1386 1530 1452 1574 nos
1476 1505 1672 1594 exemplum
1697 1502 1849 1586 imitari,
1875 1526 1981 1595 quarn
2004 1506 2048 1573 iis
2070 1508 2136 1578 ob-

103 1609 144 1679 in
165 1604 295 1678 scholis
318 1611 489 1703 quaedam
509 1610 619 1680 libere
636 1609 845 1700 permisere,
870 1634 960 1702 quae
979 1609 1016 1675 in
1034 1631 1094 1696 ge·
1147 1611 1265 1703 sequi,
1292 1608 1352 1702 qni
1377 1632 1452 1677 non
1474 1607 1580 1674 modo
1603 1605 1738 1694 legibus
1760 1605 1853 1672 male
1876 1606 2020 1696 propitii
2041 1621 2136 1694 sunt,

101 1711 224 1782 tendis
247 1710 353 1781 rebus
374 1710 528 1802 publicis
550 1736 623 1781 non
645 1712 751 1781 fuerit
766 1712 968 1781 consultum
985 1708 1093 1800 sequi.
1147 1713 1207 1778 sed
1239 1734 1381 1801 prorsus
1410 1732 1525 1802 neque
1549 1707 1621 1789 ius,
1651 1729 1767 1799 neque
1790 1706 1924 1776 bonum
1949 1720 2055 1800 atque
2076 1733 2136 1777 ae·

102 1810 197 1885 Sunt
218 1814 390 1906 quaedam
414 1813 453 1880 in
467 1809 612 1904 Europa
636 1827 774 1901 gentes,
802 1837 891 1905 quae
910 1834 982 1878 non
999 1808 1094 1877 iudi·
1146 1836 1255 1903 quum
1281 1811 1416 1893 sciunt,
1448 1809 1574 1876 melius
1597 1808 1716 1899 p'eius,
1747 1807 1878 1898 prosit,
1903 1809 2016 1895 obsit,
2043 1806 2135 1879 nihil

102 1927 185 1986 cant
206 1909 262 1983 res
284 1938 325 1981 ex
342 1911 516 1984 Romanis
532 1914 686 2001 legibus,
712 1915 770 1980 sed
788 1911 996 1979 vernaculis.
1047 1905 1106 1991 Et¹
1148 1912 1287 1994 vident,
1313 1911 1383 1978 nisi
1401 1908 1610 2002 quodlibet.

100 2028 221 2086 tamen
236 2014 299 2107 qui
313 2014 365 2082 ibi
378 2010 536 2103 Respub.
550 2015 681 2103 gesturi
696 2027 798 2097 sunt,
822 2014 894 2081 fere
911 2009 1093 2083 Romanas
1246 2011 1362 2083 Poscit
1386 2007 1442 2079 hic
1463 2012 1579 2094 locus,
1612 2023 1836 2103 posteaquam
1858 2014 2069 2083 sententiam
2090 2017 2135 2085 de

99 2118 196 2206 leges
211 2115 306 2206 apud
321 2127 456 2183 exteros
468 2116 626 2200 discunt,
652 2115 731 2208 qui,
756 2127 796 2184 ut
809 2113 953 2205 accipio,
980 2113 1091 2182 inter·
1145 2114 1281 2204 legibus
1290 2126 1446 2183 nostram
1457 2112 1693 2204 exposuimus,
1708 2113 1989 2183 adversariorum
1999 2117 2135 2185 calum-

100 2217 236 2308 rogati,
261 2217 367 2308 quid,
392 2239 471 2284 cum
493 2229 693 2285 nostrarum
712 2217 827 2305 legum
846 2239 920 2284 non
937 2214 982 2284 sit
997 2215 1090 2305 apud
1145 2216 1221 2284 nias
1243 2216 1411 2286 refutare:
1438 2239 1528 2309 quae
1551 2213 1632 2307 quia
1655 2213 1869 2284 leviusculae
1892 2231 1925 2287 et
1940 2241 2030 2309 pene
2044 2219 2135 2288 ridi-

101 2342 161 2387 eos
183 2340 285 2401 usus,
310 2317 348 2385 in
370 2316 420 2384 eis
443 2316 695 2406 cognoscendis
719 2331 855 2389 tantum
879 2341 1006 2407 operae
1026 2340 1089 2406 po·
1144 2319 1241 2387 culae
1255 2329 1356 2400 sunt,
1382 2316 1609 2408 paucisame
1625 2316 1917 2408 perstringentur.
1970 2316 2133 2403 Mutilae,

100 2435 209 2505 nant,
231 2420 443 2507 respondere
461 2419 591 2490 solent:
619 2414 785 2487 Animam
805 2444 840 2488 se
856 2420 1090 2511 spiritumque
1144 2420 1331 2512 inquiunt,
1364 2418 1481 2508 legum
1503 2411 1731 2508 Rhapsodiae
1760 2432 1854 2490 sunt.
1912 2416 2059 2489 Publica
2091 2445 2133 2491 ea

100 2521 239 2611 legum,
270 2521 320 2589 sic
350 2520 446 2588 enim
475 2520 691 2614 loquuntur,
723 2521 901 2612 excipere,
936 2516 1003 2589 hoc
1027 2534 1089 2601 est,
1143 2522 1321 2592 calamitas
1351 2536 1420 2606 est,
1451 2541 1557 2614 quarn
1590 2517 1754 2586 insectari
1781 2517 1928 2586 minime
1953 2521 2132 2603 convenit,

99 2621 287 2716 aequitatis
311 2620 383 2690 vim
404 2645 444 2690 ac
467 2635 630 2692 naturam
653 2616 738 2692 hinc
759 2625 965 2713 decerpere,
992 2622 1089 2691 utde
1141 2626 1363 2693 miserescere
1378 2637 1452 2692 erat
1468 2617 1668 2690 humanius.
1718 2614 1897 2711 Optarent
1912 2634 2028 2690 autem
2044 2623 2131 2692 boni

97 2724 225 2815 patriis
249 2722 384 2813 legibus
407 2723 536 2794 rectius
555 2724 724 2793 iudicent.
782 2723 907 2794 Laudo
931 2725 1087 2816 pruden-
1142 2749 1283 2809 omnes,
1311 2724 1341 2793 si
1365 2724 1451 2817 quid
1475 2722 1566 2792 votis
1589 2721 1789 2814 proficitur,
1814 2722 1951 2810 integra
1970 2737 2129 2795 veterum

98 2824 271 2897 tissiraam
304 2848 444 2907 vocem,
484 2849 553 2916 qua
584 2825 781 2911 significant
810 2826 929 2890 omnia
960 2825 1088 2892 rectius
1143 2826 1467 2897 iureconsultorum
1499 2824 1681 2892 volumina
1705 2837 1833 2898 extare.
1893 2822 2027 2892 Verum
2049 2849 2130 2895 cunr

97 2927 313 3018 perspexisse
334 2945 491 2992 summos
515 2923 597 2988 illos
619 2921 714 2988 viros
736 2922 847 3011 nostri
864 2923 951 2991 iuris
967 2936 1087 2992 aucto-
1142 2923 1227 2997 haec
1251 2941 1388 2998 tantum
1406 2928 1621 3013 fragmenta,
1646 2925 1788 2993 fortuna
1805 2924 1910 2992 nobis
1927 2924 2063 3018 reliqua
2077 2928 2130 2997 fe-

96 3051 170 3114 res,
197 3043 233 3098 et
248 3023 427 3093 neminem
443 3021 526 3090 satis
540 3021 749 3092 instructum
765 3044 838 3090 esse
852 3024 897 3091 ad
911 3024 1088 3092 civitatem
1141 3029 1244 3112 cerit,
1270 3027 1418 3118 impium
1442 3025 1566 3110 fuerit,
1592 3026 1689 3094 velut
1712 3049 1753 3094 ex
1776 3026 1958 3115 naufragio
1982 3028 2131 3119 receptis

95 3130 309 3220 regendam,
341 3123 404 3214 qui
431 3146 505 3190 non
534 3122 572 3189 in
603 3116 659 3190 his
682 3125 932 3211 cognoscendis
956 3125 1088 3219 tyroci-
1141 3123 1357 3218 hospitibus,
1379 3128 1488 3198 vitam
1504 3127 1680 3211 invidere,
1706 3128 1909 3217 praesertim
1925 3152 2000 3197 non
2015 3130 2130 3200 malis.
2177 3184 2186 3199 ,

95 3230 201 3299 nium
221 3223 350 3294 lecerit.
405 3221 501 3310 Quid
524 3223 619 3316 quod
639 3223 676 3291 in
695 3218 751 3292 his
766 3225 1086 3317 iureconsultomm
1140 3229 1229 3300 Nam
1266 3232 1327 3323 qui
1361 3224 1447 3299 haec
1476 3229 1787 3312 consarcinarunt,
1828 3229 1981 3318 integras
2012 3243 2128 3301 tamen

95 3329 213 3399 literis
229 3328 320 3396 bona
337 3345 417 3414 pars
434 3324 655 3417 antiquitatis
669 3323 807 3421 reliqua
822 3328 898 3398 est?
941 3325 1086 3397 Veteres
1138 3334 1329 3401 sententias
1352 3332 1475 3413 nohis,
1500 3342 1535 3400 et
1555 3331 1672 3420 legum
1695 3330 1826 3420 capita,
1852 3343 2024 3423 quantum
2045 3335 2129 3403 satis

94 3453 231 3512 mores,
257 3425 428 3496 sermonis
444 3423 599 3496 Romani
619 3427 805 3521 pleraeque
821 3429 968 3518 figurae,
983 3452 1085 3521 ,quas
1139 3447 1230 3512 erat,
1256 3434 1490 3503 tradiderunt.
1543 3430 1596 3500 De
1618 3431 1766 3520 singulis
1791 3432 1929 3502 casibus
1949 3434 2052 3503 anxie
2068 3458 2130 3504 su-

93 3531 166 3602 nisi
188 3526 227 3598 hi
252 3528 482 3618 explicarent,
509 3527 546 3595 in
569 3528 647 3596 aliis
665 3530 896 3620 scriptoribus
915 3553 1084 3599 nonnun·
1139 3535 1405 3626 perstitioseque
1434 3533 1648 3603 constituere
1675 3526 1770 3600 nihil
1800 3534 1925 3618 refert,
1964 3536 2048 3604 satis
2078 3550 2129 3608 est

97 3656 204 3728 quam
229 3654 305 3699 non
328 3628 431 3696 alitor
452 3641 557 3722 atque
579 3630 618 3696 in
641 3629 716 3700 luto
742 3626 984 3717 haereremus,
1019 3656 1084 3701 nec
1136 3659 1263 3725 genera
1294 3659 1414 3705 rerum
1446 3646 1482 3704 et
1510 3655 1715 3705 communes
1746 3635 1915 3726 quasdam
1943 3636 2128 3721 formulas,

93 3733 246 3821 intelligi
274 3730 491 3821 optimorum
522 3746 703 3802 auctorum
738 3733 897 3827 plerique
928 3733 1083 3822 insignes
1137 3738 1435 3830 quemadmodum
1452 3736 1490 3802 in
1505 3735 1583 3802 aliis
1596 3736 1633 3805 lit
1648 3734 1803 3817 artibus,
1824 3735 2020 3823 concipere,
2046 3737 2128 3828 qui-

93 3836 165 3906 loci
187 3845 343 3926 possent.
396 3828 504 3918 Quod
528 3830 559 3898 si
581 3826 748 3918 historia,
773 3835 803 3902 si
819 3836 909 3905 aliae
925 3842 1081 3903 veterum
1139 3842 1202 3907 bus
1224 3839 1354 3906 similia
1375 3839 1469 3906 inter
1488 3859 1525 3901 se
1547 3836 1638 3900 sacta
1653 3835 1861 3917 metiamur,
1887 3855 1952 3917 ne,
1972 3834 2001 3901 si
2017 3860 2071 3904 res
2088 3837 2126 3906 in

93 3938 215 4007 literae
230 3933 354 4018 nobis,
379 3933 578 4016 utdehent,
604 3947 815 4012 curaesunt,
837 3930 989 4004 cumbis
1005 3958 1083 4024 pas-
1138 3939 1348 4005 immensum
1374 3945 1522 4016 crescat,
1551 3954 1657 4001 nemo
1679 3933 1848 4026 consequi
1870 3935 1990 4026 possit.
2052 3937 2126 4007 De-

96 4039 163 4109 sim
185 4037 300 4106 lucem
322 4035 483 4104 adferant
501 4030 753 4119 iureconsulti,
778 4034 833 4101 vel
857 4032 1083 4103 aGramma-
1138 4038 1219 4103 inde
1242 4037 1280 4104 ia
1303 4034 1440 4123 legibus
1463 4033 1630 4102 omnibus
1654 4056 1709 4102 res
1730 4036 1822 4123 cogit
1837 4035 2044 4107 brevitatem
2060 4042 2126 4110 ad·

94 4138 175 4210 ticis
195 4132 461 4209 stRhetoribus
480 4158 602 4204 eorum
618 4136 888 4205 commentarios
904 4134 1082 4204 adservari
1136 4139 1284 4221 sectare,
1307 4149 1347 4211 ut
1367 4135 1495 4204 animis
1517 4134 1658 4205 facilius
1681 4134 1787 4227 infigi
1802 4137 1940 4228 possint
1956 4152 2124 4233 tanquam
2207 4207 2209 4210 ,

95 4251 283 4331 oporteret.
335 4235 458 4330 ltaque
484 4236 553 4304 nisi
574 4237 681 4305 simul
696 4238 863 4306 omnihus
879 4237 990 4306 literis
1005 4236 1083 4305 bel·
1136 4238 1255 4309 brevia
1271 4233 1562 4338 ἀποφθέγματα.

94 4344 172 4411 lum
196 4339 410 4423 indicemus,
437 4354 470 4408 et
487 4338 590 4429 plane
609 4339 648 4406 in
663 4340 785 4408 beluas
801 4341 1010 4427 degenerare
1026 4339 1082 4407 iu·
1237 4338 1307 4410 Sed
1323 4340 1543 4429 ogganniunt
1555 4337 1758 4422 adversarii,
1780 4338 1906 4411 obruta
1921 4345 2124 4415 esseomnia

91 4441 215 4526 vabit,
245 4465 318 4511 non
348 4442 621 4532 permittendum
653 4454 722 4525 est,
757 4453 798 4510 ut
825 4441 896 4511 situ
920 4464 959 4508 ac
983 4439 1081 4509 senio
1136 4455 1169 4511 et
1191 4454 1420 4533 conspurcata
1436 4440 1589 4509 sordidis
1603 4439 1835 4530 interpretum
1852 4445 2124 4517 commentariis.

90 4542 280 4619 Romanae
304 4541 395 4632 leges
418 4541 647 4614 emoriantur.
698 4538 881 4630 Quosdam
905 4541 1080 4611 nobilium
1135 4539 1210 4632 Ego
1232 4568 1316 4612 vero
1340 4540 1513 4614 Romanis
1535 4539 1672 4629 legibus
1693 4541 1913 4631 patrocinor,
1939 4567 2014 4613 non
2036 4569 2123 4616 neo-

90 4644 240 4717 urbinm
272 4644 445 4735 picturae,
478 4644 649 4736 quosdam
680 4668 876 4724 marmora,
911 4645 1081 4736 quosdam
1135 4645 1251 4714 tericis
1265 4643 1532 4733 interpretibus:
1556 4666 1723 4734 quorum,
1749 4643 1953 4733 siprodesse
1965 4647 2124 4734 voluere,

91 4760 227 4819 statuae
251 4746 442 4829 delectant,
469 4767 579 4838 eaque
602 4767 736 4813 summa
760 4770 843 4816 cura
860 4758 1081 4814 conservant.
1135 4747 1335 4814 laudandus
1351 4759 1400 4813 est
1417 4756 1581 4821 coriatus,
1607 4757 1641 4813 et
1656 4757 1774 4812 tamen
1788 4743 1956 4838 quicquid
1973 4747 2052 4818 istic
2067 4750 2121 4819 vi-

92 4847 214 4939 Quae,
248 4847 406 4931 malum,
440 4847 618 4917 barbaries
650 4857 719 4926 est,
754 4848 862 4937 leges,
893 4847 1082 4939 plusquam
1135 4847 1176 4916 tii
1199 4862 1268 4931 est,
1293 4848 1331 4915 id
1352 4846 1558 4915 universum
1581 4845 1687 4913 semel
1709 4845 1846 4935 imputo
1868 4847 2027 4917 inscitiae
2051 4845 2122 4921 hu-

90 4974 239 5023 aurcum
255 4942 513 5041 pulcherrimae
527 4948 626 5018 urbis
641 4963 929 5032 mouumentum,
956 4962 989 5016 et
1003 4971 1081 5037 ger·
1135 4949 1316 5019 munitatis
1332 4963 1365 5019 et
1379 4947 1591 5036 elegantium
1605 4946 1804 5016 literarum:
1828 4948 1956 5040 quibus
1969 4951 2031 5043 qui
2046 4975 2121 5022 non

90 5075 236 5122 manam
252 5044 378 5122 electiva
395 5050 609 5120 obliterare?
647 5046 805 5136 Quidam
822 5051 998 5118 clarorum
1015 5043 1082 5117 ho·
1135 5063 1217 5118 sunt
1238 5050 1424 5141 perpoliti,
1448 5045 1486 5116 hi
1511 5044 1625 5117 nihilo
1651 5049 1694 5116 ad
1719 5050 1919 5118 tractandas
1941 5053 2122 5138 graviores

90 5154 232 5225 minum
255 5153 439 5222 sententiis
458 5151 561 5219 unice
579 5151 786 5243 capiuntur,
814 5151 1006 5241 parietibus
1024 5148 1080 5217 in·
1135 5151 1353 5244 disciplinas,
1395 5142 1506 5239 magis
1528 5149 1681 5240 adpositi
1701 5164 1784 5220 sunt
1804 5174 1910 5243 quarn
1936 5154 1979 5222 ad
2005 5155 2119 5248 lyram

90 5256 272 5336 scribunt,
309 5252 453 5323 annulis
482 5253 703 5341 insculpunt,
739 5253 887 5322 illinunt
914 5252 1081 5321 omnibus
1133 5254 1263 5326 asinus.
1306 5253 1467 5325 Primum
1481 5251 1575 5320 enim
1591 5249 1842 5347 cumRomqno
1858 5274 2018 5324 sermone
2034 5279 2121 5323 con·
2181 5330 2186 5337 ¹

89 5352 239 5442 chartis,
265 5356 366 5451 siqua
390 5353 576 5445 insigniter
596 5355 739 5446 placuit.
791 5351 833 5424 In
854 5350 910 5424 his
926 5353 1081 5424 volumi·
1133 5355 1283 5446 scriptae
1296 5357 1368 5426 sint
1382 5355 1490 5442 leges,
1516 5353 1693 5444 quomodo
1708 5353 1747 5421 in
1761 5355 1810 5422 eis
1825 5355 2032 5434 versabitur,
2055 5355 2118 5446 qni

87 5458 199 5531 nibus
219 5470 274 5529 tot
295 5470 415 5529 extant
432 5479 599 5548 gnomae,
624 5469 711 5551 quot
728 5457 820 5546 leges
835 5468 954 5529 erutae
968 5479 1009 5526 ex
1023 5455 1080 5524 in·
1131 5456 1273 5548 linguae
1299 5458 1427 5548 figuras
1449 5479 1489 5524 ac
1504 5456 1578 5525 vim
1593 5478 1669 5524 non
1688 5455 1807 5526 tenet?
1857 5453 1948 5537 lam,
1980 5452 2119 5553 etiamsi

141 5566 323 5634 Mnasrm
341 5566 445 5633 Orsa.
459 5563 544 5632 Vos.
558 5559 622 5631 XI.
887 5626 889 5630 .
1279 5596 1285 5603 «
1631 5555 1655 5626 6
