4732 6030
291 262 366 336 305
722 254 881 333 DECL.
915 255 988 329 DE
1021 260 1262 336 STUDllS
1288 266 1563 348 LlNGUAll
1597 278 1890 359 GRAECAE.
2249 298 2338 375 sot

397 432 471 502 lam
487 428 567 523 quis
585 428 694 498 nescit
708 429 825 499 fontes
846 429 981 520 legum,
1008 433 1135 524 partim
1159 458 1201 504 ex
1225 430 1284 503 hi·
1333 444 1411 514 dire
1435 460 1546 538 putes.
1598 444 1703 522 Unde
1725 456 1869 538 accidit,
1895 475 1934 532 nt
1955 460 2076 534 miseri
2094 465 2248 541 lectores
2263 473 2338 547 do.

294 535 401 609 storia
436 530 666 621 imperiorum
701 544 735 600 et
761 533 1047 620 gubernationis,
1086 536 1214 627 partim
1242 560 1283 607 ex
1333 546 1468 618 ctrinae
1483 550 1639 621 medicae
1652 556 1796 646 cupidi,
1821 561 1885 629 diu
1900 564 2124 662 multumque
2140 569 2336 649 laborave-

295 635 454 709 doctrina
470 635 513 702 de
527 632 704 717 moribus,
728 657 834 725 quam
852 630 1005 704 Ethicen
1024 650 1169 720 vocant,
1194 638 1283 708 oriri
1333 648 1428 735 rint,
1453 674 1559 744 seque
1572 654 1659 724 dum
1681 657 1720 725 in
1739 658 1811 728 illis
1829 660 1942 752 spinis
1955 659 2122 755 haerent,
2147 679 2334 751 excrucia-

292 762 332 809 ac
348 734 580 828 promanare?
603 758 754 828 quorum
770 749 949 830 utrunque
961 762 1003 805 ex
1017 737 1137 826 lingua
1146 735 1282 810 Graeca
1335 751 1451 822 verint
1466 754 1615 840 fntstra,
1641 781 1706 827 nec
1723 774 1840 831 tamen
1857 761 1989 835 Galeni
2005 774 2219 847 sententiam
2233 782 2333 853 mul.

291 836 546 931 requirendum
563 858 646 918 esse,
672 860 778 925 supra
793 853 972 909 ostensum
989 853 1050 912 est.
1084 837 1183 927 Quid
1197 864 1281 912 vero
1334 852 1379 920 tis
1394 853 1431 922 in
1449 854 1552 939 locis,
1577 859 1641 927 etsi
1657 884 1695 928 ca
1712 862 1837 951 plana,
1860 888 1901 935 ac
1916 871 2208 964 perspicuumst,
2235 906 2331 956 asse-

290 939 389 1010 aliud
412 952 464 1008 est
486 936 656 1029 professio
676 937 783 1021 iuris,
808 941 940 1031 absque
960 936 1016 1010 his
1031 937 1282 1035 Philosophiae

291 1041 471 1121 lontibus,
509 1062 614 1131 quam
654 1062 777 1108 manca
818 1054 852 1110 et
892 1041 1069 1113 inerudita
1109 1046 1280 1138 quaedam

290 1135 427 1238 τριβήῖ

379 1275 491 1345 Porro
505 1287 613 1345 totam
629 1275 825 1345 doctrinam
839 1271 1121 1346 mathematicam
1137 1302 1182 1347 ne
1201 1280 1280 1372 qui-

290 1386 371 1451 dem
395 1377 559 1456 aliunde,
586 1399 692 1469 quam
715 1401 755 1445 ex
775 1374 910 1446 Graeca
931 1378 1051 1467 lingua
1065 1393 1184 1469 petere
1200 1406 1281 1472 pos-

290 1504 423 1555 sumus.
455 1478 545 1549 Nam
561 1478 740 1547 versiones
755 1504 859 1571 quam
876 1503 949 1548 non
966 1481 1142 1567 sordidae,
1166 1484 1282 1568 rudes,

291 1582 445 1654 incultae
468 1594 626 1663 tantum,
657 1581 716 1647 sed
741 1604 842 1671 saepe
865 1582 968 1650 etiam
992 1606 1174 1672 perversae
1199 1585 1281 1665 sint,

290 1687 464 1755 videmus.
513 1677 674 1749 Arabum
689 1704 772 1749 vero
789 1682 917 1772 scripta
932 1683 971 1750 in
986 1678 1053 1753 hoc
1069 1706 1216 1772 genere,
1242 1700 1281 1754 ut

290 1783 494 1857 horridiora
514 1795 614 1865 sunt,
640 1806 679 1849 ac
703 1783 823 1852 minus
844 1784 998 1873 integra,
1024 1785 1072 1855 ita
1095 1800 1129 1856 et
1149 1788 1281 1856 errori-

290 1874 362 1958 bus
374 1910 413 1955 ac
431 1882 574 1973 magicis
591 1880 903 1973 superstitionibus
916 1887 1056 1961 referta.

392 2019 466 2088 lam
480 2019 525 2086 de
541 2029 669 2087 natura
683 2041 814 2102 rerum,
840 2021 885 2087 de
900 2044 1088 2112 corporum
1103 2017 1280 2094 humano-

290 2149 370 2197 rum
398 2132 652 2212 temperatura,
685 2120 887 2204 affectibus,
927 2146 1010 2191 cura
1036 2148 1076 2192 ac
1102 2127 1279 2211 remediis,

291 2248 380 2323 quos
402 2236 441 2293 tu
462 2216 552 2288 mihi
576 2221 761 2310 scriptores
786 2222 908 2306 dabis,
936 2223 997 2315 qui
1012 2225 1067 2292 vel
1084 2225 1223 2314 plenius
1241 2228 1278 2296 id

289 2347 400 2419 genus
423 2322 606 2392 doctrinae
628 2322 802 2412 complexi
824 2337 925 2407 sunt,
951 2326 1007 2393 vel
1027 2326 1179 2396 veriores
1197 2353 1279 2398 sen-

289 2428 417 2501 tentias
431 2423 560 2506 secuti,
585 2446 691 2514 quam
707 2421 858 2494 Graeci?
897 2424 986 2494 Nam
1002 2427 1066 2518 qui
1080 2428 1174 2499 inter
1187 2431 1279 2502 Ara-

288 2534 350 2601 bes
369 2525 563 2617 principem
578 2524 695 2592 locum
711 2525 860 2608 obtinet,
888 2522 1082 2612 Avicenna,
1107 2529 1187 2600 isse
1204 2531 1279 2602 Ga-

287 2631 360 2703 leni
384 2628 612 2717 interpretem
636 2626 709 2716 ipse
725 2627 853 2696 latetur
870 2649 959 2696 esset
985 2641 1089 2722 atque
1105 2631 1134 2700 is
1151 2632 1225 2724 ipse
1238 2648 1279 2704 ut

288 2729 490 2828 prodigiosa
504 2727 833 2817 interpretationum
849 2729 1008 2818 caligine,
1030 2755 1069 2801 ac
1084 2757 1172 2823 pene
1181 2733 1279 2805 Cim·

288 2833 410 2905 meriis
431 2830 587 2901 tenebris
611 2829 794 2900 involutus
819 2853 858 2899 ac
881 2854 1067 2922 oppressus
1089 2835 1151 2920 sit,
1179 2837 1278 2905 vide-

288 2959 379 3007 mus.
432 2931 535 3021 Quae
554 2952 655 2999 causa
673 2945 740 3015 cst,
766 2944 854 3001 utet
870 2934 1042 3003 sententia
1067 2936 1142 3006 eius
1158 2939 1278 3008 multis

289 3041 328 3107 in
343 3035 429 3105 locis
443 3035 503 3102 vix
519 3032 632 3122 accipi
645 3056 685 3101 ac
702 3033 853 3123 intelligi
869 3035 999 3126 possit,
1025 3049 1060 3107 et
1074 3037 1216 3129 ingenia
1232 3042 1277 3109 ad

289 3137 429 3207 dulcius
450 3134 631 3201 doctrinae
661 3156 770 3220 genus
798 3137 1015 3222 adsuefacta,
1052 3140 1184 3212 offensa
1210 3142 1277 3212 isto

288 3234 436 3308 horrido
461 3255 502 3302 ac
525 3231 725 3320 prodigioso
751 3258 930 3321 sermone,
955 3241 1005 3308 ab
1028 3240 1103 3310 eius
1126 3243 1278 3314 lectione

289 3337 462 3410 resiliant.
512 3328 650 3402 Caeteri
669 3327 804 3402 Arabes
828 3339 956 3425 partim
973 3339 1098 3409 iisdem
1114 3344 1209 3414 vitiis
1226 3347 1279 3414 la-

285 3447 434 3523 borant,
458 3433 589 3529 partim
613 3434 719 3502 etiam
741 3434 861 3505 minus
883 3436 1017 3526 integre
1041 3455 1074 3510 et
1097 3446 1278 3514 confusius

286 3558 398 3614 artem
413 3548 574 3610 tractant.
623 3533 715 3604 Nam
736 3560 825 3628 quae
846 3562 865 3607 a
889 3537 1027 3608 Latinis
1048 3544 1278 3635 scriptoribus

287 3642 426 3737 prodita
441 3637 614 3733 posterior
628 3650 721 3707 aetas
737 3639 884 3729 peperit,
910 3665 948 3709 ea
964 3643 1092 3732 partim
1108 3671 1148 3716 ex
1163 3644 1277 3719 Grae-

285 3750 334 3819 cis
347 3740 579 3836 scriptoribus
593 3752 675 3808 sunt
690 3740 809 3829 petita.

387 3878 467 3952 Soli
487 3899 568 3965 ergo
591 3875 707 3944 sontes
724 3871 852 3944 Graeci
870 3891 1017 3963 restant,
1043 3886 1139 3952 unde
1157 3885 1193 3954 id
1210 3888 1276 3956 do-

285 3986 418 4059 ctrinae
440 4001 551 4070 genus
577 4000 665 4065 pure
689 3976 862 4070 pleneque
888 3974 1024 4051 hauriri
1052 4000 1175 4074 potest.
1228 3987 1275 4060 Ut

284 4111 366 4158 vere
385 4084 519 4153 dictum
542 4079 588 4148 sit
609 4101 630 4145 a
650 4073 840 4162 Cicerone,
866 4079 1109 4155 Posteritatem
1134 4090 1179 4157 ab
1203 4090 1275 4159 illis

1333 954 1394 1045 qui
1413 958 1605 1046 potuerint.
1656 959 1798 1053 Peperit
1811 989 1851 1035 ca
1871 967 2010 1042 inscitia
2024 969 2187 1067 linguae,
2215 997 2256 1057 ut
2270 1010 2332 1057 so·

1334 1055 1402 1135 let,
1429 1059 1559 1128 multos
1579 1061 1704 1132 noxios
1728 1088 1884 1153 emores,
1909 1073 2040 1164 quibus
2060 1072 2147 1151 haec
2161 1084 2329 1161 doctrina

1334 1157 1581 1249 multipliciter
1601 1164 1777 1256 superiori
1798 1170 1902 1242 aetati
1923 1179 2162 1254 contaminata
2176 1186 2261 1270 trit,
2290 1204 2329 1261 et

1334 1259 1464 1351 quibus
1478 1266 1711 1353 repurgandis
1725 1270 1831 1339 etiarn
1846 1264 1954 1346 hodie
1968 1273 2131 1352 homines
2140 1286 2236 1360 docti
2248 1314 2326 1361 non

1333 1360 1451 1431 minus
1468 1367 1627 1455 occupati
1642 1383 1743 1454 sunt,
1769 1396 1874 1464 quam
1894 1372 2068 1452 Hercules
2082 1385 2171 1456 olim
2192 1390 2233 1460 in
2247 1389 2325 1463 Au·

1333 1461 1408 1550 giae
1422 1465 1559 1535 stabulo
1575 1474 1797 1559 repurgando
1811 1473 1891 1546 tuis

1417 1594 1534 1685 Quam
1550 1601 1658 1689 igitur
1670 1600 1757 1675 haec
1771 1609 1843 1678 duo
1860 1612 2046 1691 coniuncta
2062 1638 2157 1711 sunt,
2182 1628 2325 1723 lingna.

1332 1721 1411 1767 rum
1428 1712 1533 1793 atque
1547 1704 1771 1792 elegantioris
1787 1711 1988 1787 literaturae
2003 1725 2168 1813 cognitio,
2185 1744 2221 1802 ct
2238 1760 2327 1826 pura

1332 1801 1492 1870 doctrina
1508 1804 1683 1887 veritatis,
1709 1810 1744 1879 id
1763 1826 1883 1884 nostro
1900 1820 2015 1891 seculo
2027 1825 2112 1896 satis
2125 1834 2328 1927 manifeste,
2347 1844 2351 1849 ’

1333 1913 1372 1971 ιιι
1386 1901 1532 1992 opinor,
1559 1909 1735 1999 adparuit.
1787 1912 1914 1987 Statim
1928 1921 2039 2009 enim,
2059 1940 2099 1997 ut
2113 1928 2326 2022 linguarum

1331 2004 1451 2071 lumen
1473 2005 1623 2094 effulsit,
1649 2011 1755 2083 simul
1774 2016 1918 2090 emicuit
1941 2022 2064 2115 purior
2083 2028 2145 2101 lux
2169 2059 2327 2133 evange-

1331 2105 1418 2174 licae
1433 2109 1632 2192 doctrinae,
1660 2127 1693 2184 et
1710 2140 1790 2186 cum
1806 2120 1968 2193 omnium
1983 2142 2201 2207 ereremum
2223 2141 2325 2235 inge-

1330 2229 1482 2277 nuarum
1515 2212 1665 2300 artium,
1697 2229 1772 2287 tum
1796 2244 1880 2290 vero
1910 2230 2101 2324 praecipue
2126 2242 2323 2318 medicinae

1331 2309 1520 2390 saniorlac
1549 2314 1720 2387 sincerior
1749 2322 1934 2412 explicatio
1962 2348 2080 2406 secuta
2108 2354 2170 2410 est.
2223 2344 2324 2435 Qua·

1331 2424 1475 2501 propter
1491 2415 1557 2482 etsi
1581 2440 1703 2487 verum
1728 2436 1779 2492 est
1801 2428 1898 2517 quod
1916 2426 2128 2510 Plutarchus
2149 2443 2218 2532 ait,
2242 2445 2322 2521 Do-

1330 2512 1463 2581 ctrinae
1476 2514 1617 2585 laudem
1635 2524 1774 2607 mereri,
1802 2549 1877 2596 nou
1894 2530 1933 2599 in
1948 2556 2010 2604 ore
2025 2541 2230 2637 autlingua,
2258 2557 2320 2624 sed

1329 2612 1368 2680 in
1386 2627 1524 2703 pectore
1546 2613 1710 2690 habuisse
1725 2623 2043 2708 Musas:.attamcn
2056 2665 2112 2713 res
2126 2646 2205 2741 ipsa
2222 2652 2320 2725 indi-

1330 2726 1402 2800 eat,
1427 2741 1533 2808 quam
1557 2715 1643 2791 haec
1665 2725 1749 2794 duo'
1763 2744 1857 2801 certo
1879 2733 2020 2809 foedere
2035 2742 2128 2817 inter
2145 2774 2182 2820 se
2200 2752 2319 2829 iuncta

1330 2816 1413 2895 sint,
1438 2841 1502 2886 nec
1520 2837 1640 2910 pectus
1656 2829 1792 2899 erudiri
1805 2856 1927 2923 posse,
1951 2839 2020 2909 nisi
2033 2867 2139 2936 opera
2153 2874 2195 2923 ac
2210 2856 2318 2928 bene-

1329 2917 1408 2986 ficio
1425 2917 1577 3008 linguae.
1628 2922 1738 2998 Recte
1755 2931 1864 3023 igitur
1885 2962 2000 3012 sermo
2014 2968 2034 3015 a
2048 2944 2195 3024 Platone
2212 2983 2319 3031 voca-

1329 3031 1389 3087 tur
1411 3022 1640 3093 seminarium
1658 3030 1849 3106 doctrinae.
1897 3039 1971 3111 Iam
1991 3047 2082 3121 sicut
2101 3075 2139 3123 ea
2160 3081 2253 3150 quae
2277 3087 2317 3132 er

1329 3132 1422 3189 terra
1437 3140 1642 3213 nascuntur,
1668 3130 1698 3200 si
1714 3158 1834 3208 semen
1849 3142 1904 3210 vel
1921 3144 2078 3234 ignobile
2092 3154 2154 3241 sit,
2179 3161 2236 3230 vel
2250 3164 2316 3231 ali-

1328 3246 1400 3313 quo
1425 3224 1511 3294 vitio
1536 3246 1758 3323 corruptum,
1784 3241 1937 3330 maligne
1955 3255 2188 3344 proveniunt,
2214 3265 2317 3354 dege-

1330 3340 1456 3396 nerant
1472 3350 1600 3399 messes
1615 3345 1648 3401 et
1663 3335 1821 3424 plantae:
1848 3340 1896 3408 ita
1915 3365 1998 3415 cum
2017 3374 2131 3440 genus
2146 3368 2315 3434 sermonis

1329 3425 1532 3508 sordidum,
1564 3449 1764 3525 corruptum
1792 3461 1832 3507 ac
1855 3440 2028 3516 viciosum
2051 3471 2121 3543 est,
2157 3489 2314 3537 camum.

1329 3525 1426 3615 pitur
1439 3528 1502 3598 illo
1512 3531 1546 3598 vi
1551 3533 1598 3601 tio
1614 3533 1688 3626 ipsa
1701 3538 1863 3611 doctrina
1877 3567 2017 3639 quoque
2030 3557 2255 3651 obscuratur,
2280 3594 2316 3637 ac

1328 3648 1430 3719 saepe
1444 3635 1658 3721 pervertitur
1674 3638 1800 3712 veritas
1813 3642 1899 3733 ipsa.
1934 3644 2043 3737 Quod
2061 3658 2107 3727 ita
2123 3663 2213 3749 lieri,
2242 3694 2316 3740 non

1328 3742 1379 3797 est
1401 3744 1441 3801 ut
1462 3733 1645 3808 miremur.
1696 3738 1779 3812 Nou
1801 3746 1897 3815 enim
1913 3748 2008 3822 aliud
2025 3768 2076 3826 est
2093 3758 2318 3841 instrumen-

1327 3842 1403 3948 tum
1419 3834 1529 3922 magis
1552 3840 1735 3930 proprium
1758 3846 1814 3914 vel
1837 3846 2019 3940 pulchrius
2040 3858 2224 3934 universae
2248 3872 2319 3941 do-

1327 3943 1481 4018 ctnnae,
1508 3961 1613 4028 quam
1629 3944 1744 4014 oratio
1760 3969 1847 4038 puro
1863 3964 1896 4022 et
1910 3957 2099 4046 perspicua.

1429 4067 1644 4169 Quicunque
1665 4080 1774 4171 igitur
1793 4086 1991 4159 doctrinam
2007 4117 2125 4164 veram
2143 4102 2313 4175 solidam-

165 5378 173 5387 ,
276 5304 432 5397 mugire,
458 5320 566 5392 quam
588 5289 770 5365 hominem
790 5295 890 5391 loqui
910 5296 1020 5369 dices:
1051 5304 1161 5378 immo
1182 5337 1267 5384 vero
1317 5313 1365 5389 Et

283 4177 553 4274 Philosophiam
567 4192 601 4245 et
615 4198 737 4246 omnes
752 4178 922 4268 ingenuas
937 4198 1028 4253 artes
1045 4181 1192 4270 habere,
1217 4192 1274 4259 in·
1326 4193 1395 4261 ‘11¹0
1411 4186 1593 4297 ‘fo‘lunlg
1615 4174 1653 4298 hi
1667 4183 1809 4302 ¹5⁰8?st
1823 4200 1926 4282 alque
1940 4195 2113 4267 ⁰f³ll⁰¹¹l⁸
2127 4204 2312 4291 l)mitatem
2362 4216 2364 4301 ᾗ

285 4306 338 4360 ter
361 4309 420 4354 eus
437 4305 521 4350 vero
538 4276 697 4346 Galenus
719 4280 872 4369 primurn
894 4285 1030 4354 obtinet
1051 4288 1186 4374 lucum,
1212 4295 1274 4387 qui
1326 4294 1364 4338 ³⁰
1389 4286 1541 4344 mmmm
1564 4280 1632 4350 ⁸¹P¹
1655 4299 1861 4403 ”euplum
1885 4294 2135 4386 negligendum
2153 4326 2231 4377 ⁸⁸8²
2250 4320 2312 4379 818·

284 4390 418 4477 etipse,
435 4382 550 4453 Deum
566 4379 815 4466 immortalem,
833 4384 962 4473 quibus
976 4391 1179 4461 versionum
1194 4419 1273 4463 cor·
1325 4384 1442 4444 tuan&
1472 4401 1593 4498 follm
1612 4408 1686 4454 0³¹⁰
1706 4402 1872 4459 ”riulan
1893 4417 2077 4515 nunquam
2094 4425 2311 4503 consequen-

280 4486 430 4583 rupoefi,
454 4480 732 4564 contaminatus,
758 4507 864 4575 quam
885 4486 1031 4571 misere,
1062 4516 1168 4583 quam
1192 4520 1274 4567 cm,
1324 4486 1400 4560 tur,
1433 4481 1661 4598 qurlrnguae
1688 4484 1844 4561 Graecae
1873 4497 2034 4569 subsrdro
2059 4503 2311 4583 destituuntur.

280 4587 616 4674 deliterdiscerptus
638 4606 677 4651 ac
699 4585 936 4672 deformatus,
960 4593 1109 4681 etquasi
1129 4598 1272 4686 magicis
1322 4572 1412 4645 Nam
1440 4578 1587 4701 Laium?
1617 4608 1752 4703 ⁸0fm⁰v
1784 4593 1960 4713 quidquffl
1986 4594 2092 4718 hibet
2122 4606 2310 4703 elegantiae
2359 4632 2364 4653 ²

280 4691 426 4767 venenis
448 4712 491 4759 cx
514 4680 658 4755 homine
677 4684 715 4753 in
736 4688 875 4756 beluam
896 4692 1165 4764 transformatus
1181 4699 1272 4771 luit?
1323 4692 1383 4747 ³¹¹1
1409 4696 1618 4798 Vfssuslaffls
1644 4689 1679 4806 tf!
1706 4690 1911 4811 equraecrs
1926 4699 2086 4819 fontibus
2107 4716 2310 4785 accersitum

283 4795 443 4886 Accipiat
458 4788 586 4882 aliquis
605 4788 643 4855 in
660 4812 786 4857 manus
803 4802 953 4860 veterem
972 4793 1145 4866 librorum
1161 4799 1271 4889 ipsius
1322 4792 1387 4847 ⁰⁸²²
1415 4806 1444 4849 ⁵¹
1463 4784 1582 4899 demas
1596 4792 2013 4919 ⁸⁰¹¹Pl⁰s¹b¹¹⁸R⁰fss³¹¹¹⁸
2029 4804 2174 4886 lumina
2192 4815 2310 4888 Graeci

279 4876 535 4991 ’μιεσιοὶςρρασιν1
561 4913 636 4959 non
658 4914 768 4959 unum
792 4914 930 4960 versum
949 4891 1078 4965 Galeni
1096 4920 1269 4989 agnoscet,
1321 4902 1504 4968 ⁸⁸²¹¹¹⁰¹¹¹⁸r
1530 4890 1627 5007 ‘l¹¹⁰fl
1645 4907 1821 5014 Ρΐθθῑξῐθὸ
1837 4917 2001 5023 θωιΰθξιῐ,
2025 4932 2158 5000 parum
2177 4920 2257 5005 erit.
2277 4928 2311 4987 ut

278 5003 328 5072 ita
360 4994 543 5068 barbarico
573 5016 682 5062 coeno
713 4992 833 5060 omnia
870 4994 1016 5080 obruta,
1057 5001 1204 5077 distorta
1229 5034 1269 5079 ac
1321 4993 2007 5077 veseacfeiled¹⁰¹¹¹¹¹¹⁵¹l³bH⁰r³l¹0=

277 5102 418 5173 foedata
433 5093 577 5165 videbit.
619 5089 761 5164 Etcum
780 5090 910 5162 Galeni
926 5098 1040 5169 oratio
1059 5125 1159 5192 pura,
1185 5110 1269 5180 illu.
1421 5104 1520 5174 Geniis
1535 5117 1710 5198 ingenium,
1739 5117 1837 5188 Graiis
1851 5126 1934 5192 dedit
1949 5150 2001 5195 ors
2015 5142 2156 5207 rotundo

277 5204 361 5277 stris
383 5213 488 5294 atque
509 5194 614 5266 etiam
646 5193 800 5284 speciosa
824 5195 887 5277 til,
921 5190 980 5265 hic
1003 5201 1128 5274 bovem
1151 5213 1268 5282 verius
1471 5212 1560 5278 Musa
1575 5222 1672 5303 loqui.

1386 5347 1491 5415 quam
1514 5352 1560 5398 ne
1575 5328 1738 5402 Latinam
1755 5337 1899 5428 quidem
1931 5344 2092 5439 linguam
2126 5376 2226 5437 reete
2249 5380 2310 5437 trs-

276 5410 465 5481 stridorem
483 5394 690 5486 sartaginis,
714 5418 789 5464 non
805 5399 996 5472 animantis
1013 5428 1133 5478 vocem
1154 5427 1188 5484 te
1203 5439 1267 5487 au·
1319 5422 1403 5492 dere
1432 5428 1489 5498 vel
1517 5431 1652 5503 diseer'e
1675 5435 1781 5507 etiam
1811 5443 1985 5533 possimus
2005 5450 2148 5550 rhsqne
2173 5462 2308 5549 Gneo,
