4732 6030
240 236 316 316 sas
813 228 974 307 naon
1026 231 1101 308 un
1132 166 1410 309 nnoonto
1444 171 1714 304 sous-ran
2216 245 2297 324 370

246 417 369 488 cedere
391 411 538 490 debent,
565 407 628 502 qui
647 428 731 476 suae
755 403 899 476 virtutis
920 405 1068 498 vestigia
1092 407 1242 500 impres-
1293 401 1547 496 scientiamque
1563 401 1615 471 rei
1632 400 1798 473 militaris
1812 405 2041 498 praecipuam
2057 410 2180 487 fuisse.
2227 412 2298 489 Et-

246 536 370 592 serunt
390 516 429 584 in
450 513 601 582 mediam
619 506 795 590 Galliam,
822 522 857 578 et
872 511 1035 580 maximis
1057 512 1164 600 gestis
1186 536 1243 582 re·
1295 505 1391 574 enim
1413 517 1454 574 ut
1475 505 1773 595 praetermittam,
1805 523 1939 600 quanta
1964 514 2080 601 gentis
2110 517 2298 610 frugalitas

249 626 337 707 bus,
362 633 395 689 et
411 617 554 707 quidem
570 636 612 683 ex
626 611 779 685 utilitate
796 613 939 705 publica
954 637 1087 683 nomeu
1104 613 1244 685 Galliae
1294 608 1425 693 fuerit,
1465 606 1548 701 quia
1571 607 1697 677 vinum
1724 608 1914 699 importari
1936 628 2060 687 contra
2088 619 2183 710 leges
2212 639 2302 710 erat,

251 747 383 795 novrum
403 717 622 785 indiderunt.
675 713 814 786 Nostris
830 739 913 785 vero
937 717 1158 807 temporibus
1180 719 1246 786 do·
1297 735 1387 805 quae
1420 709 1687 781 exercitationes
1720 711 1917 783 iuventutis
1951 717 2086 792 fuerint
2111 723 2151 793 in
2177 729 2305 812 armis,

254 823 427 897 ctissimos
449 843 488 889 ea
508 818 606 909 regio
628 812 793 888 homines
816 818 958 907 genuit,
983 820 1023 887 in
1040 821 1169 914 quibus
1188 819 1246 888 vel
1297 827 1431 907 quanto
1448 811 1569 882 labore
1585 816 1712 883 durata
1728 838 1892 905 corpora,
1915 830 1949 889 et
1965 822 2080 893 animi
2095 828 2140 896 ad
2156 830 2302 920 patien-

253 927 441 999 0bscuram
457 921 593 1016 alioqui
606 944 700 991 unus
717 916 866 991 loannes
882 918 1164 1013 aRegioMonte
1180 947 1248 993 no-
1298 916 1385 987 tiam
1406 916 1617 1002 adsuefacti,
1650 927 1725 984 tum
1753 912 1843 989 mihi
1870 943 2016 1010 prorsus
2036 927 2158 999 videre
2182 957 2303 1023 quan.

255 1029 399 1100 bilitare
421 1038 554 1116 posset,
575 1023 631 1092 vir
654 1020 790 1092 Graece
806 1021 1002 1119 Latineque
1026 1050 1100 1095 non
1124 1025 1249 1095 leviter
1299 1020 1382 1089 dam
1398 1015 1557 1087 Platonis
1573 1017 1749 1087 civitatem
1764 1020 1901 1108 videor,
1921 1049 2003 1096 cerm
2017 1028 2097 1119 lego
2114 1026 2209 1102 nihil
2225 1035 2301 1106 illis

258 1135 400 1213 doctus,
426 1141 460 1197 et
480 1126 667 1197 universae
682 1120 936 1217 Philosophiae
959 1129 1006 1197 ita
1030 1129 1185 1220 peritus,
1210 1139 1250 1197 ut
1302 1119 1431 1213 privati
1446 1119 1520 1209 agri
1533 1119 1653 1204 fuisse,
1679 1123 1740 1190 sed
1755 1122 1832 1192 sine
1850 1128 2047 1218 eupiditate
2063 1137 2302 1207 communiter

259 1255 354 1305 unus
379 1229 573 1303 restituerit
604 1227 831 1319 disciplinas,
872 1254 962 1322 quae
988 1230 1038 1300 sic
1069 1245 1252 1315 vocantur,
1303 1222 1469 1308 coluisse,
1493 1246 1582 1316 quae
1599 1223 1732 1317 quique
1748 1224 1824 1295 loca
1841 1247 2093 1321 occupassent,
2118 1260 2183 1328 qua
2201 1238 2240 1307 in
2257 1263 2300 1310 re

261 1334 444 1425 collapsas,
458 1345 492 1401 et
506 1332 550 1401 ab
567 1328 714 1400 interitu
729 1328 928 1405 vindicarit.
955 1326 1120 1403 Austriae
1135 1357 1251 1427 quan·
1302 1327 1469 1417 adparet,
1496 1324 1635 1395 animos
1654 1327 1768 1414 gentis
1782 1353 1912 1400 vacuos
1930 1336 2084 1407 avaricia
2112 1351 2146 1409 et
2168 1339 2299 1409 simili-

261 1452 338 1508 tum
360 1436 548 1515 debemus,
580 1456 672 1527 quae
696 1456 776 1501 cum
797 1432 886 1503 alios
909 1432 1093 1527 Principes
1114 1457 1253 1507 summa
1303 1428 1371 1498 bus
1395 1425 1573 1519 pestibus,
1609 1430 1706 1499 unde
1731 1429 1769 1499 in
1799 1431 2004 1507 civitatibus
2034 1460 2158 1528 graves
2182 1457 2301 1513 motus

253 1530 413 1622 'virtute,
438 1552 515 1608 tum
537 1534 824 1609 Maximiliauum
846 1535 977 1622 edidit,
1007 1539 1142 1609 nemini
1158 1537 1254 1630 opti·
1305 1531 1451 1600 existere
1467 1529 1604 1614 δῠῙθῐῑῑ,
1624 1554 1763 1601 tumme
1786 1535 1960 1625 religione
1981 1539 2158 1613 iusticiam
2175 1568 2215 1613 ac
2236 1569 2303 1635 pa-

264 1665 407 1713 morum
434 1637 694 1730 imperatorum
720 1640 1028 1729 postponendum,
1067 1642 1129 1735 qui
1157 1641 1254 1710 iuxta
1305 1656 1380 1702 cem
1397 1632 1557 1704 coluisse.
1589 1631 1710 1703 ¹Plato
1735 1635 1805 1720 ait,
1831 1637 1879 1707 ita
1895 1639 2160 1725 foelicissimum
2177 1647 2304 1717 civita-

265 1743 366 1815 domi
383 1765 423 1811 ac
440 1742 529 1811 foris
551 1739 770 1810 continentia
800 1741 970 1829 singulari
1000 1744 1087 1828 fuit,
1117 1742 1257 1813 iusticia
1306 1736 1351 1807 tis
1373 1748 1503 1806 statum
1524 1735 1618 1821 fore,
1642 1736 1673 1804 si
1697 1739 1986 1830 quamproxime
2009 1758 2158 1816 conetur
2179 1749 2298 1837 expri-

265 1844 486 1928 incredibili,
512 1841 758 1931 magnitudine
775 1843 885 1911 enimi
901 1842 1033 1920 divina.
1062 1843 1159 1934 Quid
1175 1843 1258 1916 Fri·
1307 1861 1402 1906 mere
1418 1833 1509 1905 banc
1525 1834 1649 1925 legem,
1674 1862 1765 1931 ‘1⁰³0
1781 1841 1825 1910 de
1842 1842 1966 1915 amitit
1980 1859 2083 1929 mitti>
2108 1842 2156 1918 τὰ
2174 1844 2300 1944 φίλων

266 1949 336 2029 sia,
357 1945 441 2040 quia
457 1945 658 2036 Agricolam
680 1943 821 2034 genuit,
843 1960 1017 2039 quantum
1040 1948 1159 2018 laudis
1182 1970 1257 2016 me-
1307 1930 1427 2011 κοινά.
1486 1936 1604 2026 Quam
1636 1955 1753 2012 autem
1786 1937 1878 2013 mihi
1904 1942 2077 2019 Graecam
2108 1950 2302 2037 civitatem,

266 2048 390 2122 retur?
439 2045 593 2119 Batavos
614 2070 696 2117 snos
717 2042 889 2117 Erasmus
909 2073 1015 2141 quam
1031 2051 1145 2120 claros
1166 2050 1257 2120 fecit.
1308 2063 1395 2134 quas
1416 2034 1595 2126 Athenas,
1618 2066 1724 2136 quam
1744 2043 1929 2138 Spartam,
1953 2063 2018 2125 aut
2029 2049 2162 2125 Locros
2183 2055 2301 2124 nomi·

267 2151 338 2226 Sed
363 2149 451 2245 quid
475 2174 539 2242 ego
559 2149 709 2219 aliarum
726 2149 913 2221 nationum
934 2150 1056 2221 laudes
1083 2175 1259 2236 recenseo,
1308 2142 1410 2214 nabit
1424 2142 1572 2235 aliquit,
1599 2142 1636 2210 in
1655 2170 1724 2237 ‘1¹1³
1742 2148 1889 2238 Perinde
1904 2151 1980 2241 agri
1997 2178 2205 2227 communes
2219 2180 2302 2248 pos-

267 2279 349 2325 cum
373 2255 418 2323 de
436 2251 564 2323 Suevis
579 2251 694 2322 oratio
717 2251 878 2323 instituta
898 2253 968 2324 sit?
1020 2252 1154 2324 Verum
1171 2249 1258 2323 haec
1308 2245 1551 2336 sessionesque
1573 2246 1725 2332 fuerint,
1757 2263 1798 2319 ut
1822 2254 1917 2343 apud
1939 2252 2101 2326 Suevos?
2139 2259 2202 2352 qui
2231 2258 2302 2328 nisi

268 2357 350 2428 ideo
367 2357 546 2447 praefatus
560 2377 660 2436 sum,
680 2366 721 2423 ut
737 2354 980 2444 intelligeretis
997 2381 1072 2442 me,
1098 2381 1178 2427 cnm
1201 2356 1260 2425 ui·
1310 2347 1515 2418 admirabili
1529 2347 1665 2418 iusticia
1683 2352 1845 2439 praediti,
1868 2369 1902 2426 et
1914 2379 2041 2446 magna
2059 2358 2153 2428 inter
2168 2383 2204 2429 se
2220 2357 2303 2430 cba-

269 2454 323 2528 hil
347 2457 386 2525 in
408 2451 475 2527 hac
496 2479 599 2526 eausa
622 2455 667 2525 de
687 2455 913 2547 amplissimis
934 2460 1153 2531 ornamentis
1172 2458 1276 2529 alia·
1312 2451 1415 2521 ritate
1439 2449 1597 2520 devincti
1620 2452 1790 2538 fuissent,
1815 2457 1916 2528 nullo
1939 2459 2046 2530 modo
2064 2460 2162 2530 illam
2182 2485 2303 2531 rerum

268 2583 349 2631 rum
373 2557 561 2629 nationum
576 2551 779 2644 detraham,
802 2558 896 2629 reris
911 2561 1078 2633 laudibus
1092 2560 1260 2633 Sueviam
1311 2553 1599 2624 communionem
1616 2555 1862 2632 exercuissent.
1915 2558 2101 2648 Quaedam
2123 2579 2243 2653 gentes
2258 2565 2305 2637 ab

268 2674 478 2732 ornaturum
500 2683 584 2731 esse.
633 2657 774 2747 Quaeso
793 2674 912 2737 autem
934 2686 1016 2750 vos,
1040 2678 1080 2736 ut
1103 2688 1167 2754 pro
1190 2658 1261 2734 hu·
1312 2655 1390 2727 Diis
1405 2679 1441 2725 te
1456 2669 1639 2726 ottasesse
1655 2659 1871 2749 praedicant,
1896 2657 1988 2731 mihi
2003 2687 2077 2733 non
2092 2666 2212 2735 minor
2226 2669 2304 2736 laus

267 2764 436 2837 manitate
451 2775 565 2833 vestra
580 2784 638 2831 me
651 2761 806 2852 benigne
822 2765 993 2852 audiatis3
1019 2789 1103 2837 uam
1125 2768 1262 2837 candor
1311 2759 1454 2829 videtur
1474 2759 1520 2827 ati
1545 2758 1631 2829 tales
1658 2759 1769 2847 viros,
1790 2762 1910 2856 quales
1928 2764 2036 2833 tuisse
2058 2780 2191 2836 veteres
2209 2766 2305 2838 Sue-

269 2879 321 2938 est
345 2880 548 2936 exterorum
568 2863 763 2935 virtutibus
788 2877 823 2936 et
853 2889 975 2937 earum
1005 2891 1261 2939 commemora·
1312 2885 1375 2930 vos
1392 2859 1608 2950 intelligitis,
1636 2885 1717 2933 vere
1734 2888 1835 2954 posse
1853 2864 2027 2955 originem
2049 2868 2200 2954 referre,
2231 2894 2304 2962 qua

268 2969 501 3055 tionifavere,
527 2989 614 3061 quas
630 2967 775 3060 quidem
790 2991 868 3055 nos,
893 2970 977 3063 qnia
994 2971 1089 3042 inter
1104 2971 1262 3042 eruditos
1312 2965 1356 3033 ad
1373 2959 1566 3034 Herculem
1580 2976 1642 3034 aut
1662 2963 1829 3041 Martem.
1878 2964 1961 3038 Non
1975 2981 2028 3041 est
2047 2968 2200 3043 instituti
2220 2972 2305 3057 mei,

268 3072 439 3155 dicimus,
464 3071 572 3163 paulo
594 3070 736 3160 longius
751 3070 856 3142 etiam
878 3071 963 3143 inde
978 3096 1091 3169 usque
1106 3075 1153 3145 ab
1168 3073 1261 3144 anti·
1312 3066 1436 3137 laudet
1457 3065 1607 3135 aliarum
1628 3065 1666 3136 in
1682 3063 1879 3141 Germania
1900 3071 2088 3142 nationum
2104 3087 2306 3159 extenuare,

269 3172 404 3266 quitata
419 3185 627 3264 repetemus.
681 3170 897 3267 Quanquam
913 3189 1030 3247 autem
1047 3176 1120 3246 sola
1138 3177 1262 3261 virtus,
1312 3184 1433 3240 tamen
1449 3163 1518 3237 hoc
1532 3167 1571 3236 in
1587 3170 1748 3242 confesso
1762 3186 1832 3256 est,
1858 3173 1996 3244 nullius
2011 3175 2306 3246 maiores'monu-

268 3297 389 3343 veram
405 3286 439 3343 et
454 3272 604 3342 solidam
622 3273 762 3342 laudem
782 3274 894 3366 parit,
919 3289 1039 3348 tamen
1055 3292 1089 3348 et
1104 3279 1263 3372 antiqui·
1313 3271 1443 3342 mentis
1470 3269 1674 3358 literarum,
1712 3274 1859 3365 perinde
1884 3287 1925 3346 ut
1945 3274 2085 3346 Suevos
2112 3277 2308 3349 celebratos

269 3389 321 3448 tas
336 3375 496 3466 generis,
523 3373 607 3468 quia
624 3369 796 3445 nonnihil
811 3379 984 3451 momenti
1000 3381 1114 3453 adfert
1127 3383 1171 3450 ad
1188 3381 1263 3450 vir·
1314 3396 1400 3456 esse,
1423 3374 1520 3463 quod
1536 3373 1682 3465 quidem
1694 3391 1940 3465 argumentum
1955 3400 2030 3447 esse
2047 3374 2139 3448 mihi
2153 3380 2307 3466 videtur,

270 3479 357 3551 tutis
371 3477 551 3558 studium,
575 3498 675 3549 suam
693 3475 834 3546 laudem
852 3491 1016 3553 meretur.
1315 3477 1447 3544 virtute
1469 3473 1575 3544 etiam
1597 3499 1657 3546 eos
1686 3478 1833 3573 reliquis
1856 3479 2024 3551 omnibus
2046 3481 2086 3550 in
2112 3478 2306 3552 Germania

1314 3576 1522 3648 nationibus
1537 3579 1762 3668 praestitisse.
1813 3580 2012 3677 Pleraeque.
2030 3583 2177 3655 nomine
2193 3584 2307 3654 veteri

1315 3680 1463 3765 amisso,
1494 3681 1709 3774 nequidem
1734 3685 1972 3756 coniecturam
1994 3707 2117 3777 capere
2146 3699 2309 3778 possunt,

1316 3783 1502 3876 exquibus
1524 3784 1595 3855 orti
1615 3784 1688 3857 sint
1709 3787 1916 3862 maioribus.
1966 3782 2016 3858 Et
2029 3781 2124 3858 haud
2139 3789 2234 3873 scio,
2259 3813 2309 3860 an

1316 3885 1384 3957 soli
1401 3884 1511 3957 Suevi
1533 3909 1667 3957 nomen
1689 3903 1789 3960 vetus
1814 3890 2043 3975 retinuerint,
2068 3891 2128 3959 sed
2150 3915 2230 3960 cum
2256 3891 2308 3962 ita

1317 4000 1454 4060 mutent
1468 4002 1589 4078 gentes
1602 3991 1766 4077 nomina,
1788 3993 1819 4062 si
1834 3993 1890 4064 vel
1904 3992 2020 4085 patria
2029 3991 2139 4084 pulsi,
2163 3992 2220 4062 vet
2233 3992 2309 4061 im-

271 4093 393 4186 Quare
406 4119 487 4165 cum
501 4092 867 4165 veterumSuevomm
884 4095 1143 4170 summavirtus
1157 4096 1266 4169 fuisse
1316 4092 1417 4186 perio
1438 4091 1585 4173 deiecti,
1615 4094 1741 4164 amima
1759 4093 1943 4176 libertate,
1969 4094 2010 4164 in
2030 4094 2182 4165 aliorum
2205 4106 2309 4186 Pote-

272 4194 522 4290 perhibeatur,
551 4194 722 4265 credibile
745 4207 798 4264 est
819 4197 864 4264 ad
888 4211 1046 4287 posteros
1073 4212 1265 4291 propagata
1317 4208 1442 4266 statem
1463 4195 1628 4280 veniant,
1660 4195 1851 4266 verisimile
1872 4211 1925 4268 est
1946 4195 2105 4284 Suevos,
2133 4196 2219 4291 quia
2240 4220 2309 4267 no-

275 4321 349 4368 esse
369 4297 503 4367 semina
525 4295 880 4387 quaedam-virtutis3
914 4311 949 4368 et
965 4304 1265 4392 quemadmodum
1317 4321 1402 4367 men
1423 4296 1668 4383 retinuerunt,
1706 4298 1905 4369 libertatem
1935 4322 2036 4370 suam
2060 4322 2200 4370 summa
2226 4322 2307 4368 cum

272 4402 409 4482 formae
436 4420 625 4488 corporum
655 4397 693 4466 in
719 4396 810 4467 natis
838 4395 1027 4469 imitantur
1051 4414 1186 4491 patres,
1217 4403 1266 4475 ita
1317 4401 1448 4473 virtute
1462 4400 1663 4484 defensam,
1686 4423 1871 4493 nunquam
1887 4401 2057 4477 amisisse.
2105 4399 2200 4473 Nam
2211 4400 2308 4496 quod

273 4515 496 4595 posterorum
523 4498 666 4590 ingenia
695 4521 770 4567 non
793 4520 895 4590 saepe
921 4513 1070 4570 naturae
1091 4503 1265 4584 maiorum
1317 4505 1417 4574 sedes
1430 4516 1632 4587 mutarunt,
1658 4516 1692 4574 et
1708 4525 1728 4571 a
1745 4498 1900 4575 Balthici
1919 4504 2027 4574 maris
2046 4504 2183 4591 littore,
2210 4503 2309 4598 quod

253 4603 460 4677 ‘dissimilia
492 4615 585 4673 sunt.
643 4598 801 4673 Proinde
825 4625 901 4672 non
931 4603 1091 4694 exiguam
1125 4606 1265 4695 laudem
1318 4606 1406 4675 olim
1422 4618 1631 4688 tenuerunt,
1658 4605 1805 4696 propius
1820 4602 1990 4678 Rhenum
2008 4617 2245 4690 accessemnt,
2269 4604 2309 4674 id

276 4707 447 4782 Suevieae
463 4704 620 4777 nationis
636 4699 728 4776 banc
745 4728 818 4774 esse
833 4707 945 4792 duco,
970 4709 1067 4801 quod
1085 4732 1104 4778 a
1120 4709 1267 4779 maiori·
1317 4707 1461 4792 accidit,
1500 4707 1584 4799 quia
1615 4708 1769 4778 lacessiti
1791 4707 1965 4783 Romanis
1999 4709 2129 4791 aruris,
2166 4708 2206 4777 in
2231 4706 2311 4799 ripa

276 4812 345 4883 bus
365 4809 570 4880 incredibili
584 4808 735 4894 virtute,
759 4809 899 4902 fideque
922 4811 1109 4901 praeditis,
1134 4811 1268 4906 quique
1317 4805 1440 4885 Rheni
1456 4810 1564 4879 domo
1586 4812 1694 4883 accita
1719 4812 1893 4903 praesidia
1906 4812 2063 4903 primum
2080 4812 2315 4896 collocarunt,

277 4912 440 4983 maximis
455 4912 561 5003 gestis
575 4913 681 4982 rebus
693 4935 777 4982 suae
791 4912 986 5002 posteritati
1002 4914 1267 5003 praeluxerunt,
1317 4926 1437 5006 postea
1455 4911 1549 5004 capti
1565 4917 1657 4984 aeris
1675 4915 1835 5008 coelique
1853 4913 2060 4998 clementia,
2084 4908 2141 4983 his
2163 4914 2203 4982 in
2225 4911 2314 4982 locis

277 5015 349 5087 orti
370 5029 464 5109 sunt.
514 5012 660 5087 Habent
682 5029 801 5087 autem
824 5028 958 5086 veteres
971 5013 1081 5087 Suevi
1102 5019 1268 5108 gravissi-
1316 5017 1573 5100 consederunt,
1596 5031 1632 5088 et
1653 5028 1872 5107 occuparunt
1895 5039 1973 5087 eam
1991 5012 2209 5087 Germaniae
2229 5038 2314 5108 par-

276 5142 377 5188 mum
399 5131 520 5187 testem
545 5140 688 5187 suarum
714 5119 882 5203 laudum,
910 5113 949 5190 C.
969 5115 1172 5206 Caesarem,
1204 5122 1266 5214 qui
1317 5133 1404 5205 tem,
1428 5119 1534 5210 longe
1551 5119 1724 5212 promotis
1739 5117 1889 5204 finibus,
1914 5141 2004 5212 quae
2019 5118 2114 5188 inter
2126 5114 2315 5203 Rhenum,

275 5221 325 5292 sic
341 5219 510 5291 describit
526 5243 595 5304 eos,
616 5232 656 5288 ut
670 5221 847 5312 adpareat,
868 5232 903 5291 et
917 5221 1015 5290 domi
1031 5222 1165 5313 optime
1181 5247 1268 5295 eon-
1317 5217 1445 5312 Alpes,
1474 5220 1611 5318 Lycum
1637 5238 1672 5295 et
1693 5220 1866 5291 Moenum
1889 5235 1960 5305 est,
1990 5216 2028 5289 hi
2062 5233 2146 5292 sunt
2171 5220 2314 5293 Suevo-

275 5325 415 5397 stitutas
434 5319 593 5413 Respub.
622 5322 921 5417 domesticamque
951 5323 1175 5416 disciplinam
1203 5321 1267 5396 ha-
1316 5325 1497 5395 rumfines
1512 5325 1580 5397 hoc
1595 5341 1765 5417 tempore.
1801 5322 1925 5416 Neque
1941 5347 2024 5393 vero
2039 5326 2315 5414 degenerarunt,

275 5428 414 5514 buisse,
438 5439 471 5498 et
487 5424 574 5496 foris
592 5423 840 5495 incredibilem
860 5450 983 5498 eorum
1008 5426 1292 5516 fortitudinem,
1316 5440 1452 5500 mutato
1475 5429 1572 5501 coelo
1595 5453 1614 5499 a
1636 5425 1787 5522 pristina
1810 5427 1964 5507 virtute,
1988 5428 2050 5497 sed
2074 5422 2132 5498 bis
2153 5426 2313 5521 primum

323 3636 426 3700 Fortes
439 3628 577 3723 (inquit
591 3625 785 3723 Horatius)
801 3648 938 3698 creantur
949 3637 1080 3703 fortibus
1092 3654 1121 3704 et
1136 3644 1234 3707 bonis.

320 3736 375 3803 Est
386 3744 420 3802 iu
434 3743 585 3817 iuvencis,
612 3741 701 3800 estin
716 3743 804 3823 equis
817 3753 937 3822 patrum

320 3842 448 3922 Virtus,
474 3865 529 3905 nee
548 3842 701 3904 imbellem
714 3841 830 3905 feroces

320 3946 522 4030 Progeneraut
538 3950 659 4031 aliquae
674 3948 857 4010 ouiumbam.
