4732 6030
72 239 74 242 ’
157 249 232 322 899
458 241 619 318 unct„
652 241 726 314 DE
760 241 954 316 DlCTO:
988 239 1195 319 SERMO
1229 239 1480 316 CHRISTI
1514 241 1782 326 ΗΑΒΙΤΕΤ
1813 256 1910 326 sac.¹
2129 252 2216 328 900

264 419 368 490 Hanc
381 418 600 489 voluntatem
616 439 695 485 cum
716 416 925 506 expresserit
937 417 975 486 in
993 440 1058 489 sno
1078 442 1151 488 ser·
1207 414 1393 504 allegorica
1411 415 1713 509 interpretatione,
1733 422 1794 489 sed
1812 421 1849 489 in
1867 423 2012 515 propria
2028 428 2217 498 sententia

162 548 289 608 mone,
314 546 387 593 non
407 520 605 590 tribuamus
627 518 659 586 ei
679 517 961 603 simulationem,
987 544 1061 591 non
1085 522 1155 590 fin.
1208 517 1439 607 intelligatur.
1493 518 1631 609 lndiget
1648 535 1766 591 autem
1783 525 2023 614 speculatione
2037 542 2073 598 et
2088 553 2217 618 sensu,

164 648 286 718 gamus
302 626 339 692 in
356 647 396 692 ρο
409 619 700 691 contradictorias
716 620 928 691 voluntates.
1208 633 1248 690 ut
1262 620 1430 689 materiae
1445 620 1708 709 discernantur,
1734 637 1769 694 et
1784 640 1877 695 recte
1893 629 2129 720 accipiantur.
2145 661 2157 721 ρ

265 721 318 795 Ac
332 724 459 794 sentiet
476 724 537 792 ille
556 736 819 807 consternatus,
845 723 1154 794 reddisibivitam
1309 718 1480 791 Nominat
1505 718 1707 807 Theorian‚
1750 727 1846 794 viam
1877 728 2047 800 docendi:
2092 757 2213 824 genus

167 827 321 901 intuenti
349 826 386 894 in
409 826 521 895 filium
549 820 634 907 Dei,
668 836 701 892 et
726 825 894 912 cogitanti
918 826 992 894 eius
1016 851 1155 896 vocem:
1209 824 1381 891 sermonis
1399 823 1551 911 intelligi
1569 840 1720 914 oportet.
1754 830 1898 899 accedat
1919 844 1952 899 et
1969 833 2110 923 sobria,
2131 863 2213 911 non

166 930 295 1001 Venite
311 931 429 1016 adgm,
444 950 578 1007 omnm,
601 925 1157 1019 qui13b0r31532g0n0r311e5t15‚
1208 925 1348 1013 garrula
1372 938 1405 993 et
1428 927 1624 997 cavillatrix
1649 925 1861 1016 Dialectica,
1901 946 2090 1007 teneantur
2113 942 2214 1011 divi-

36 1029 38 1033 ·
165 1047 199 1105 et
217 1056 281 1121 ego
298 1030 451 1099 reficiam
467 1053 540 1101 vos.
592 1027 705 1118 Saepe
719 1030 824 1097 etiam
849 1030 887 1097 in
906 1024 971 1099 hac
988 1030 1080 1099 lucta
1097 1054 1156 1119 ge·
1210 1027 1326 1093 aiones
1349 1049 1528 1115 generum.
1581 1025 1691 1099 Aliud
1715 1031 1770 1100 lex
1794 1048 1863 1118 est,
1889 1035 1988 1106 aliud
2013 1043 2211 1129 promissio

165 1159 265 1204 mens
281 1132 461 1202 clamabit:
489 1126 779 1216 CredoDomine‚
802 1134 862 1200 sed
879 1157 980 1223 opem
996 1134 1049 1201 fer
1064 1132 1157 1200 difli-
1210 1128 1360 1217 gratuita
1389 1130 1705 1200 reconciliationis:
1749 1133 1847 1203 aliud
1881 1150 1933 1205 est
1964 1140 2208 1217 ministerium

168 1237 309 1306 dentiae
325 1247 434 1303 meae.
488 1231 566 1302 Hoc
581 1255 618 1301 se
642 1233 785 1317 ordine,
814 1229 878 1302 bac
903 1233 1157 1314 consolatione,
1209 1226 1415 1318 Evangelii.
1458 1232 1527 1300 alla
1557 1247 1612 1301 ret
1642 1234 1783 1325 politica
1807 1237 2032 1326 gubernatio.
2094 1242 2205 1319 Atina

166 1332 344 1429 Propheta
359 1349 541 1420 sustentat,
562 1334 762 1403 clamitans:
787 1330 941 1426 Expecta
952 1333 1158 1421 Dominum,
1210 1331 1318 1417 actio,
1354 1357 1444 1425 quae
1469 1335 1675 1404 nominatur
1702 1336 1993 1425 Sacramentum,
2025 1347 2126 1417 aliud
2152 1376 2209 1422 res

168 1452 325 1533 expectat
338 1439 454 1507 anima
472 1462 563 1521 mea,
590 1452 624 1505 et
642 1440 733 1505 irrata
752 1438 900 1507 verbum
916 1439 992 1507 eius
1007 1462 1120 1529 spero.
1211 1449 1306 1502 extra
1322 1437 1509 1510 actionem.
1560 1434 1726 1530 Denique
1747 1441 1825 1508 sani
1853 1435 2009 1514 hominis
2032 1463 2106 1534 est,
2133 1478 2208 1524 non

270 1539 430 1612 Sciamus
443 1540 563 1629 igitur,
586 1562 660 1607 non
677 1539 929 1608 infructuosam
946 1562 1020 1608 esse
1036 1539 1157 1608 lectio·
1212 1536 1249 1602 in
1267 1560 1380 1606 unum
1400 1533 1506 1606 cbaos
1523 1539 1741 1609 confundere
1766 1543 1967 1613 universam
1993 1550 2212 1644 doctrinam,

165 1668 248 1716 nem
274 1640 447 1713 sermonis
469 1640 601 1724 divini,
633 1641 693 1709 sed
710 1639 886 1731 Spiritum
909 1656 1069 1711 sanctum
1094 1636 1159 1710 hac
1211 1640 1292 1721 sed,
1318 1654 1357 1710 ut
1369 1638 1407 1708 lit
1427 1639 1466 1707 in
1482 1641 1662 1725 docendo,
1687 1666 1899 1731 numerum,
1926 1649 2210 1746 distinctionem,

168 1748 246 1837 ipsa
264 1767 349 1813 voce
374 1745 565 1812 accendere
590 1757 749 1831 pectora,
775 1743 866 1812 sicut
885 1757 919 1812 et
935 1743 1022 1811 alibi
1041 1744 1159 1836 inquit
1212 1741 1373 1810 ordinem
1389 1740 1561 1810 iudicium
1579 1738 1757 1814 adbibere.

167 1847 318 1931 Paulus,
344 1860 383 1916 ut
399 1868 463 1935 per
475 1843 754 1915 consolationem
778 1845 1034 1936 scripturarum
1060 1869 1158 1938 spem
1313 1840 1416 1911 Hanc
1442 1843 1661 1933 diligentiam
1686 1849 1848 1919 nominat
1862 1845 2083 1942 Epiphanius
2100 1857 2206 1930 θεω-

166 1944 375 2019 habeamus.
618 1997 620 2006 .
1213 1938 1310 2040 ρίαν.
1368 1942 1507 2014 Deinde
1535 1960 1568 2014 et
1590 1970 1731 2017 sensum
1756 1953 1833 2021 vult
1855 1947 2035 2040 adhiberi,
2069 1959 2105 2028 id
2137 1982 2204 2049 est,

271 2047 329 2118 An
345 2049 469 2119 literae
487 2062 521 2119 et
534 2049 690 2142 syllabae
706 2050 847 2118 dolores
867 2049 1023 2131 leniant,
1047 2064 1082 2121 et
1104 2050 1156 2117 vi·
1213 2047 1425 2115 mediocrem
1446 2048 1708 2137 experientiam.

169 2152 428 2235 tamreddant,
454 2150 618 2244 inquies?
657 2148 733 2221 Imo
752 2175 835 2221 vero
853 2151 947 2220 Deus
962 2168 996 2224 te
1011 2155 1056 2220 ad
1073 2146 1159 2221 haec
1314 2145 1432 2216 Homo
1456 2151 1595 2219 ociosus
1622 2165 1655 2220 et
1677 2171 2042 2245 nunqnamexpertus
2060 2187 2208 2256 magnos

170 2255 297 2344 scripta
314 2247 481 2336 retrahit,
507 2253 545 2321 in
562 2246 619 2321 his
632 2253 851 2324 voluntatem
866 2276 964 2322 suam
982 2255 1058 2324 vult
1074 2278 1159 2323 con·
1212 2249 1373 2323 dolores.
1399 2250 2100 2355 nonintelligiterercitiaFideietSpei.
2136 2267 2208 2341 lta-

170 2355 278 2447 spici,
313 2368 347 2426 et
370 2350 498 2424 horum
524 2355 735 2445 cogitatione
756 2368 891 2424 mentes
908 2366 1026 2425 movet
1047 2369 1082 2427 et
1102 2380 1160 2426 ac·
1213 2375 1282 2444 que
1300 2354 1590 2423 vocabulaetiam
1610 2372 1856 2445 corrumpunt.
1909 2360 2102 2438 Monacbis
2120 2371 2207 2442 fides

171 2457 301 2529 cendit.
928 2542 931 2553 λ
1212 2467 1350 2522 tantum
1366 2456 1532 2525 noticiam
1550 2457 1733 2546 significat.
1776 2457 1962 2533 Peccatum
1980 2467 2050 2536 illis
2066 2485 2205 2544 tantum

172 2597 178 2609 ι
271 2554 356 2653 Dixi
371 2558 483 2627 multo
507 2556 650 2626 brevius
674 2558 718 2626 de
744 2556 896 2626 utilitate
918 2558 1099 2643 lectionis,
1126 2573 1159 2629 et
1213 2556 1386 2643 significat
1402 2560 1531 2643 scelus,
1559 2562 1654 2652 quod
1674 2559 1870 2631 voluntatis
1885 2566 2052 2638 electione
2068 2573 2203 2645 factum

170 2661 216 2730 de
238 2658 394 2730 motibus
411 2658 567 2748 Spiritus
586 2660 717 2743 sancti,
744 2683 850 2752 quam
876 2662 1084 2749 magnitudo
1107 2662 1160 2730 rei
1213 2671 1274 2728 est.
1326 2656 1491 2749 Denique
1505 2661 1542 2726 in
1561 2661 1682 2732 multis
1697 2665 1850 2751 negotiis
1873 2667 1941 2737 alia
1963 2686 2046 2741 sunt
2070 2675 2203 2749 iudicia

168 2762 333 2854 postulat.
386 2760 455 2832 Sed
471 2755 558 2831 baec
580 2761 653 2852 ipsa
677 2761 811 2830 utilitas
831 2763 1002 2849 ostendit,
1029 2764 1160 2832 dulcis·
1214 2759 1380 2843 rudium,
1404 2763 1472 2830 alia
1490 2763 1705 2849 peritorum,
1732 2790 1821 2858 quos
1837 2792 1925 2839 usus·
1935 2776 2081 2846 erudiit.

168 2865 257 2935 sime
273 2863 407 2935 dictum
427 2886 515 2949 esse,
542 2858 678 2933 habitet
696 2863 879 2933 vobiscum
896 2888 1011 2935 sermo
1030 2861 1109 2938 Dei.
1314 2858 1380 2931 Est
1398 2856 1483 2932 baec
1500 2888 1641 2957 quoque
1661 2869 1834 2956 sapientia
1857 2871 1892 2939 in
1913 2872 2058 2961 legendo
2079 2903 2204 2949 neces-

271 2965 386 3038 Simul
423 2966 518 3035 enim
553 2966 593 3038 fit
628 2988 728 3033 mens
760 2961 979 3037 domicilium
1007 2966 1161 3058 Spiritus
1214 2965 1322 3048 saria,
1349 2965 1487 3056 saepius
1502 2980 1658 3056 repetere
1672 2971 1836 3040 materias
1859 2999 1948 3067 quae
1969 2994 2132 3069 prosunt,
2159 3000 2202 3057 ut

172 3067 302 3152 sancti,
328 3068 366 3136 in
389 3093 458 3161 qua
476 3093 590 3138 sermo
613 3068 757 3138 divinus
771 3063 918 3142 habitat.
969 3067 1073 3139 Hanc
1088 3093 1161 3140 esse
1214 3063 1346 3136 Paulus
1368 3067 1551 3152 nominat,
1583 3072 1627 3137 ad
1652 3073 1946 3146 aedificationem:
1976 3082 2095 3173 quales
2117 3100 2200 3156 sunt

171 3191 315 3260 gravem
341 3169 500 3237 discendi
525 3184 559 3238 et
585 3170 725 3259 legendi
752 3195 912 3256 causam,
954 3195 1078 3243 omnes
1104 3173 1162 3241 in·
1214 3168 1403 3238 conciones
1419 3173 1461 3237 de
1486 3172 1722 3260 poenitentia,
1749 3177 1903 3265 deiide,
1929 3184 1974 3249 de
1996 3207 2077 3252 vera
2100 3185 2203 3256 invo-

173 3269 351 3359 telligunt.
1215 3271 1370 3354 catione,
1396 3274 1441 3340 de
1461 3274 1553 3341 veris
1569 3275 1739 3355 cultibus,
1763 3290 1797 3342 et
1813 3285 2060 3354 enarrationes
2073 3289 2204 3360 articu-

276 3367 431 3441 Additae
447 3384 529 3441 sunt
546 3381 662 3439 autern
680 3369 962 3461 exaggerationes
986 3387 1019 3442 et
1040 3375 1163 3440 admo·
1216 3373 1332 3440 lorum
1353 3373 1453 3442 fidei:
1482 3387 1516 3444 et
1538 3375 1734 3465 relinquere
1752 3378 1927 3463 argutias,
1951 3409 2107 3474 quarum
2131 3415 2203 3461 110„

173 3473 344 3545 nitiones:
382 3468 546 3557 Habitet,
584 3473 723 3565 inquit,
755 3472 849 3542 inter
870 3495 936 3541 nos
959 3472 1102 3542 abunde
1124 3474 1163 3543 in
1216 3490 1267 3543 est
1284 3496 1385 3558 usus,
1412 3490 1452 3546 ut
1475 3477 1559 3544 olim
1585 3489 1683 3545 erant
1706 3476 1802 3545 rixae
1821 3479 1866 3547 de
1882 3478 2134 3578 Genealogiis,
2160 3497 2205 3563 de

174 3576 275 3647 omni
315 3573 497 3664 sapientia.
575 3571 663 3644 Vult
702 3596 805 3666 saepe
837 3574 1061 3668 multumque
1094 3575 1162 3666 legi
1215 3577 1273 3648 die
1289 3576 1543 3657 crucifixionis,
1571 3581 1615 3646 de
1629 3579 1849 3653 sermentato

172 3677 301 3769 scripta
326 3671 534 3770 prophetica
565 3688 600 3746 et
631 3677 844 3768 apostolica,
883 3691 918 3749 et
940 3677 1017 3748 vult
1040 3702 1077 3747 ea
1104 3702 1160 3748 sa·
1314 3675 1454 3749 Etcum
1472 3680 1695 3769 ingeniorum
1719 3703 1846 3771 magna
1868 3683 1912 3754 sit
1931 3685 2204 3774 dissimilitudo,

170 3781 311 3873 pientes
326 3777 556 3850 considerari.
570 3863 577 3868 ,
608 3837 617 3853 .
1216 3781 1319 3852 multi
1338 3781 1393 3849 vel
1409 3783 1527 3851 studio
1543 3782 1770 3867 subtilitatis,
1798 3787 1853 3853 vel
1868 3810 1983 3856 amore
1999 3790 2199 3861 cavillatio·

275 3880 357 3953 Non
375 3881 500 3972 legunt
520 3879 697 3971 sapienter
719 3873 908 3969 haeretici,
936 3881 999 3975 qui
1023 3906 1095 3952 non
1121 3905 1162 3952 ex
1215 3907 1322 3969 num,
1349 3879 1528 3953 vehuntur
1551 3901 1646 3955 extra
1670 3899 1797 3971 metas,
1830 3901 1865 3957 et
1888 3903 1928 3960 ut
1949 3902 2075 3959 veteres
2098 3892 2204 3962 dice-

171 3983 261 4077 ipsis
286 3983 444 4055 lontibus
470 3977 640 4059 hauriunt
669 3983 881 4068 sententias,
901 3985 973 4052 -sed
998 3985 1163 4054 adserunt
1216 3986 1313 4070 bant,
1337 3977 1430 4078 ὑπὲρ
1444 3980 1492 4056 τὰ
1506 3982 1731 4078 ἐσκεμμένα,
1760 3988 1863 4057 ιιιυίιί
1878 3991 2033 4061 fascinati
2047 4016 2207 4064 consue-

93 4162 99 4175 ,
173 4110 258 4157 suae
281 4088 456 4181 quaedam
476 4085 630 4155 somnia:
669 4084 797 4154 deinde
819 4100 1009 4177 excerpunt
1036 4087 1162 4159 mutila
1214 4089 1360 4179 tudine,
1387 4090 1443 4157 vel
1464 4089 1546 4158 odio
1572 4104 1605 4159 et
1630 4088 1710 4158 aliis
1726 4089 1924 4176 affectibus,
1949 4094 2132 4166 mordicus
2149 4121 2205 4166 re·

173 4190 288 4273 dicta,
329 4213 421 4282 quae
450 4189 703 4257 transformant
732 4187 770 4254 in
801 4186 935 4258 alienas
959 4188 1161 4261 sententias.
1214 4189 1330 4262 tinent
1344 4189 1449 4261 etiam
1466 4203 1557 4261 terra
1574 4191 1817 4267 deliramenta.
1905 4250 1909 4258 .

172 4289 307 4360 Totum
334 4310 462 4380 corpus
487 4289 669 4359 doctrinae
697 4287 1008 4375 intuendum¹est‚
1046 4304 1080 4360 et
1106 4291 1159 4359 vi·
1315 4290 1523 4363 Frenandae
1538 4308 1621 4363 sunt
1645 4293 1754 4383 igitur
1777 4306 1932 4378 mentes,
1954 4308 1989 4366 et
2011 4288 2205 4366 cohercen-

171 4392 288 4462 denda
309 4390 550 4460 membrorum
572 4389 813 4469 concinnitas,
842 4404 877 4461 et
900 4403 942 4462 ut
962 4393 1011 4462 ita
1035 4392 1161 4479 dicam,
1213 4396 1279 4465 dae
1296 4396 1335 4465 in
1349 4395 1559 4489 obsequium
1574 4390 1737 4481 Christo,
1762 4412 1802 4466 ut
1822 4394 1953 4466 Paulus
1970 4396 2100 4490 inquit.
2135 4397 2205 4468 Ca-

41 4552 44 4563 .
171 4488 372 4565 harmonia.
1214 4500 1368 4568 vendum
1392 4522 1438 4568 ne
1459 4499 1631 4590 adplausu
1652 4497 1913 4579 multitudinis,
1945 4522 1990 4567 ne
2014 4499 2206 4570 dulcedine

273 4594 384 4669 Ludit
412 4591 663 4666 Samosatenus
695 4593 871 4665 indicto:
911 4592 954 4664 ln
982 4594 1160 4687 principio
1212 4600 1435 4686 subtilitatis,
1458 4624 1504 4669 ne
1526 4593 1725 4694 φιλαυτίᾳ,
1750 4624 1795 4668 ne
1816 4623 1937 4668 amore
1953 4602 2206 4686 contentionis,

174 4713 248 4770 erat
271 4694 389 4799 λόγος.
446 4693 522 4769 Cur
544 4696 660 4797 inquit
683 4692 816 4796 λόγον,
850 4697 1020 4788 intelligis
1039 4722 1158 4789 perso·
1212 4701 1464 4772 nesactionum
1481 4701 1623 4782 studiis,
1651 4725 1695 4773 ne
1717 4701 1818 4772 lracti
1844 4716 1959 4788 metu,
1983 4704 2207 4775 abducamur

173 4824 350 4872 namcum
370 4795 490 4899 λέγειν
503 4798 547 4870 sit
562 4797 679 4871 actio?
716 4798 765 4872 At
778 4822 929 4895 sequens
947 4815 1019 4891 tota
1035 4824 1159 4870 narra·
1211 4805 1405 4877 averitate.
1443 4800 1539 4872 Haec
1557 4804 1672 4873 atalia
1689 4803 2096 4886 multaPaulusmonet,
2124 4831 2204 4876 cum

171 4901 223 4974 tio
238 4905 391 4974 ostendit
406 4895 521 5001 λόγον
536 4925 721 4994 personam
738 4925 824 4973 esse.
874 4898 1091 4973 Adhibenda
1107 4916 1160 4974 est
1211 4907 1277 4976 ait:
1304 4905 1450 4976 Habitat
1467 4905 1561 4975 inter
1577 4929 1638 4975 vos
1654 4930 1767 4975 sermo
1783 4904 1852 4975 Dei
1874 4904 1913 4974 in
1936 4906 2035 4975 omni
2062 4907 2206 4998 sapien-

155 5004 279 5096 ›igitur
293 5004 463 5096 sapientia
481 5004 520 5076 in
535 5005 758 5075 conferendis
771 5004 942 5094 partibus.
969 5002 1041 5075 Nec
1052 5007 1158 5076 stulte
1212 5008 1271 5081 tia.
1322 5007 1403 5079 Scio
1429 5021 1546 5079 autem
1572 5009 1684 5077 multo
1710 5007 1812 5099 plura
1839 5006 2024 5098 complecti
2051 5005 2205 5079 Paulum

167 5107 303 5178 dictum
335 5119 387 5177 est
411 5101 633 5199 Epiphanio:
674 5099 799 5179 πάντα
822 5103 871 5178 τὰ
895 5105 984 5178 θεῖα
1010 5100 1157 5202 ῥήματα
1210 5111 1248 5179 in
1268 5104 1468 5195 hoedicto,
1494 5104 1977 5203 quamhaecquaerecitavi.
2013 5104 2206 5207 Neequis-

168 5205 238 5284 οὐκ
260 5202 481 5336 ἅλληῖορίας
498 5203 634 5293 δεῖται,
661 5205 736 5280 ἀλλ’
755 5203 806 5290 ὥς
819 5206 911 5303 ἔχει,
936 5206 1100 5303 θεωρίας
1114 5204 1156 5283 δὲ
1208 5236 1314 5305 quam
1330 5213 1493 5283 evolvere
1510 5225 1617 5283 totam
1632 5209 1737 5282 Pauli
1752 5212 1962 5283 sententiam
1980 5226 2121 5304 potest,
2145 5217 2204 5285 sed

165 5308 283 5386 δεῖται
295 5336 361 5385 και
376 5302 598 5404 αἰσθήσεως,
623 5311 673 5392 εἰς
685 5306 729 5383 τὸ
744 5307 881 5386 εἰδέναι
895 5304 1051 5406 ἑκάστης
1063 5308 1155 5386 ὑπο·
1206 5328 1325 5386 tamen
1346 5317 1452 5386 rerba
1470 5314 1672 5406 aspicienda
1686 5327 1789 5399 sunt,
1815 5329 1849 5407 et
1864 5313 2105 5387 consideratio
2123 5319 2208 5388 sub-

164 5412 305 5499 ds'oseor
326 5405 602 5507 rdrdrirapurt:
626 5407 782 5484 Divinos
796 5438 912 5487 sermo
928 5438 1002 5485 non
1019 5415 1155 5508 indiget
1204 5417 1534 5510 indeplusadferet
1552 5417 1652 5488 lucis.
1696 5411 1749 5487 Ac
1766 5417 2024 5504 adolescentes,
2047 5421 2207 5493 utsead
