<?xml version="1.0" encoding="UTF-8"?>
<!DOCTYPE html PUBLIC "-//W3C//DTD XHTML 1.0 Transitional//EN"
    "http://www.w3.org/TR/xhtml1/DTD/xhtml1-transitional.dtd">
<html xmlns="http://www.w3.org/1999/xhtml" xml:lang="en" lang="en">
 <head>
  <title>
</title>
<meta http-equiv="Content-Type" content="text/html;charset=utf-8" />
  <meta name='ocr-system' content='tesseract 3.04.00' />
  <meta name='ocr-capabilities' content='ocr_page ocr_carea ocr_par ocr_line ocrx_word'/>
</head>
<body>
  <div class='ocr_page' id='page_1' title='image "./philippimelanth21melagoog_0475.png"; bbox 0 0 4732 6030; ppageno 0'>
   <div class='ocr_carea' id='block_1_1' title="bbox 178 296 2228 399">
    <p class='ocr_par' dir='ltr' id='par_1_1' title="bbox 178 296 2228 399">
     <span class='ocr_line' id='line_1_1' title="bbox 178 296 2228 399; baseline -0.008 -8"><span class='ocrx_word' id='word_1_1' title='bbox 178 315 255 399; x_wconf 73' lang='lat'><strong>928</strong></span> <span class='ocrx_word' id='word_1_2' title='bbox 600 300 762 376; x_wconf 84' lang='lat' dir='ltr'><strong>DECL.</strong></span> <span class='ocrx_word' id='word_1_3' title='bbox 797 299 870 374; x_wconf 99' lang='lat' dir='ltr'><strong>DE</strong></span> <span class='ocrx_word' id='word_1_4' title='bbox 901 298 1110 385; x_wconf 83' lang='lat' dir='ltr'><strong>LEGUM</strong></span> <span class='ocrx_word' id='word_1_5' title='bbox 1143 296 1441 372; x_wconf 85' lang='lat' dir='ltr'><strong>FONTlBUS</strong></span> <span class='ocrx_word' id='word_1_6' title='bbox 1475 297 1549 373; x_wconf 88' lang='lat' dir='ltr'><strong>ET</strong></span> <span class='ocrx_word' id='word_1_7' title='bbox 1582 299 1803 377; x_wconf 68' lang='lat' dir='ltr'><strong>causta</strong></span> <span class='ocrx_word' id='word_1_8' title='bbox 2145 303 2228 377; x_wconf 80' lang='lat'><strong>924</strong></span> 
     </span>
    </p>
   </div>
   <div class='ocr_carea' id='block_1_2' title="bbox 104 471 2231 5246">
    <p class='ocr_par' dir='ltr' id='par_1_2' title="bbox 104 471 2231 4837">
     <span class='ocr_line' id='line_1_2' title="bbox 183 471 2231 584; baseline -0.009 -23"><span class='ocrx_word' id='word_1_9' title='bbox 183 485 331 584; x_wconf 89' lang='lat' dir='ltr'><strong>quisitas</strong></span> <span class='ocrx_word' id='word_1_10' title='bbox 353 476 582 575; x_wconf 86' lang='lat' dir='ltr'><strong>perspicietis.</strong></span> <span class='ocrx_word' id='word_1_11' title='bbox 630 473 683 544; x_wconf 87' lang='lat' dir='ltr'><strong>Ac</strong></span> <span class='ocrx_word' id='word_1_12' title='bbox 707 488 747 546; x_wconf 93' lang='lat' dir='ltr'><strong>ut</strong></span> <span class='ocrx_word' id='word_1_13' title='bbox 769 499 825 544; x_wconf 89' lang='lat' dir='ltr'><strong>ars</strong></span> <span class='ocrx_word' id='word_1_14' title='bbox 850 473 984 542; x_wconf 90' lang='lat' dir='ltr'><strong>medica</strong></span> <span class='ocrx_word' id='word_1_15' title='bbox 1010 486 1084 541; x_wconf 84' lang='lat' dir='ltr'><strong>nou</strong></span> <span class='ocrx_word' id='word_1_16' title='bbox 1103 472 1176 540; x_wconf 91' lang='lat' dir='ltr'><strong>dis·</strong></span> <span class='ocrx_word' id='word_1_17' title='bbox 1199 495 1204 570; x_wconf 66' lang='lat' dir='ltr'><strong>p</strong></span> <span class='ocrx_word' id='word_1_18' title='bbox 1227 471 1317 539; x_wconf 88' lang='lat' dir='ltr'><strong>siliis</strong></span> <span class='ocrx_word' id='word_1_19' title='bbox 1338 472 1537 542; x_wconf 89' lang='lat' dir='ltr'><strong>accendunt</strong></span> <span class='ocrx_word' id='word_1_20' title='bbox 1556 474 1611 541; x_wconf 86' lang='lat' dir='ltr'><strong>vel</strong></span> <span class='ocrx_word' id='word_1_21' title='bbox 1636 496 1777 556; x_wconf 87' lang='lat' dir='ltr'><strong>errore,</strong></span> <span class='ocrx_word' id='word_1_22' title='bbox 1805 476 1861 542; x_wconf 93' lang='lat' dir='ltr'><strong>vel</strong></span> <span class='ocrx_word' id='word_1_23' title='bbox 1877 475 2116 545; x_wconf 79' lang='lat' dir='ltr'><strong>assentatione</strong></span> <span class='ocrx_word' id='word_1_24' title='bbox 2135 475 2231 544; x_wconf 88' lang='lat' dir='ltr'><strong>civi-</strong></span> 
     </span>
     <span class='ocr_line' id='line_1_3' title="bbox 182 573 2229 677; baseline -0.007 -17"><span class='ocrx_word' id='word_1_25' title='bbox 182 588 292 661; x_wconf 87' lang='lat' dir='ltr'><strong>sentit</strong></span> <span class='ocrx_word' id='word_1_26' title='bbox 315 609 334 656; x_wconf 86' lang='lat' dir='ltr'><strong>a</strong></span> <span class='ocrx_word' id='word_1_27' title='bbox 355 585 501 677; x_wconf 88' lang='lat' dir='ltr'><strong>pietate,</strong></span> <span class='ocrx_word' id='word_1_28' title='bbox 535 580 594 650; x_wconf 90' lang='lat' dir='ltr'><strong>sed</strong></span> <span class='ocrx_word' id='word_1_29' title='bbox 621 577 739 670; x_wconf 91' lang='lat' dir='ltr'><strong>potius</strong></span> <span class='ocrx_word' id='word_1_30' title='bbox 760 576 945 667; x_wconf 81' lang='lat' dir='ltr'><strong>multiplex</strong></span> <span class='ocrx_word' id='word_1_31' title='bbox 973 597 1176 643; x_wconf 91' lang='lat' dir='ltr'><strong>commone·</strong></span> <span class='ocrx_word' id='word_1_32' title='bbox 1200 582 1202 623; x_wconf 75' lang='lat'><strong>²</strong></span> <span class='ocrx_word' id='word_1_33' title='bbox 1227 574 1277 642; x_wconf 89' lang='lat' dir='ltr'><strong>les</strong></span> <span class='ocrx_word' id='word_1_34' title='bbox 1290 573 1484 642; x_wconf 83' lang='lat' dir='ltr'><strong>discordias</strong></span> <span class='ocrx_word' id='word_1_35' title='bbox 1501 590 1534 645; x_wconf 89' lang='lat' dir='ltr'><strong>et</strong></span> <span class='ocrx_word' id='word_1_36' title='bbox 1554 574 1657 643; x_wconf 91' lang='lat' dir='ltr'><strong>bella.</strong></span> <span class='ocrx_word' id='word_1_37' title='bbox 1712 574 1834 668; x_wconf 87' lang='lat' dir='ltr'><strong>ltaque</strong></span> <span class='ocrx_word' id='word_1_38' title='bbox 1851 591 1996 669; x_wconf 89' lang='lat' dir='ltr'><strong>propter</strong></span> <span class='ocrx_word' id='word_1_39' title='bbox 2012 578 2229 647; x_wconf 79' lang='lat' dir='ltr'><strong>mandatum</strong></span> 
     </span>
     <span class='ocr_line' id='line_1_4' title="bbox 182 675 2231 763; baseline -0.007 0"><span class='ocrx_word' id='word_1_40' title='bbox 182 691 289 763; x_wconf 85' lang='lat' dir='ltr'><strong>iactio</strong></span> <span class='ocrx_word' id='word_1_41' title='bbox 311 700 362 758; x_wconf 90' lang='lat' dir='ltr'><strong>est</strong></span> <span class='ocrx_word' id='word_1_42' title='bbox 385 687 429 754; x_wconf 88' lang='lat' dir='ltr'><strong>de</strong></span> <span class='ocrx_word' id='word_1_43' title='bbox 453 681 538 755; x_wconf 89' lang='lat' dir='ltr'><strong>Deo.</strong></span> <span class='ocrx_word' id='word_1_44' title='bbox 591 679 697 748; x_wconf 83' lang='lat' dir='ltr'><strong>Videt</strong></span> <span class='ocrx_word' id='word_1_45' title='bbox 721 679 816 748; x_wconf 89' lang='lat' dir='ltr'><strong>enim</strong></span> <span class='ocrx_word' id='word_1_46' title='bbox 841 677 997 746; x_wconf 88' lang='lat' dir='ltr'><strong>medicus</strong></span> <span class='ocrx_word' id='word_1_47' title='bbox 1013 688 1176 746; x_wconf 89' lang='lat' dir='ltr'><strong>naturam</strong></span> <span class='ocrx_word' id='word_1_48' title='bbox 1200 715 1203 763; x_wconf 65' lang='lat'>3</span> <span class='ocrx_word' id='word_1_49' title='bbox 1228 689 1263 745; x_wconf 88' lang='lat' dir='ltr'><strong>et</strong></span> <span class='ocrx_word' id='word_1_50' title='bbox 1278 676 1366 743; x_wconf 91' lang='lat' dir='ltr'><strong>iram</strong></span> <span class='ocrx_word' id='word_1_51' title='bbox 1384 675 1448 744; x_wconf 93' lang='lat' dir='ltr'><strong>Dei</strong></span> <span class='ocrx_word' id='word_1_52' title='bbox 1465 678 1509 745; x_wconf 92' lang='lat' dir='ltr'><strong>ad</strong></span> <span class='ocrx_word' id='word_1_53' title='bbox 1527 690 1619 746; x_wconf 87' lang='lat' dir='ltr'><strong>recte</strong></span> <span class='ocrx_word' id='word_1_54' title='bbox 1636 676 1796 745; x_wconf 88' lang='lat' dir='ltr'><strong>discendi</strong></span> <span class='ocrx_word' id='word_1_55' title='bbox 1811 701 1930 746; x_wconf 86' lang='lat' dir='ltr'><strong>curam</strong></span> <span class='ocrx_word' id='word_1_56' title='bbox 1943 702 2006 747; x_wconf 92' lang='lat' dir='ltr'><strong>vos</strong></span> <span class='ocrx_word' id='word_1_57' title='bbox 2023 681 2231 750; x_wconf 82' lang='lat' dir='ltr'><strong>exuscitate.</strong></span> 
     </span>
     <span class='ocr_line' id='line_1_5' title="bbox 185 772 2231 875; baseline -0.006 -11"><span class='ocrx_word' id='word_1_58' title='bbox 185 790 363 864; x_wconf 89' lang='lat' dir='ltr'><strong>conditam</strong></span> <span class='ocrx_word' id='word_1_59' title='bbox 378 808 515 856; x_wconf 88' lang='lat' dir='ltr'><strong>summa</strong></span> <span class='ocrx_word' id='word_1_60' title='bbox 529 796 603 853; x_wconf 90' lang='lat' dir='ltr'><strong>arte</strong></span> <span class='ocrx_word' id='word_1_61' title='bbox 616 805 840 875; x_wconf 90' lang='lat' dir='ltr'><strong>nequaquam</strong></span> <span class='ocrx_word' id='word_1_62' title='bbox 855 779 1009 849; x_wconf 74' lang='lat' dir='ltr'><strong>extitisse</strong></span> <span class='ocrx_word' id='word_1_63' title='bbox 1024 802 1118 861; x_wconf 90' lang='lat' dir='ltr'><strong>casu,</strong></span> <span class='ocrx_word' id='word_1_64' title='bbox 1144 792 1178 847; x_wconf 91' lang='lat' dir='ltr'><strong>et</strong></span> <span class='ocrx_word' id='word_1_65' title='bbox 1200 773 1203 809; x_wconf 72' lang='lat'><strong><em>⁹</em></strong></span> <span class='ocrx_word' id='word_1_66' title='bbox 1226 772 1327 847; x_wconf 88' lang='lat' dir='ltr'><strong>Nihil</strong></span> <span class='ocrx_word' id='word_1_67' title='bbox 1344 778 1441 848; x_wconf 90' lang='lat' dir='ltr'><strong>enim</strong></span> <span class='ocrx_word' id='word_1_68' title='bbox 1456 779 1592 848; x_wconf 91' lang='lat' dir='ltr'><strong>tristius</strong></span> <span class='ocrx_word' id='word_1_69' title='bbox 1608 778 1753 867; x_wconf 89' lang='lat' dir='ltr'><strong>cogitari</strong></span> <span class='ocrx_word' id='word_1_70' title='bbox 1772 792 1898 869; x_wconf 88' lang='lat' dir='ltr'><strong>potest,</strong></span> <span class='ocrx_word' id='word_1_71' title='bbox 1924 804 2028 875; x_wconf 90' lang='lat' dir='ltr'><strong>quam</strong></span> <span class='ocrx_word' id='word_1_72' title='bbox 2045 784 2231 870; x_wconf 81' lang='lat' dir='ltr'><strong>guberna-</strong></span> 
     </span>
     <span class='ocr_line' id='line_1_6' title="bbox 185 879 2229 974; baseline -0.004 -12"><span class='ocrx_word' id='word_1_73' title='bbox 185 893 275 964; x_wconf 88' lang='lat' dir='ltr'><strong>velle</strong></span> <span class='ocrx_word' id='word_1_74' title='bbox 296 888 430 968; x_wconf 87' lang='lat' dir='ltr'><strong>Deum,</strong></span> <span class='ocrx_word' id='word_1_75' title='bbox 463 900 504 956; x_wconf 90' lang='lat' dir='ltr'><strong>ut</strong></span> <span class='ocrx_word' id='word_1_76' title='bbox 524 882 633 955; x_wconf 88' lang='lat' dir='ltr'><strong>huius</strong></span> <span class='ocrx_word' id='word_1_77' title='bbox 655 884 741 954; x_wconf 90' lang='lat' dir='ltr'><strong>artis</strong></span> <span class='ocrx_word' id='word_1_78' title='bbox 763 907 829 974; x_wconf 89' lang='lat' dir='ltr'><strong>ope</strong></span> <span class='ocrx_word' id='word_1_79' title='bbox 852 881 955 950; x_wconf 93' lang='lat' dir='ltr'><strong>multi</strong></span> <span class='ocrx_word' id='word_1_80' title='bbox 981 893 1176 959; x_wconf 90' lang='lat' dir='ltr'><strong>serventur,</strong></span> <span class='ocrx_word' id='word_1_81' title='bbox 1227 892 1339 948; x_wconf 90' lang='lat' dir='ltr'><strong>torem</strong></span> <span class='ocrx_word' id='word_1_82' title='bbox 1365 879 1595 949; x_wconf 89' lang='lat' dir='ltr'><strong>consiliorum</strong></span> <span class='ocrx_word' id='word_1_83' title='bbox 1622 881 1778 969; x_wconf 83' lang='lat' dir='ltr'><strong>neglecta</strong></span> <span class='ocrx_word' id='word_1_84' title='bbox 1808 894 1869 949; x_wconf 93' lang='lat' dir='ltr'><strong>aut</strong></span> <span class='ocrx_word' id='word_1_85' title='bbox 1893 883 2083 973; x_wconf 90' lang='lat' dir='ltr'><strong>depravata</strong></span> <span class='ocrx_word' id='word_1_86' title='bbox 2107 884 2229 972; x_wconf 89' lang='lat' dir='ltr'><strong>legum</strong></span> 
     </span>
     <span class='ocr_line' id='line_1_7' title="bbox 183 980 2227 1086; baseline -0.005 -18"><span class='ocrx_word' id='word_1_87' title='bbox 183 996 233 1068; x_wconf 88' lang='lat' dir='ltr'><strong>sic</strong></span> <span class='ocrx_word' id='word_1_88' title='bbox 251 1013 473 1086; x_wconf 85' lang='lat' dir='ltr'><strong>nequaquam</strong></span> <span class='ocrx_word' id='word_1_89' title='bbox 491 986 653 1057; x_wconf 90' lang='lat' dir='ltr'><strong>dissentit</strong></span> <span class='ocrx_word' id='word_1_90' title='bbox 670 1011 688 1053; x_wconf 93' lang='lat' dir='ltr'><strong>a</strong></span> <span class='ocrx_word' id='word_1_91' title='bbox 707 985 836 1076; x_wconf 88' lang='lat' dir='ltr'><strong>pietate</strong></span> <span class='ocrx_word' id='word_1_92' title='bbox 854 984 970 1073; x_wconf 91' lang='lat' dir='ltr'><strong>legum</strong></span> <span class='ocrx_word' id='word_1_93' title='bbox 993 982 1177 1073; x_wconf 87' lang='lat' dir='ltr'><strong>sapientia,</strong></span> <span class='ocrx_word' id='word_1_94' title='bbox 1228 1003 1313 1048; x_wconf 89' lang='lat' dir='ltr'><strong>voce</strong></span> <span class='ocrx_word' id='word_1_95' title='bbox 1338 980 1415 1049; x_wconf 86' lang='lat' dir='ltr'><strong>heri</strong></span> <span class='ocrx_word' id='word_1_96' title='bbox 1439 982 1591 1049; x_wconf 90' lang='lat' dir='ltr'><strong>similem</strong></span> <span class='ocrx_word' id='word_1_97' title='bbox 1616 983 1748 1066; x_wconf 86' lang='lat' dir='ltr'><strong>iuriae,</strong></span> <span class='ocrx_word' id='word_1_98' title='bbox 1773 1006 1864 1074; x_wconf 88' lang='lat' dir='ltr'><strong>quae</strong></span> <span class='ocrx_word' id='word_1_99' title='bbox 1881 983 2055 1053; x_wconf 88' lang='lat' dir='ltr'><strong>infinitam</strong></span> <span class='ocrx_word' id='word_1_100' title='bbox 2073 986 2227 1078; x_wconf 90' lang='lat' dir='ltr'><strong>dissipa-</strong></span> 
     </span>
     <span class='ocr_line' id='line_1_8' title="bbox 132 1081 2224 1186; baseline -0.007 -16"><span class='ocrx_word' id='word_1_101' title='bbox 132 1138 141 1157; x_wconf 85' lang='lat'><strong>·</strong></span> <span class='ocrx_word' id='word_1_102' title='bbox 183 1097 245 1169; x_wconf 84' lang='lat' dir='ltr'><strong>sed</strong></span> <span class='ocrx_word' id='word_1_103' title='bbox 267 1093 387 1186; x_wconf 89' lang='lat' dir='ltr'><strong>potius</strong></span> <span class='ocrx_word' id='word_1_104' title='bbox 412 1092 550 1160; x_wconf 84' lang='lat' dir='ltr'><strong>illustre</strong></span> <span class='ocrx_word' id='word_1_105' title='bbox 574 1087 817 1159; x_wconf 87' lang='lat' dir='ltr'><strong>testimonium</strong></span> <span class='ocrx_word' id='word_1_106' title='bbox 839 1098 890 1155; x_wconf 89' lang='lat' dir='ltr'><strong>est</strong></span> <span class='ocrx_word' id='word_1_107' title='bbox 908 1085 1032 1175; x_wconf 90' lang='lat' dir='ltr'><strong>etipsa</strong></span> <span class='ocrx_word' id='word_1_108' title='bbox 1056 1083 1177 1175; x_wconf 91' lang='lat' dir='ltr'><strong>provi·</strong></span> <span class='ocrx_word' id='word_1_109' title='bbox 1228 1083 1361 1152; x_wconf 91' lang='lat' dir='ltr'><strong>tionem</strong></span> <span class='ocrx_word' id='word_1_110' title='bbox 1390 1095 1424 1151; x_wconf 88' lang='lat' dir='ltr'><strong>et</strong></span> <span class='ocrx_word' id='word_1_111' title='bbox 1449 1085 1681 1153; x_wconf 89' lang='lat' dir='ltr'><strong>vastationem</strong></span> <span class='ocrx_word' id='word_1_112' title='bbox 1703 1085 1894 1173; x_wconf 86' lang='lat' dir='ltr'><strong>ingenere</strong></span> <span class='ocrx_word' id='word_1_113' title='bbox 1919 1081 2077 1155; x_wconf 89' lang='lat' dir='ltr'><strong>humano</strong></span> <span class='ocrx_word' id='word_1_114' title='bbox 2107 1089 2224 1172; x_wconf 83' lang='lat' dir='ltr'><strong>eflicit,</strong></span> 
     </span>
     <span class='ocr_line' id='line_1_9' title="bbox 176 1178 2222 1274; baseline -0.005 -3"><span class='ocrx_word' id='word_1_115' title='bbox 176 1193 493 1271; x_wconf 72' lang='lat' dir='ltr'><strong>&#39;dentiaedivinao</strong></span> <span class='ocrx_word' id='word_1_116' title='bbox 526 1190 617 1261; x_wconf 93' lang='lat' dir='ltr'><strong>Nam</strong></span> <span class='ocrx_word' id='word_1_117' title='bbox 635 1191 794 1258; x_wconf 84' lang='lat' dir='ltr'><strong>miranda</strong></span> <span class='ocrx_word' id='word_1_118' title='bbox 812 1187 1024 1256; x_wconf 90' lang='lat' dir='ltr'><strong>consociatio</strong></span> <span class='ocrx_word' id='word_1_119' title='bbox 1039 1184 1177 1274; x_wconf 90' lang='lat' dir='ltr'><strong>generis</strong></span> <span class='ocrx_word' id='word_1_120' title='bbox 1229 1196 1262 1252; x_wconf 90' lang='lat' dir='ltr'><strong>et</strong></span> <span class='ocrx_word' id='word_1_121' title='bbox 1293 1178 1461 1253; x_wconf 85' lang='lat' dir='ltr'><strong>horribili</strong></span> <span class='ocrx_word' id='word_1_122' title='bbox 1490 1186 1642 1254; x_wconf 92' lang='lat' dir='ltr'><strong>amentia</strong></span> <span class='ocrx_word' id='word_1_123' title='bbox 1674 1187 1747 1254; x_wconf 89' lang='lat' dir='ltr'><strong>ruit</strong></span> <span class='ocrx_word' id='word_1_124' title='bbox 1775 1187 1813 1253; x_wconf 92' lang='lat' dir='ltr'><strong>in</strong></span> <span class='ocrx_word' id='word_1_125' title='bbox 1846 1200 2008 1256; x_wconf 89' lang='lat' dir='ltr'><strong>aeternos</strong></span> <span class='ocrx_word' id='word_1_126' title='bbox 2034 1189 2222 1262; x_wconf 87' lang='lat' dir='ltr'><strong>cruciatus.</strong></span> 
     </span>
     <span class='ocr_line' id='line_1_10' title="bbox 182 1282 2226 1384; baseline -0.006 -15"><span class='ocrx_word' id='word_1_127' title='bbox 182 1296 334 1370; x_wconf 89' lang='lat' dir='ltr'><strong>humani</strong></span> <span class='ocrx_word' id='word_1_128' title='bbox 352 1297 489 1366; x_wconf 86' lang='lat' dir='ltr'><strong>etordo</strong></span> <span class='ocrx_word' id='word_1_129' title='bbox 505 1287 756 1384; x_wconf 80' lang='lat' dir='ltr'><strong>imperiorum,</strong></span> <span class='ocrx_word' id='word_1_130' title='bbox 783 1303 817 1358; x_wconf 88' lang='lat' dir='ltr'><strong>et</strong></span> <span class='ocrx_word' id='word_1_131' title='bbox 840 1287 976 1357; x_wconf 89' lang='lat' dir='ltr'><strong>ordinis</strong></span> <span class='ocrx_word' id='word_1_132' title='bbox 991 1311 1179 1356; x_wconf 87' lang='lat' dir='ltr'><strong>conserva·</strong></span> <span class='ocrx_word' id='word_1_133' title='bbox 1229 1282 1353 1378; x_wconf 88' lang='lat' dir='ltr'><strong>Neque</strong></span> <span class='ocrx_word' id='word_1_134' title='bbox 1369 1309 1447 1355; x_wconf 90' lang='lat' dir='ltr'><strong>rara</strong></span> <span class='ocrx_word' id='word_1_135' title='bbox 1473 1300 1558 1356; x_wconf 91' lang='lat' dir='ltr'><strong>sunt</strong></span> <span class='ocrx_word' id='word_1_136' title='bbox 1579 1288 1736 1378; x_wconf 85' lang='lat' dir='ltr'><strong>exempla</strong></span> <span class='ocrx_word' id='word_1_137' title='bbox 1762 1287 1888 1356; x_wconf 90' lang='lat' dir='ltr'><strong>talium</strong></span> <span class='ocrx_word' id='word_1_138' title='bbox 1912 1290 2099 1363; x_wconf 87' lang='lat' dir='ltr'><strong>furiarum.</strong></span> <span class='ocrx_word' id='word_1_139' title='bbox 2155 1290 2226 1363; x_wconf 87' lang='lat' dir='ltr'><strong>Sed</strong></span> 
     </span>
     <span class='ocr_line' id='line_1_11' title="bbox 184 1383 2228 1490; baseline -0.004 -18"><span class='ocrx_word' id='word_1_140' title='bbox 184 1402 258 1486; x_wconf 88' lang='lat' dir='ltr'><strong>tio,</strong></span> <span class='ocrx_word' id='word_1_141' title='bbox 282 1412 316 1469; x_wconf 91' lang='lat' dir='ltr'><strong>et</strong></span> <span class='ocrx_word' id='word_1_142' title='bbox 330 1422 465 1490; x_wconf 88' lang='lat' dir='ltr'><strong>poenae</strong></span> <span class='ocrx_word' id='word_1_143' title='bbox 482 1395 653 1466; x_wconf 90' lang='lat' dir='ltr'><strong>atrocium</strong></span> <span class='ocrx_word' id='word_1_144' title='bbox 671 1394 841 1462; x_wconf 87' lang='lat' dir='ltr'><strong>scelerum</strong></span> <span class='ocrx_word' id='word_1_145' title='bbox 858 1390 1041 1458; x_wconf 80' lang='lat' dir='ltr'><strong>manifeste</strong></span> <span class='ocrx_word' id='word_1_146' title='bbox 1058 1404 1178 1460; x_wconf 87' lang='lat' dir='ltr'><strong>osten·</strong></span> <span class='ocrx_word' id='word_1_147' title='bbox 1228 1383 1343 1455; x_wconf 90' lang='lat' dir='ltr'><strong>Deum</strong></span> <span class='ocrx_word' id='word_1_148' title='bbox 1367 1403 1548 1458; x_wconf 86' lang='lat' dir='ltr'><strong>aeternum</strong></span> <span class='ocrx_word' id='word_1_149' title='bbox 1568 1403 1704 1480; x_wconf 90' lang='lat' dir='ltr'><strong>patrem</strong></span> <span class='ocrx_word' id='word_1_150' title='bbox 1719 1387 1866 1458; x_wconf 85' lang='lat' dir='ltr'><strong>Domini</strong></span> <span class='ocrx_word' id='word_1_151' title='bbox 1887 1391 2000 1460; x_wconf 89' lang='lat' dir='ltr'><strong>nostri</strong></span> <span class='ocrx_word' id='word_1_152' title='bbox 2021 1390 2099 1461; x_wconf 92' lang='lat' dir='ltr'><strong>lesu</strong></span> <span class='ocrx_word' id='word_1_153' title='bbox 2116 1389 2228 1464; x_wconf 92' lang='lat' dir='ltr'><strong>Chri-</strong></span> 
     </span>
     <span class='ocr_line' id='line_1_12' title="bbox 184 1488 2229 1580; baseline -0.003 -7"><span class='ocrx_word' id='word_1_154' title='bbox 184 1504 276 1575; x_wconf 93' lang='lat' dir='ltr'><strong>dunt</strong></span> <span class='ocrx_word' id='word_1_155' title='bbox 291 1499 407 1570; x_wconf 89' lang='lat' dir='ltr'><strong>Deum</strong></span> <span class='ocrx_word' id='word_1_156' title='bbox 433 1513 467 1569; x_wconf 88' lang='lat' dir='ltr'><strong>ct</strong></span> <span class='ocrx_word' id='word_1_157' title='bbox 487 1511 646 1568; x_wconf 92' lang='lat' dir='ltr'><strong>autorem</strong></span> <span class='ocrx_word' id='word_1_158' title='bbox 676 1509 710 1563; x_wconf 89' lang='lat' dir='ltr'><strong>et</strong></span> <span class='ocrx_word' id='word_1_159' title='bbox 729 1496 907 1562; x_wconf 86' lang='lat' dir='ltr'><strong>custodem</strong></span> <span class='ocrx_word' id='word_1_160' title='bbox 933 1515 1005 1560; x_wconf 90' lang='lat' dir='ltr'><strong>esse</strong></span> <span class='ocrx_word' id='word_1_161' title='bbox 1028 1505 1062 1559; x_wconf 89' lang='lat' dir='ltr'><strong>et</strong></span> <span class='ocrx_word' id='word_1_162' title='bbox 1083 1491 1178 1560; x_wconf 88' lang='lat' dir='ltr'><strong>iudi·</strong></span> <span class='ocrx_word' id='word_1_163' title='bbox 1230 1488 1274 1557; x_wconf 91' lang='lat' dir='ltr'><strong>sti</strong></span> <span class='ocrx_word' id='word_1_164' title='bbox 1295 1490 1427 1558; x_wconf 81' lang='lat' dir='ltr'><strong>iontem</strong></span> <span class='ocrx_word' id='word_1_165' title='bbox 1454 1490 1645 1580; x_wconf 87' lang='lat' dir='ltr'><strong>sapientiae</strong></span> <span class='ocrx_word' id='word_1_166' title='bbox 1665 1504 1699 1561; x_wconf 89' lang='lat' dir='ltr'><strong>et</strong></span> <span class='ocrx_word' id='word_1_167' title='bbox 1721 1491 1877 1560; x_wconf 90' lang='lat' dir='ltr'><strong>iustitiae</strong></span> <span class='ocrx_word' id='word_1_168' title='bbox 1900 1493 2107 1563; x_wconf 84' lang='lat' dir='ltr'><strong>ardentibus</strong></span> <span class='ocrx_word' id='word_1_169' title='bbox 2133 1497 2229 1568; x_wconf 89' lang='lat' dir='ltr'><strong>votis</strong></span> 
     </span>
     <span class='ocr_line' id='line_1_13' title="bbox 184 1592 2229 1694; baseline -0.003 -19"><span class='ocrx_word' id='word_1_170' title='bbox 184 1627 259 1676; x_wconf 85' lang='lat' dir='ltr'><strong>cem</strong></span> <span class='ocrx_word' id='word_1_171' title='bbox 281 1602 420 1694; x_wconf 88' lang='lat' dir='ltr'><strong>generis</strong></span> <span class='ocrx_word' id='word_1_172' title='bbox 441 1596 601 1670; x_wconf 91' lang='lat' dir='ltr'><strong>humani.</strong></span> <span class='ocrx_word' id='word_1_173' title='bbox 652 1592 799 1666; x_wconf 87' lang='lat' dir='ltr'><strong>Etcum</strong></span> <span class='ocrx_word' id='word_1_174' title='bbox 823 1593 992 1663; x_wconf 88' lang='lat' dir='ltr'><strong>iustitiam</strong></span> <span class='ocrx_word' id='word_1_175' title='bbox 1010 1593 1179 1662; x_wconf 88' lang='lat' dir='ltr'><strong>discimus</strong></span> <span class='ocrx_word' id='word_1_176' title='bbox 1229 1613 1388 1674; x_wconf 90' lang='lat' dir='ltr'><strong>oremus,</strong></span> <span class='ocrx_word' id='word_1_177' title='bbox 1412 1605 1453 1660; x_wconf 92' lang='lat' dir='ltr'><strong>ut</strong></span> <span class='ocrx_word' id='word_1_178' title='bbox 1478 1592 1552 1683; x_wconf 89' lang='lat' dir='ltr'><strong>ipse</strong></span> <span class='ocrx_word' id='word_1_179' title='bbox 1576 1606 1710 1662; x_wconf 88' lang='lat' dir='ltr'><strong>mentes</strong></span> <span class='ocrx_word' id='word_1_180' title='bbox 1731 1607 1889 1676; x_wconf 89' lang='lat' dir='ltr'><strong>nostras,</strong></span> <span class='ocrx_word' id='word_1_181' title='bbox 1913 1595 2046 1677; x_wconf 87' lang='lat' dir='ltr'><strong>studia,</strong></span> <span class='ocrx_word' id='word_1_182' title='bbox 2073 1600 2229 1670; x_wconf 90' lang='lat' dir='ltr'><strong>consilia</strong></span> 
     </span>
     <span class='ocr_line' id='line_1_14' title="bbox 183 1691 2228 1801; baseline -0.004 -23"><span class='ocrx_word' id='word_1_183' title='bbox 183 1706 432 1801; x_wconf 87' lang='lat' dir='ltr'><strong>aequalitatem</strong></span> <span class='ocrx_word' id='word_1_184' title='bbox 456 1724 547 1785; x_wconf 89' lang='lat' dir='ltr'><strong>esse,</strong></span> <span class='ocrx_word' id='word_1_185' title='bbox 574 1713 608 1768; x_wconf 91' lang='lat' dir='ltr'><strong>et</strong></span> <span class='ocrx_word' id='word_1_186' title='bbox 628 1693 721 1767; x_wconf 90' lang='lat' dir='ltr'><strong>hanc</strong></span> <span class='ocrx_word' id='word_1_187' title='bbox 743 1696 990 1788; x_wconf 89' lang='lat' dir='ltr'><strong>aequalitatem</strong></span> <span class='ocrx_word' id='word_1_188' title='bbox 1014 1694 1101 1762; x_wconf 90' lang='lat' dir='ltr'><strong>mira</strong></span> <span class='ocrx_word' id='word_1_189' title='bbox 1120 1717 1178 1762; x_wconf 90' lang='lat' dir='ltr'><strong>so·</strong></span> <span class='ocrx_word' id='word_1_190' title='bbox 1229 1706 1264 1761; x_wconf 90' lang='lat' dir='ltr'><strong>et</strong></span> <span class='ocrx_word' id='word_1_191' title='bbox 1280 1691 1435 1762; x_wconf 88' lang='lat' dir='ltr'><strong>actiones</strong></span> <span class='ocrx_word' id='word_1_192' title='bbox 1452 1708 1592 1762; x_wconf 88' lang='lat' dir='ltr'><strong>nostras</strong></span> <span class='ocrx_word' id='word_1_193' title='bbox 1616 1707 1733 1784; x_wconf 89' lang='lat' dir='ltr'><strong>regat,</strong></span> <span class='ocrx_word' id='word_1_194' title='bbox 1760 1709 1798 1764; x_wconf 92' lang='lat' dir='ltr'><strong>ut</strong></span> <span class='ocrx_word' id='word_1_195' title='bbox 1825 1709 1956 1765; x_wconf 92' lang='lat' dir='ltr'><strong>ornent</strong></span> <span class='ocrx_word' id='word_1_196' title='bbox 1979 1697 2131 1786; x_wconf 80' lang='lat' dir='ltr'><strong>gloriam</strong></span> <span class='ocrx_word' id='word_1_197' title='bbox 2147 1697 2228 1781; x_wconf 91' lang='lat' dir='ltr'><strong>Dei,</strong></span> 
     </span>
     <span class='ocr_line' id='line_1_15' title="bbox 182 1791 2224 1893; baseline -0.005 -15"><span class='ocrx_word' id='word_1_198' title='bbox 182 1809 287 1879; x_wconf 89' lang='lat' dir='ltr'><strong>lertia</strong></span> <span class='ocrx_word' id='word_1_199' title='bbox 307 1805 579 1893; x_wconf 81' lang='lat' dir='ltr'><strong>investigamus,</strong></span> <span class='ocrx_word' id='word_1_200' title='bbox 603 1823 707 1891; x_wconf 87' lang='lat' dir='ltr'><strong>saepe</strong></span> <span class='ocrx_word' id='word_1_201' title='bbox 727 1795 818 1867; x_wconf 89' lang='lat' dir='ltr'><strong>mihi</strong></span> <span class='ocrx_word' id='word_1_202' title='bbox 841 1798 877 1865; x_wconf 89' lang='lat' dir='ltr'><strong>in</strong></span> <span class='ocrx_word' id='word_1_203' title='bbox 896 1808 1050 1865; x_wconf 90' lang='lat' dir='ltr'><strong>mentem</strong></span> <span class='ocrx_word' id='word_1_204' title='bbox 1070 1795 1179 1878; x_wconf 89' lang='lat' dir='ltr'><strong>venit,</strong></span> <span class='ocrx_word' id='word_1_205' title='bbox 1230 1807 1264 1863; x_wconf 89' lang='lat' dir='ltr'><strong>et</strong></span> <span class='ocrx_word' id='word_1_206' title='bbox 1280 1793 1418 1884; x_wconf 91' lang='lat' dir='ltr'><strong>prosint</strong></span> <span class='ocrx_word' id='word_1_207' title='bbox 1432 1797 1554 1874; x_wconf 91' lang='lat' dir='ltr'><strong>nobis,</strong></span> <span class='ocrx_word' id='word_1_208' title='bbox 1581 1810 1615 1864; x_wconf 91' lang='lat' dir='ltr'><strong>et</strong></span> <span class='ocrx_word' id='word_1_209' title='bbox 1632 1797 1697 1865; x_wconf 91' lang='lat' dir='ltr'><strong>toti</strong></span> <span class='ocrx_word' id='word_1_210' title='bbox 1716 1797 1836 1885; x_wconf 89' lang='lat' dir='ltr'><strong>generi</strong></span> <span class='ocrx_word' id='word_1_211' title='bbox 1860 1791 2039 1883; x_wconf 87' lang='lat' dir='ltr'><strong>humano,</strong></span> <span class='ocrx_word' id='word_1_212' title='bbox 2066 1814 2101 1870; x_wconf 89' lang='lat' dir='ltr'><strong>et</strong></span> <span class='ocrx_word' id='word_1_213' title='bbox 2117 1802 2224 1874; x_wconf 84' lang='lat' dir='ltr'><strong>saciat</strong></span> 
     </span>
     <span class='ocr_line' id='line_1_16' title="bbox 182 1893 2223 1999; baseline -0.005 -16"><span class='ocrx_word' id='word_1_214' title='bbox 182 1909 298 1984; x_wconf 88' lang='lat' dir='ltr'><strong>Deum</strong></span> <span class='ocrx_word' id='word_1_215' title='bbox 327 1929 468 1999; x_wconf 90' lang='lat' dir='ltr'><strong>quoque</strong></span> <span class='ocrx_word' id='word_1_216' title='bbox 499 1928 578 1973; x_wconf 90' lang='lat' dir='ltr'><strong>cum</strong></span> <span class='ocrx_word' id='word_1_217' title='bbox 605 1902 650 1972; x_wconf 91' lang='lat' dir='ltr'><strong>sit</strong></span> <span class='ocrx_word' id='word_1_218' title='bbox 676 1895 907 1982; x_wconf 83' lang='lat' dir='ltr'><strong>iustissimus,</strong></span> <span class='ocrx_word' id='word_1_219' title='bbox 945 1893 1040 1968; x_wconf 93' lang='lat' dir='ltr'><strong>haud</strong></span> <span class='ocrx_word' id='word_1_220' title='bbox 1070 1898 1177 1968; x_wconf 93' lang='lat' dir='ltr'><strong>dubie</strong></span> <span class='ocrx_word' id='word_1_221' title='bbox 1228 1918 1295 1963; x_wconf 92' lang='lat' dir='ltr'><strong>nos</strong></span> <span class='ocrx_word' id='word_1_222' title='bbox 1325 1918 1407 1964; x_wconf 91' lang='lat' dir='ltr'><strong>vasa</strong></span> <span class='ocrx_word' id='word_1_223' title='bbox 1435 1898 1701 1966; x_wconf 85' lang='lat' dir='ltr'><strong>misericordiae</strong></span> <span class='ocrx_word' id='word_1_224' title='bbox 1733 1899 1901 1968; x_wconf 91' lang='lat' dir='ltr'><strong>salutaria</strong></span> <span class='ocrx_word' id='word_1_225' title='bbox 1931 1901 2056 1986; x_wconf 89' lang='lat' dir='ltr'><strong>nobis,</strong></span> <span class='ocrx_word' id='word_1_226' title='bbox 2087 1916 2122 1971; x_wconf 88' lang='lat' dir='ltr'><strong>et</strong></span> <span class='ocrx_word' id='word_1_227' title='bbox 2142 1905 2223 1974; x_wconf 92' lang='lat' dir='ltr'><strong>aliis</strong></span> 
     </span>
     <span class='ocr_line' id='line_1_17' title="bbox 183 1993 2225 2105; baseline -0.004 -23"><span class='ocrx_word' id='word_1_228' title='bbox 183 2011 366 2105; x_wconf 85' lang='lat' dir='ltr'><strong>aequalem</strong></span> <span class='ocrx_word' id='word_1_229' title='bbox 393 2031 466 2077; x_wconf 85' lang='lat' dir='ltr'><strong>esse</strong></span> <span class='ocrx_word' id='word_1_230' title='bbox 490 2007 566 2073; x_wconf 90' lang='lat' dir='ltr'><strong>sine</strong></span> <span class='ocrx_word' id='word_1_231' title='bbox 592 2002 1009 2098; x_wconf 86' lang='lat' dir='ltr'><strong>acceptionepersonae,</strong></span> <span class='ocrx_word' id='word_1_232' title='bbox 1043 2013 1077 2068; x_wconf 89' lang='lat' dir='ltr'><strong>et</strong></span> <span class='ocrx_word' id='word_1_233' title='bbox 1102 2000 1177 2067; x_wconf 92' lang='lat' dir='ltr'><strong>sine</strong></span> <span class='ocrx_word' id='word_1_234' title='bbox 1230 1993 1455 2080; x_wconf 89' lang='lat' dir='ltr'><strong>hominibus,</strong></span> <span class='ocrx_word' id='word_1_235' title='bbox 1507 2011 1542 2068; x_wconf 88' lang='lat' dir='ltr'><strong>ct</strong></span> <span class='ocrx_word' id='word_1_236' title='bbox 1572 2000 1637 2070; x_wconf 91' lang='lat' dir='ltr'><strong>toti</strong></span> <span class='ocrx_word' id='word_1_237' title='bbox 1664 1997 1908 2090; x_wconf 87' lang='lat' dir='ltr'><strong>Reipublicae.</strong></span> <span class='ocrx_word' id='word_1_238' title='bbox 1982 2001 2122 2073; x_wconf 91' lang='lat' dir='ltr'><strong>Deinde</strong></span> <span class='ocrx_word' id='word_1_239' title='bbox 2158 2031 2225 2077; x_wconf 91' lang='lat' dir='ltr'><strong>nos</strong></span> 
     </span>
     <span class='ocr_line' id='line_1_18' title="bbox 183 2100 2229 2210; baseline -0.003 -25"><span class='ocrx_word' id='word_1_240' title='bbox 183 2111 384 2210; x_wconf 88' lang='lat' dir='ltr'><strong>tyrannide.</strong></span> <span class='ocrx_word' id='word_1_241' title='bbox 426 2103 606 2178; x_wconf 87' lang='lat' dir='ltr'><strong>Omnibus</strong></span> <span class='ocrx_word' id='word_1_242' title='bbox 624 2105 732 2194; x_wconf 87' lang='lat' dir='ltr'><strong>igitur</strong></span> <span class='ocrx_word' id='word_1_243' title='bbox 746 2103 851 2173; x_wconf 82' lang='lat' dir='ltr'><strong>offert</strong></span> <span class='ocrx_word' id='word_1_244' title='bbox 866 2101 1026 2184; x_wconf 88' lang='lat' dir='ltr'><strong>salutem,</strong></span> <span class='ocrx_word' id='word_1_245' title='bbox 1052 2114 1087 2171; x_wconf 92' lang='lat' dir='ltr'><strong>et</strong></span> <span class='ocrx_word' id='word_1_246' title='bbox 1102 2103 1180 2170; x_wconf 90' lang='lat' dir='ltr'><strong>vult</strong></span> <span class='ocrx_word' id='word_1_247' title='bbox 1230 2123 1371 2192; x_wconf 86' lang='lat' dir='ltr'><strong>quoque</strong></span> <span class='ocrx_word' id='word_1_248' title='bbox 1385 2100 1489 2168; x_wconf 92' lang='lat' dir='ltr'><strong>lidem</strong></span> <span class='ocrx_word' id='word_1_249' title='bbox 1510 2115 1543 2172; x_wconf 89' lang='lat' dir='ltr'><strong>et</strong></span> <span class='ocrx_word' id='word_1_250' title='bbox 1558 2101 1778 2192; x_wconf 82' lang='lat' dir='ltr'><strong>diligentiam</strong></span> <span class='ocrx_word' id='word_1_251' title='bbox 1794 2103 1831 2169; x_wconf 90' lang='lat' dir='ltr'><strong>iu</strong></span> <span class='ocrx_word' id='word_1_252' title='bbox 1850 2104 2013 2174; x_wconf 90' lang='lat' dir='ltr'><strong>docendo</strong></span> <span class='ocrx_word' id='word_1_253' title='bbox 2030 2120 2065 2176; x_wconf 89' lang='lat' dir='ltr'><strong>et</strong></span> <span class='ocrx_word' id='word_1_254' title='bbox 2086 2107 2229 2178; x_wconf 87' lang='lat' dir='ltr'><strong>discen-</strong></span> 
     </span>
     <span class='ocr_line' id='line_1_19' title="bbox 182 2196 2231 2307; baseline -0.003 -20"><span class='ocrx_word' id='word_1_255' title='bbox 182 2215 340 2307; x_wconf 87' lang='lat' dir='ltr'><strong>recipere</strong></span> <span class='ocrx_word' id='word_1_256' title='bbox 356 2226 389 2280; x_wconf 86' lang='lat' dir='ltr'><strong>et</strong></span> <span class='ocrx_word' id='word_1_257' title='bbox 404 2233 555 2287; x_wconf 90' lang='lat' dir='ltr'><strong>servare,</strong></span> <span class='ocrx_word' id='word_1_258' title='bbox 572 2208 666 2299; x_wconf 93' lang='lat' dir='ltr'><strong>quod</strong></span> <span class='ocrx_word' id='word_1_259' title='bbox 682 2207 725 2275; x_wconf 90' lang='lat' dir='ltr'><strong>ad</strong></span> <span class='ocrx_word' id='word_1_260' title='bbox 742 2204 853 2293; x_wconf 89' lang='lat' dir='ltr'><strong>ipsius</strong></span> <span class='ocrx_word' id='word_1_261' title='bbox 864 2203 1080 2272; x_wconf 91' lang='lat' dir='ltr'><strong>voluntatem</strong></span> <span class='ocrx_word' id='word_1_262' title='bbox 1095 2202 1179 2272; x_wconf 90' lang='lat' dir='ltr'><strong>atti·</strong></span> <span class='ocrx_word' id='word_1_263' title='bbox 1230 2202 1276 2269; x_wconf 93' lang='lat' dir='ltr'><strong>do</strong></span> <span class='ocrx_word' id='word_1_264' title='bbox 1301 2196 1552 2287; x_wconf 86' lang='lat' dir='ltr'><strong>adhibeamus,</strong></span> <span class='ocrx_word' id='word_1_265' title='bbox 1584 2228 1689 2295; x_wconf 90' lang='lat' dir='ltr'><strong>quam</strong></span> <span class='ocrx_word' id='word_1_266' title='bbox 1715 2217 1748 2272; x_wconf 88' lang='lat' dir='ltr'><strong>et</strong></span> <span class='ocrx_word' id='word_1_267' title='bbox 1770 2203 1847 2273; x_wconf 91' lang='lat' dir='ltr'><strong>vult</strong></span> <span class='ocrx_word' id='word_1_268' title='bbox 1869 2200 2034 2276; x_wconf 89' lang='lat' dir='ltr'><strong>adhiberi</strong></span> <span class='ocrx_word' id='word_1_269' title='bbox 2050 2206 2170 2293; x_wconf 88' lang='lat' dir='ltr'><strong>Deus,</strong></span> <span class='ocrx_word' id='word_1_270' title='bbox 2195 2226 2231 2281; x_wconf 89' lang='lat' dir='ltr'><strong>et</strong></span> 
     </span>
     <span class='ocr_line' id='line_1_20' title="bbox 183 2303 2229 2401; baseline -0.002 -14"><span class='ocrx_word' id='word_1_271' title='bbox 183 2331 257 2389; x_wconf 89' lang='lat' dir='ltr'><strong>net.</strong></span> <span class='ocrx_word' id='word_1_272' title='bbox 305 2311 422 2401; x_wconf 86' lang='lat' dir='ltr'><strong>Quam</strong></span> <span class='ocrx_word' id='word_1_273' title='bbox 439 2309 602 2379; x_wconf 92' lang='lat' dir='ltr'><strong>mirando</strong></span> <span class='ocrx_word' id='word_1_274' title='bbox 619 2306 769 2376; x_wconf 90' lang='lat' dir='ltr'><strong>consilio</strong></span> <span class='ocrx_word' id='word_1_275' title='bbox 786 2305 992 2396; x_wconf 90' lang='lat' dir='ltr'><strong>temperavit</strong></span> <span class='ocrx_word' id='word_1_276' title='bbox 1010 2303 1106 2373; x_wconf 92' lang='lat' dir='ltr'><strong>Deus</strong></span> <span class='ocrx_word' id='word_1_277' title='bbox 1122 2303 1178 2371; x_wconf 82' lang='lat' dir='ltr'><strong>irt-</strong></span> <span class='ocrx_word' id='word_1_278' title='bbox 1229 2316 1268 2371; x_wconf 96' lang='lat' dir='ltr'><strong>ut</strong></span> <span class='ocrx_word' id='word_1_279' title='bbox 1284 2315 1457 2393; x_wconf 87' lang='lat' dir='ltr'><strong>praestare</strong></span> <span class='ocrx_word' id='word_1_280' title='bbox 1474 2304 1595 2397; x_wconf 93' lang='lat' dir='ltr'><strong>aliquo</strong></span> <span class='ocrx_word' id='word_1_281' title='bbox 1613 2308 1719 2373; x_wconf 92' lang='lat' dir='ltr'><strong>modo</strong></span> <span class='ocrx_word' id='word_1_282' title='bbox 1737 2328 1936 2395; x_wconf 90' lang='lat' dir='ltr'><strong>possemus,</strong></span> <span class='ocrx_word' id='word_1_283' title='bbox 1962 2309 2101 2380; x_wconf 90' lang='lat' dir='ltr'><strong>viribus</strong></span> <span class='ocrx_word' id='word_1_284' title='bbox 2119 2328 2229 2383; x_wconf 91' lang='lat' dir='ltr'><strong>natu-</strong></span> 
     </span>
     <span class='ocr_line' id='line_1_21' title="bbox 184 2404 2225 2499; baseline -0.004 -9"><span class='ocrx_word' id='word_1_285' title='bbox 184 2418 317 2490; x_wconf 89' lang='lat' dir='ltr'><strong>stitiam</strong></span> <span class='ocrx_word' id='word_1_286' title='bbox 333 2427 367 2482; x_wconf 89' lang='lat' dir='ltr'><strong>et</strong></span> <span class='ocrx_word' id='word_1_287' title='bbox 382 2409 686 2482; x_wconf 86' lang='lat' dir='ltr'><strong>misericordiam?</strong></span> <span class='ocrx_word' id='word_1_288' title='bbox 708 2407 903 2475; x_wconf 89' lang='lat' dir='ltr'><strong>immensae</strong></span> <span class='ocrx_word' id='word_1_289' title='bbox 916 2404 1178 2473; x_wconf 89' lang='lat' dir='ltr'><strong>misericordiae</strong></span> <span class='ocrx_word' id='word_1_290' title='bbox 1229 2427 1288 2472; x_wconf 90' lang='lat' dir='ltr'><strong>rae</strong></span> <span class='ocrx_word' id='word_1_291' title='bbox 1304 2428 1369 2472; x_wconf 89' lang='lat' dir='ltr'><strong>nos</strong></span> <span class='ocrx_word' id='word_1_292' title='bbox 1386 2406 1570 2488; x_wconf 81' lang='lat' dir='ltr'><strong>instruxit,</strong></span> <span class='ocrx_word' id='word_1_293' title='bbox 1598 2430 1684 2499; x_wconf 91' lang='lat' dir='ltr'><strong>quas</strong></span> <span class='ocrx_word' id='word_1_294' title='bbox 1697 2408 1773 2476; x_wconf 94' lang='lat' dir='ltr'><strong>vult</strong></span> <span class='ocrx_word' id='word_1_295' title='bbox 1790 2432 1864 2476; x_wconf 91' lang='lat' dir='ltr'><strong>non</strong></span> <span class='ocrx_word' id='word_1_296' title='bbox 1882 2433 1956 2479; x_wconf 89' lang='lat' dir='ltr'><strong>esse</strong></span> <span class='ocrx_word' id='word_1_297' title='bbox 1968 2413 2111 2482; x_wconf 90' lang='lat' dir='ltr'><strong>ociosas.</strong></span> <span class='ocrx_word' id='word_1_298' title='bbox 2143 2413 2225 2484; x_wconf 87' lang='lat' dir='ltr'><strong>Etsi</strong></span> 
     </span>
     <span class='ocr_line' id='line_1_22' title="bbox 185 2505 2224 2613; baseline -0.003 -22"><span class='ocrx_word' id='word_1_299' title='bbox 185 2518 350 2613; x_wconf 88' lang='lat' dir='ltr'><strong>estquod</strong></span> <span class='ocrx_word' id='word_1_300' title='bbox 372 2514 498 2604; x_wconf 87' lang='lat' dir='ltr'><strong>recipit</strong></span> <span class='ocrx_word' id='word_1_301' title='bbox 521 2535 631 2602; x_wconf 90' lang='lat' dir='ltr'><strong>genus</strong></span> <span class='ocrx_word' id='word_1_302' title='bbox 652 2505 868 2590; x_wconf 91' lang='lat' dir='ltr'><strong>humanum,</strong></span> <span class='ocrx_word' id='word_1_303' title='bbox 892 2521 1059 2577; x_wconf 91' lang='lat' dir='ltr'><strong>ettamen</strong></span> <span class='ocrx_word' id='word_1_304' title='bbox 1076 2506 1178 2575; x_wconf 92' lang='lat' dir='ltr'><strong>iusti·</strong></span> <span class='ocrx_word' id='word_1_305' title='bbox 1230 2519 1347 2576; x_wconf 92' lang='lat' dir='ltr'><strong>autem</strong></span> <span class='ocrx_word' id='word_1_306' title='bbox 1364 2507 1402 2574; x_wconf 93' lang='lat' dir='ltr'><strong>in</strong></span> <span class='ocrx_word' id='word_1_307' title='bbox 1419 2508 1636 2597; x_wconf 88' lang='lat' dir='ltr'><strong>amplissima</strong></span> <span class='ocrx_word' id='word_1_308' title='bbox 1662 2509 1827 2588; x_wconf 88' lang='lat' dir='ltr'><strong>materia,</strong></span> <span class='ocrx_word' id='word_1_309' title='bbox 1859 2513 1904 2579; x_wconf 88' lang='lat' dir='ltr'><strong>de</strong></span> <span class='ocrx_word' id='word_1_310' title='bbox 1928 2511 2089 2583; x_wconf 88' lang='lat' dir='ltr'><strong>laudibus</strong></span> <span class='ocrx_word' id='word_1_311' title='bbox 2111 2516 2224 2584; x_wconf 88' lang='lat' dir='ltr'><strong>totius</strong></span> 
     </span>
     <span class='ocr_line' id='line_1_23' title="bbox 183 2606 2227 2705; baseline -0.003 -13"><span class='ocrx_word' id='word_1_312' title='bbox 183 2623 255 2696; x_wconf 86' lang='lat' dir='ltr'><strong>tiae</strong></span> <span class='ocrx_word' id='word_1_313' title='bbox 270 2617 338 2688; x_wconf 91' lang='lat' dir='ltr'><strong>Dei</strong></span> <span class='ocrx_word' id='word_1_314' title='bbox 355 2619 520 2685; x_wconf 89' lang='lat' dir='ltr'><strong>immotae</strong></span> <span class='ocrx_word' id='word_1_315' title='bbox 538 2628 624 2693; x_wconf 89' lang='lat' dir='ltr'><strong>erat,</strong></span> <span class='ocrx_word' id='word_1_316' title='bbox 651 2626 690 2680; x_wconf 93' lang='lat' dir='ltr'><strong>ut</strong></span> <span class='ocrx_word' id='word_1_317' title='bbox 705 2611 759 2679; x_wconf 91' lang='lat' dir='ltr'><strong>lex</strong></span> <span class='ocrx_word' id='word_1_318' title='bbox 776 2610 889 2678; x_wconf 89' lang='lat' dir='ltr'><strong>lieret:</strong></span> <span class='ocrx_word' id='word_1_319' title='bbox 918 2608 990 2678; x_wconf 91' lang='lat' dir='ltr'><strong>Nec</strong></span> <span class='ocrx_word' id='word_1_320' title='bbox 1007 2633 1048 2677; x_wconf 84' lang='lat' dir='ltr'><strong>ex</strong></span> <span class='ocrx_word' id='word_1_321' title='bbox 1063 2607 1178 2677; x_wconf 87' lang='lat' dir='ltr'><strong>futili·</strong></span> <span class='ocrx_word' id='word_1_322' title='bbox 1230 2606 1368 2700; x_wconf 83' lang='lat' dir='ltr'><strong>politici</strong></span> <span class='ocrx_word' id='word_1_323' title='bbox 1402 2609 1539 2677; x_wconf 89' lang='lat' dir='ltr'><strong>ordinis</strong></span> <span class='ocrx_word' id='word_1_324' title='bbox 1564 2623 1597 2677; x_wconf 88' lang='lat' dir='ltr'><strong>ct</strong></span> <span class='ocrx_word' id='word_1_325' title='bbox 1620 2623 1822 2679; x_wconf 91' lang='lat' dir='ltr'><strong>nostrarum</strong></span> <span class='ocrx_word' id='word_1_326' title='bbox 1850 2611 1963 2702; x_wconf 92' lang='lat' dir='ltr'><strong>legum</strong></span> <span class='ocrx_word' id='word_1_327' title='bbox 1996 2615 2227 2705; x_wconf 86' lang='lat' dir='ltr'><strong>disputanda,</strong></span> 
     </span>
     <span class='ocr_line' id='line_1_24' title="bbox 182 2709 2226 2809; baseline -0.004 -12"><span class='ocrx_word' id='word_1_328' title='bbox 182 2737 255 2797; x_wconf 87' lang='lat' dir='ltr'><strong>tate</strong></span> <span class='ocrx_word' id='word_1_329' title='bbox 271 2720 455 2790; x_wconf 86' lang='lat' dir='ltr'><strong>remissum</strong></span> <span class='ocrx_word' id='word_1_330' title='bbox 472 2729 523 2786; x_wconf 92' lang='lat' dir='ltr'><strong>est</strong></span> <span class='ocrx_word' id='word_1_331' title='bbox 538 2725 731 2806; x_wconf 87' lang='lat' dir='ltr'><strong>peccatum.</strong></span> <span class='ocrx_word' id='word_1_332' title='bbox 782 2710 1025 2782; x_wconf 90' lang='lat' dir='ltr'><strong>Constitutum</strong></span> <span class='ocrx_word' id='word_1_333' title='bbox 1045 2723 1096 2779; x_wconf 91' lang='lat' dir='ltr'><strong>est</strong></span> <span class='ocrx_word' id='word_1_334' title='bbox 1112 2709 1177 2798; x_wconf 89' lang='lat' dir='ltr'><strong>igi·</strong></span> <span class='ocrx_word' id='word_1_335' title='bbox 1231 2721 1265 2778; x_wconf 93' lang='lat' dir='ltr'><strong>et</strong></span> <span class='ocrx_word' id='word_1_336' title='bbox 1278 2711 1322 2778; x_wconf 91' lang='lat' dir='ltr'><strong>de</strong></span> <span class='ocrx_word' id='word_1_337' title='bbox 1340 2710 1515 2799; x_wconf 83' lang='lat' dir='ltr'><strong>praesenti</strong></span> <span class='ocrx_word' id='word_1_338' title='bbox 1538 2710 1628 2779; x_wconf 88' lang='lat' dir='ltr'><strong>iuris</strong></span> <span class='ocrx_word' id='word_1_339' title='bbox 1645 2712 1808 2782; x_wconf 90' lang='lat' dir='ltr'><strong>doctrina</strong></span> <span class='ocrx_word' id='word_1_340' title='bbox 1834 2716 1962 2784; x_wconf 89' lang='lat' dir='ltr'><strong>tuenda</strong></span> <span class='ocrx_word' id='word_1_341' title='bbox 1987 2716 2101 2787; x_wconf 91' lang='lat' dir='ltr'><strong>multo</strong></span> <span class='ocrx_word' id='word_1_342' title='bbox 2119 2718 2226 2809; x_wconf 92' lang='lat' dir='ltr'><strong>plura</strong></span> 
     </span>
     <span class='ocr_line' id='line_1_25' title="bbox 184 2810 2223 2914; baseline -0.003 -19"><span class='ocrx_word' id='word_1_343' title='bbox 184 2843 255 2910; x_wconf 90' lang='lat' dir='ltr'><strong>tur,</strong></span> <span class='ocrx_word' id='word_1_344' title='bbox 267 2836 308 2894; x_wconf 90' lang='lat' dir='ltr'><strong>ut</strong></span> <span class='ocrx_word' id='word_1_345' title='bbox 326 2844 439 2914; x_wconf 89' lang='lat' dir='ltr'><strong>poena</strong></span> <span class='ocrx_word' id='word_1_346' title='bbox 453 2819 492 2886; x_wconf 92' lang='lat' dir='ltr'><strong>in</strong></span> <span class='ocrx_word' id='word_1_347' title='bbox 507 2818 619 2886; x_wconf 90' lang='lat' dir='ltr'><strong>lilium</strong></span> <span class='ocrx_word' id='word_1_348' title='bbox 638 2815 868 2897; x_wconf 89' lang='lat' dir='ltr'><strong>derivaretur,</strong></span> <span class='ocrx_word' id='word_1_349' title='bbox 894 2813 977 2905; x_wconf 90' lang='lat' dir='ltr'><strong>quia</strong></span> <span class='ocrx_word' id='word_1_350' title='bbox 994 2812 1178 2880; x_wconf 87' lang='lat' dir='ltr'><strong>universa·</strong></span> <span class='ocrx_word' id='word_1_351' title='bbox 1230 2810 1378 2880; x_wconf 90' lang='lat' dir='ltr'><strong>dicenda</strong></span> <span class='ocrx_word' id='word_1_352' title='bbox 1394 2824 1506 2895; x_wconf 88' lang='lat' dir='ltr'><strong>erant,</strong></span> <span class='ocrx_word' id='word_1_353' title='bbox 1530 2826 1649 2882; x_wconf 89' lang='lat' dir='ltr'><strong>tamen</strong></span> <span class='ocrx_word' id='word_1_354' title='bbox 1667 2837 1763 2883; x_wconf 92' lang='lat' dir='ltr'><strong>nunc</strong></span> <span class='ocrx_word' id='word_1_355' title='bbox 1778 2840 1852 2884; x_wconf 91' lang='lat' dir='ltr'><strong>non</strong></span> <span class='ocrx_word' id='word_1_356' title='bbox 1866 2841 1925 2887; x_wconf 91' lang='lat' dir='ltr'><strong>ero</strong></span> <span class='ocrx_word' id='word_1_357' title='bbox 1939 2818 2120 2908; x_wconf 79' lang='lat' dir='ltr'><strong>prolixior,</strong></span> <span class='ocrx_word' id='word_1_358' title='bbox 2148 2845 2223 2890; x_wconf 91' lang='lat' dir='ltr'><strong>non</strong></span> 
     </span>
     <span class='ocr_line' id='line_1_26' title="bbox 183 2906 2221 3010; baseline -0.005 -12"><span class='ocrx_word' id='word_1_359' title='bbox 183 2929 265 3001; x_wconf 87' lang='lat' dir='ltr'><strong>liter</strong></span> <span class='ocrx_word' id='word_1_360' title='bbox 281 2926 337 2994; x_wconf 82' lang='lat' dir='ltr'><strong>lex</strong></span> <span class='ocrx_word' id='word_1_361' title='bbox 352 2924 408 2993; x_wconf 89' lang='lat' dir='ltr'><strong>vel</strong></span> <span class='ocrx_word' id='word_1_362' title='bbox 423 2923 466 2991; x_wconf 91' lang='lat' dir='ltr'><strong>ad</strong></span> <span class='ocrx_word' id='word_1_363' title='bbox 486 2918 745 3001; x_wconf 91' lang='lat' dir='ltr'><strong>obedientiam,</strong></span> <span class='ocrx_word' id='word_1_364' title='bbox 772 2916 828 2983; x_wconf 88' lang='lat' dir='ltr'><strong>vel</strong></span> <span class='ocrx_word' id='word_1_365' title='bbox 850 2917 894 2984; x_wconf 92' lang='lat' dir='ltr'><strong>ad</strong></span> <span class='ocrx_word' id='word_1_366' title='bbox 915 2938 1065 3005; x_wconf 91' lang='lat' dir='ltr'><strong>poenam</strong></span> <span class='ocrx_word' id='word_1_367' title='bbox 1086 2912 1179 2983; x_wconf 92' lang='lat' dir='ltr'><strong>obli·</strong></span> <span class='ocrx_word' id='word_1_368' title='bbox 1230 2913 1346 2982; x_wconf 89' lang='lat' dir='ltr'><strong>solum</strong></span> <span class='ocrx_word' id='word_1_369' title='bbox 1364 2913 1446 3005; x_wconf 92' lang='lat' dir='ltr'><strong>quia</strong></span> <span class='ocrx_word' id='word_1_370' title='bbox 1457 2906 1543 2982; x_wconf 86' lang='lat' dir='ltr'><strong>haec</strong></span> <span class='ocrx_word' id='word_1_371' title='bbox 1558 2915 1711 2984; x_wconf 89' lang='lat' dir='ltr'><strong>brevitas</strong></span> <span class='ocrx_word' id='word_1_372' title='bbox 1727 2917 1903 2988; x_wconf 88' lang='lat' dir='ltr'><strong>orationis</strong></span> <span class='ocrx_word' id='word_1_373' title='bbox 1918 2922 1961 2988; x_wconf 91' lang='lat' dir='ltr'><strong>ad</strong></span> <span class='ocrx_word' id='word_1_374' title='bbox 1971 2920 2221 3010; x_wconf 88' lang='lat' dir='ltr'><strong>praescriptum</strong></span> 
     </span>
     <span class='ocr_line' id='line_1_27' title="bbox 185 3012 2222 3121; baseline -0.006 -18"><span class='ocrx_word' id='word_1_375' title='bbox 185 3042 253 3121; x_wconf 82' lang='lat' dir='ltr'><strong>gat.</strong></span> <span class='ocrx_word' id='word_1_376' title='bbox 300 3024 371 3096; x_wconf 87' lang='lat' dir='ltr'><strong>Hic</strong></span> <span class='ocrx_word' id='word_1_377' title='bbox 385 3049 440 3094; x_wconf 88' lang='lat' dir='ltr'><strong>me</strong></span> <span class='ocrx_word' id='word_1_378' title='bbox 454 3025 498 3092; x_wconf 91' lang='lat' dir='ltr'><strong>de</strong></span> <span class='ocrx_word' id='word_1_379' title='bbox 513 3021 663 3091; x_wconf 91' lang='lat' dir='ltr'><strong>consilio</strong></span> <span class='ocrx_word' id='word_1_380' title='bbox 680 3033 715 3089; x_wconf 93' lang='lat' dir='ltr'><strong>et</strong></span> <span class='ocrx_word' id='word_1_381' title='bbox 730 3017 863 3087; x_wconf 91' lang='lat' dir='ltr'><strong>iustitia</strong></span> <span class='ocrx_word' id='word_1_382' title='bbox 880 3032 1018 3086; x_wconf 90' lang='lat' dir='ltr'><strong>aeterna</strong></span> <span class='ocrx_word' id='word_1_383' title='bbox 1033 3012 1101 3084; x_wconf 89' lang='lat' dir='ltr'><strong>Dei</strong></span> <span class='ocrx_word' id='word_1_384' title='bbox 1115 3016 1179 3083; x_wconf 92' lang='lat' dir='ltr'><strong>ad·</strong></span> <span class='ocrx_word' id='word_1_385' title='bbox 1230 3028 1369 3104; x_wconf 91' lang='lat' dir='ltr'><strong>tempus</strong></span> <span class='ocrx_word' id='word_1_386' title='bbox 1385 3018 1689 3086; x_wconf 89' lang='lat' dir='ltr'><strong>accommodatum</strong></span> <span class='ocrx_word' id='word_1_387' title='bbox 1707 3033 1769 3104; x_wconf 81' lang='lat' dir='ltr'><strong>est,</strong></span> <span class='ocrx_word' id='word_1_388' title='bbox 1792 3022 1853 3088; x_wconf 87' lang='lat' dir='ltr'><strong>sed</strong></span> <span class='ocrx_word' id='word_1_389' title='bbox 1871 3023 1985 3092; x_wconf 91' lang='lat' dir='ltr'><strong>multo</strong></span> <span class='ocrx_word' id='word_1_390' title='bbox 2001 3022 2120 3112; x_wconf 89' lang='lat' dir='ltr'><strong>magis,</strong></span> <span class='ocrx_word' id='word_1_391' title='bbox 2139 3023 2222 3114; x_wconf 87' lang='lat' dir='ltr'><strong>quia</strong></span> 
     </span>
     <span class='ocr_line' id='line_1_28' title="bbox 184 3117 2227 3218; baseline -0.003 -18"><span class='ocrx_word' id='word_1_392' title='bbox 184 3140 308 3200; x_wconf 90' lang='lat' dir='ltr'><strong>monet</strong></span> <span class='ocrx_word' id='word_1_393' title='bbox 328 3123 415 3194; x_wconf 92' lang='lat' dir='ltr'><strong>haec</strong></span> <span class='ocrx_word' id='word_1_394' title='bbox 436 3123 580 3213; x_wconf 92' lang='lat' dir='ltr'><strong>politica</strong></span> <span class='ocrx_word' id='word_1_395' title='bbox 599 3121 731 3192; x_wconf 89' lang='lat' dir='ltr'><strong>iustitia</strong></span> <span class='ocrx_word' id='word_1_396' title='bbox 754 3121 792 3187; x_wconf 93' lang='lat' dir='ltr'><strong>in</strong></span> <span class='ocrx_word' id='word_1_397' title='bbox 815 3120 952 3209; x_wconf 89' lang='lat' dir='ltr'><strong>legibus</strong></span> <span class='ocrx_word' id='word_1_398' title='bbox 971 3118 1101 3186; x_wconf 87' lang='lat' dir='ltr'><strong>nostris</strong></span> <span class='ocrx_word' id='word_1_399' title='bbox 1117 3118 1179 3185; x_wconf 91' lang='lat' dir='ltr'><strong>de·</strong></span> <span class='ocrx_word' id='word_1_400' title='bbox 1230 3141 1349 3185; x_wconf 89' lang='lat' dir='ltr'><strong>rerum</strong></span> <span class='ocrx_word' id='word_1_401' title='bbox 1374 3117 1572 3207; x_wconf 90' lang='lat' dir='ltr'><strong>amplitudo</strong></span> <span class='ocrx_word' id='word_1_402' title='bbox 1596 3130 1693 3188; x_wconf 91' lang='lat' dir='ltr'><strong>tanta</strong></span> <span class='ocrx_word' id='word_1_403' title='bbox 1717 3135 1787 3200; x_wconf 88' lang='lat' dir='ltr'><strong>est,</strong></span> <span class='ocrx_word' id='word_1_404' title='bbox 1820 3135 1860 3190; x_wconf 96' lang='lat' dir='ltr'><strong>ut</strong></span> <span class='ocrx_word' id='word_1_405' title='bbox 1887 3149 2033 3192; x_wconf 88' lang='lat' dir='ltr'><strong>omnem</strong></span> <span class='ocrx_word' id='word_1_406' title='bbox 2056 3125 2227 3218; x_wconf 85' lang='lat' dir='ltr'><strong>eloquen-</strong></span> 
     </span>
     <span class='ocr_line' id='line_1_29' title="bbox 184 3218 2229 3322; baseline -0 -25"><span class='ocrx_word' id='word_1_407' title='bbox 184 3231 325 3322; x_wconf 78' lang='lat' dir='ltr'><strong>scripta.</strong></span> <span class='ocrx_word' id='word_1_408' title='bbox 377 3225 490 3314; x_wconf 88' lang='lat' dir='ltr'><strong>Saepe</strong></span> <span class='ocrx_word' id='word_1_409' title='bbox 513 3247 594 3291; x_wconf 93' lang='lat' dir='ltr'><strong>cum</strong></span> <span class='ocrx_word' id='word_1_410' title='bbox 616 3223 806 3290; x_wconf 89' lang='lat' dir='ltr'><strong>discrimen</strong></span> <span class='ocrx_word' id='word_1_411' title='bbox 832 3221 946 3310; x_wconf 91' lang='lat' dir='ltr'><strong>cogito</strong></span> <span class='ocrx_word' id='word_1_412' title='bbox 969 3221 1063 3288; x_wconf 90' lang='lat' dir='ltr'><strong>inter</strong></span> <span class='ocrx_word' id='word_1_413' title='bbox 1080 3219 1178 3308; x_wconf 89' lang='lat' dir='ltr'><strong>vigo·</strong></span> <span class='ocrx_word' id='word_1_414' title='bbox 1230 3220 1317 3290; x_wconf 88' lang='lat' dir='ltr'><strong>tiam</strong></span> <span class='ocrx_word' id='word_1_415' title='bbox 1335 3219 1488 3309; x_wconf 82' lang='lat' dir='ltr'><strong>superet.</strong></span> <span class='ocrx_word' id='word_1_416' title='bbox 1540 3218 1663 3288; x_wconf 90' lang='lat' dir='ltr'><strong>Bonae</strong></span> <span class='ocrx_word' id='word_1_417' title='bbox 1681 3236 1812 3290; x_wconf 89' lang='lat' dir='ltr'><strong>mentes</strong></span> <span class='ocrx_word' id='word_1_418' title='bbox 1831 3218 1886 3291; x_wconf 94' lang='lat' dir='ltr'><strong>his</strong></span> <span class='ocrx_word' id='word_1_419' title='bbox 1901 3226 2148 3296; x_wconf 85' lang='lat' dir='ltr'><strong>fundamentis</strong></span> <span class='ocrx_word' id='word_1_420' title='bbox 2168 3253 2229 3296; x_wconf 92' lang='lat' dir='ltr'><strong>co-</strong></span> 
     </span>
     <span class='ocr_line' id='line_1_30' title="bbox 104 3321 2230 3416; baseline -0.004 -12"><span class='ocrx_word' id='word_1_421' title='bbox 104 3353 109 3361; x_wconf 82' lang='lat'><em>·</em></span> <span class='ocrx_word' id='word_1_422' title='bbox 184 3357 260 3404; x_wconf 89' lang='lat' dir='ltr'><strong>rem</strong></span> <span class='ocrx_word' id='word_1_423' title='bbox 279 3329 368 3398; x_wconf 88' lang='lat' dir='ltr'><strong>iuris</strong></span> <span class='ocrx_word' id='word_1_424' title='bbox 384 3340 418 3396; x_wconf 89' lang='lat' dir='ltr'><strong>et</strong></span> <span class='ocrx_word' id='word_1_425' title='bbox 433 3323 666 3416; x_wconf 87' lang='lat' dir='ltr'><strong>aequitatem,</strong></span> <span class='ocrx_word' id='word_1_426' title='bbox 692 3321 798 3388; x_wconf 89' lang='lat' dir='ltr'><strong>simul</strong></span> <span class='ocrx_word' id='word_1_427' title='bbox 816 3322 1001 3389; x_wconf 90' lang='lat' dir='ltr'><strong>considero</strong></span> <span class='ocrx_word' id='word_1_428' title='bbox 1018 3322 1129 3408; x_wconf 89' lang='lat' dir='ltr'><strong>legem</strong></span> <span class='ocrx_word' id='word_1_429' title='bbox 1140 3332 1181 3408; x_wconf 51' lang='lat' dir='ltr'><strong>,et</strong></span> <span class='ocrx_word' id='word_1_430' title='bbox 1231 3321 1357 3410; x_wconf 91' lang='lat' dir='ltr'><strong>gnitis‚</strong></span> <span class='ocrx_word' id='word_1_431' title='bbox 1379 3343 1480 3408; x_wconf 89' lang='lat' dir='ltr'><strong>saepe</strong></span> <span class='ocrx_word' id='word_1_432' title='bbox 1496 3323 1647 3408; x_wconf 88' lang='lat' dir='ltr'><strong>cogitent</strong></span> <span class='ocrx_word' id='word_1_433' title='bbox 1665 3324 1709 3389; x_wconf 90' lang='lat' dir='ltr'><strong>de</strong></span> <span class='ocrx_word' id='word_1_434' title='bbox 1727 3323 1897 3408; x_wconf 88' lang='lat' dir='ltr'><strong>dignitate</strong></span> <span class='ocrx_word' id='word_1_435' title='bbox 1915 3327 2055 3414; x_wconf 90' lang='lat' dir='ltr'><strong>politici</strong></span> <span class='ocrx_word' id='word_1_436' title='bbox 2080 3328 2230 3411; x_wconf 87' lang='lat' dir='ltr'><strong>ordinis,</strong></span> 
     </span>
     <span class='ocr_line' id='line_1_31' title="bbox 184 3417 2229 3522; baseline -0.004 -16"><span class='ocrx_word' id='word_1_437' title='bbox 184 3430 433 3522; x_wconf 85' lang='lat' dir='ltr'><strong>Evangelium.</strong></span> <span class='ocrx_word' id='word_1_438' title='bbox 493 3421 559 3494; x_wconf 90' lang='lat' dir='ltr'><strong>Est</strong></span> <span class='ocrx_word' id='word_1_439' title='bbox 593 3423 688 3491; x_wconf 91' lang='lat' dir='ltr'><strong>enim</strong></span> <span class='ocrx_word' id='word_1_440' title='bbox 723 3433 762 3490; x_wconf 89' lang='lat' dir='ltr'><strong>ut</strong></span> <span class='ocrx_word' id='word_1_441' title='bbox 796 3421 910 3505; x_wconf 86' lang='lat' dir='ltr'><strong>scitis,</strong></span> <span class='ocrx_word' id='word_1_442' title='bbox 945 3417 1180 3508; x_wconf 87' lang='lat' dir='ltr'><strong>Evangelium</strong></span> <span class='ocrx_word' id='word_1_443' title='bbox 1234 3434 1268 3490; x_wconf 87' lang='lat' dir='ltr'><strong>et</strong></span> <span class='ocrx_word' id='word_1_444' title='bbox 1292 3435 1496 3491; x_wconf 89' lang='lat' dir='ltr'><strong>reverenter</strong></span> <span class='ocrx_word' id='word_1_445' title='bbox 1517 3420 1593 3492; x_wconf 92' lang='lat' dir='ltr'><strong>Deo</strong></span> <span class='ocrx_word' id='word_1_446' title='bbox 1617 3423 1744 3512; x_wconf 86' lang='lat' dir='ltr'><strong>gratias</strong></span> <span class='ocrx_word' id='word_1_447' title='bbox 1767 3437 1891 3511; x_wconf 90' lang='lat' dir='ltr'><strong>agant,</strong></span> <span class='ocrx_word' id='word_1_448' title='bbox 1915 3417 2011 3516; x_wconf 67' lang='lat' dir='ltr'><strong>qu&#39;od</strong></span> <span class='ocrx_word' id='word_1_449' title='bbox 2035 3423 2229 3498; x_wconf 90' lang='lat' dir='ltr'><strong>hominum</strong></span> 
     </span>
     <span class='ocr_line' id='line_1_32' title="bbox 183 3516 2229 3628; baseline -0.004 -20"><span class='ocrx_word' id='word_1_450' title='bbox 183 3536 300 3628; x_wconf 87' lang='lat' dir='ltr'><strong>reipsa</strong></span> <span class='ocrx_word' id='word_1_451' title='bbox 317 3529 500 3602; x_wconf 89' lang='lat' dir='ltr'><strong>mitissima</strong></span> <span class='ocrx_word' id='word_1_452' title='bbox 517 3524 676 3618; x_wconf 89' lang='lat' dir='ltr'><strong>aequitas</strong></span> <span class='ocrx_word' id='word_1_453' title='bbox 692 3537 726 3593; x_wconf 88' lang='lat' dir='ltr'><strong>et</strong></span> <span class='ocrx_word' id='word_1_454' title='bbox 742 3516 912 3594; x_wconf 81' lang='grc' dir='ltr'><strong><em>ἐπιείκεια</em></strong></span> <span class='ocrx_word' id='word_1_455' title='bbox 933 3523 1038 3610; x_wconf 86' lang='lat' dir='ltr'><strong>legis,</strong></span> <span class='ocrx_word' id='word_1_456' title='bbox 1065 3535 1099 3590; x_wconf 85' lang='lat' dir='ltr'><strong>et</strong></span> <span class='ocrx_word' id='word_1_457' title='bbox 1114 3545 1187 3611; x_wconf 90' lang='lat' dir='ltr'><strong>pro·</strong></span> <span class='ocrx_word' id='word_1_458' title='bbox 1232 3522 1339 3591; x_wconf 89' lang='lat' dir='ltr'><strong>vitam</strong></span> <span class='ocrx_word' id='word_1_459' title='bbox 1355 3517 1411 3590; x_wconf 86' lang='lat' dir='ltr'><strong>his</strong></span> <span class='ocrx_word' id='word_1_460' title='bbox 1427 3525 1536 3593; x_wconf 89' lang='lat' dir='ltr'><strong>radiis</strong></span> <span class='ocrx_word' id='word_1_461' title='bbox 1551 3548 1633 3593; x_wconf 91' lang='lat' dir='ltr'><strong>suae</strong></span> <span class='ocrx_word' id='word_1_462' title='bbox 1648 3525 1840 3616; x_wconf 86' lang='lat' dir='ltr'><strong>sapientiae</strong></span> <span class='ocrx_word' id='word_1_463' title='bbox 1864 3539 1898 3595; x_wconf 90' lang='lat' dir='ltr'><strong>et</strong></span> <span class='ocrx_word' id='word_1_464' title='bbox 1920 3526 2077 3598; x_wconf 89' lang='lat' dir='ltr'><strong>iustitiae</strong></span> <span class='ocrx_word' id='word_1_465' title='bbox 2101 3554 2229 3601; x_wconf 88' lang='lat' dir='ltr'><strong>conso-</strong></span> 
     </span>
     <span class='ocr_line' id='line_1_33' title="bbox 184 3622 2229 3729; baseline -0.005 -20"><span class='ocrx_word' id='word_1_466' title='bbox 184 3635 251 3709; x_wconf 90' lang='lat' dir='ltr'><strong>hac</strong></span> <span class='ocrx_word' id='word_1_467' title='bbox 269 3634 445 3729; x_wconf 87' lang='lat' dir='ltr'><strong>aequitate</strong></span> <span class='ocrx_word' id='word_1_468' title='bbox 463 3631 542 3699; x_wconf 94' lang='lat' dir='ltr'><strong>Deo</strong></span> <span class='ocrx_word' id='word_1_469' title='bbox 560 3626 688 3716; x_wconf 90' lang='lat' dir='ltr'><strong>gratias</strong></span> <span class='ocrx_word' id='word_1_470' title='bbox 705 3648 781 3714; x_wconf 90' lang='lat' dir='ltr'><strong>ago.</strong></span> <span class='ocrx_word' id='word_1_471' title='bbox 833 3623 994 3717; x_wconf 90' lang='lat' dir='ltr'><strong>Denique</strong></span> <span class='ocrx_word' id='word_1_472' title='bbox 1012 3624 1178 3693; x_wconf 88' lang='lat' dir='ltr'><strong>universa</strong></span> <span class='ocrx_word' id='word_1_473' title='bbox 1232 3625 1358 3704; x_wconf 88' lang='lat' dir='ltr'><strong>ciavit,</strong></span> <span class='ocrx_word' id='word_1_474' title='bbox 1389 3638 1421 3692; x_wconf 91' lang='lat' dir='ltr'><strong>et</strong></span> <span class='ocrx_word' id='word_1_475' title='bbox 1445 3629 1537 3717; x_wconf 87' lang='lat' dir='ltr'><strong>quod</strong></span> <span class='ocrx_word' id='word_1_476' title='bbox 1565 3628 1601 3694; x_wconf 89' lang='lat' dir='ltr'><strong>in</strong></span> <span class='ocrx_word' id='word_1_477' title='bbox 1626 3622 1692 3695; x_wconf 90' lang='lat' dir='ltr'><strong>hac</strong></span> <span class='ocrx_word' id='word_1_478' title='bbox 1715 3626 1878 3697; x_wconf 87' lang='lat' dir='ltr'><strong>societate</strong></span> <span class='ocrx_word' id='word_1_479' title='bbox 1903 3631 2033 3698; x_wconf 90' lang='lat' dir='ltr'><strong>tuenda</strong></span> <span class='ocrx_word' id='word_1_480' title='bbox 2059 3656 2229 3722; x_wconf 87' lang='lat' dir='ltr'><strong>praesen-</strong></span> 
     </span>
     <span class='ocr_line' id='line_1_34' title="bbox 185 3726 2223 3832; baseline -0.005 -21"><span class='ocrx_word' id='word_1_481' title='bbox 185 3738 357 3832; x_wconf 88' lang='lat' dir='ltr'><strong>sapientia</strong></span> <span class='ocrx_word' id='word_1_482' title='bbox 388 3736 506 3823; x_wconf 89' lang='lat' dir='ltr'><strong>legum</strong></span> <span class='ocrx_word' id='word_1_483' title='bbox 538 3741 740 3797; x_wconf 88' lang='lat' dir='ltr'><strong>nostrarum</strong></span> <span class='ocrx_word' id='word_1_484' title='bbox 772 3726 1018 3818; x_wconf 91' lang='lat' dir='ltr'><strong>multipliciter</strong></span> <span class='ocrx_word' id='word_1_485' title='bbox 1043 3748 1110 3794; x_wconf 92' lang='lat' dir='ltr'><strong>nos</strong></span> <span class='ocrx_word' id='word_1_486' title='bbox 1135 3728 1180 3793; x_wconf 89' lang='lat' dir='ltr'><strong>de</strong></span> <span class='ocrx_word' id='word_1_487' title='bbox 1235 3727 1318 3796; x_wconf 91' lang='lat' dir='ltr'><strong>tiam</strong></span> <span class='ocrx_word' id='word_1_488' title='bbox 1345 3750 1444 3794; x_wconf 89' lang='lat' dir='ltr'><strong>suam</strong></span> <span class='ocrx_word' id='word_1_489' title='bbox 1466 3729 1570 3796; x_wconf 90' lang='lat' dir='ltr'><strong>nobis</strong></span> <span class='ocrx_word' id='word_1_490' title='bbox 1593 3729 1765 3812; x_wconf 88' lang='lat' dir='ltr'><strong>declarat,</strong></span> <span class='ocrx_word' id='word_1_491' title='bbox 1803 3743 1836 3798; x_wconf 91' lang='lat' dir='ltr'><strong>et</strong></span> <span class='ocrx_word' id='word_1_492' title='bbox 1860 3752 1934 3798; x_wconf 90' lang='lat' dir='ltr'><strong>sese</strong></span> <span class='ocrx_word' id='word_1_493' title='bbox 1954 3734 1998 3798; x_wconf 92' lang='lat' dir='ltr'><strong>ad</strong></span> <span class='ocrx_word' id='word_1_494' title='bbox 2023 3726 2108 3800; x_wconf 86' lang='lat' dir='ltr'><strong>haec</strong></span> <span class='ocrx_word' id='word_1_495' title='bbox 2129 3735 2223 3801; x_wconf 87' lang='lat' dir='ltr'><strong>boaa</strong></span> 
     </span>
     <span class='ocr_line' id='line_1_35' title="bbox 183 3824 2220 3921; baseline -0.007 -8"><span class='ocrx_word' id='word_1_496' title='bbox 183 3840 261 3913; x_wconf 88' lang='lat' dir='ltr'><strong>Deo</strong></span> <span class='ocrx_word' id='word_1_497' title='bbox 276 3834 576 3909; x_wconf 82' lang='lat' dir='ltr'><strong>commonefacere</strong></span> <span class='ocrx_word' id='word_1_498' title='bbox 594 3842 721 3920; x_wconf 85' lang='lat' dir='ltr'><strong>potest.</strong></span> <span class='ocrx_word' id='word_1_499' title='bbox 773 3824 826 3899; x_wconf 85' lang='lat' dir='ltr'><strong>Ac</strong></span> <span class='ocrx_word' id='word_1_500' title='bbox 843 3828 1021 3918; x_wconf 90' lang='lat' dir='ltr'><strong>gratitudo</strong></span> <span class='ocrx_word' id='word_1_501' title='bbox 1038 3842 1180 3898; x_wconf 90' lang='lat' dir='ltr'><strong>aeterna</strong></span> <span class='ocrx_word' id='word_1_502' title='bbox 1233 3829 1364 3899; x_wconf 90' lang='lat' dir='ltr'><strong>tuenda</strong></span> <span class='ocrx_word' id='word_1_503' title='bbox 1380 3843 1523 3919; x_wconf 90' lang='lat' dir='ltr'><strong>propter</strong></span> <span class='ocrx_word' id='word_1_504' title='bbox 1538 3830 1686 3919; x_wconf 90' lang='lat' dir='ltr'><strong>gloriam</strong></span> <span class='ocrx_word' id='word_1_505' title='bbox 1702 3829 1770 3901; x_wconf 90' lang='lat' dir='ltr'><strong>Dei</strong></span> <span class='ocrx_word' id='word_1_506' title='bbox 1787 3831 1990 3904; x_wconf 78' lang='lat' dir='ltr'><strong>exuscitent.</strong></span> <span class='ocrx_word' id='word_1_507' title='bbox 2042 3829 2124 3901; x_wconf 87' lang='lat' dir='ltr'><strong>Peto</strong></span> <span class='ocrx_word' id='word_1_508' title='bbox 2151 3832 2220 3921; x_wconf 88' lang='lat' dir='ltr'><strong>igi-</strong></span> 
     </span>
     <span class='ocr_line' id='line_1_36' title="bbox 185 3924 2225 4028; baseline -0.006 -13"><span class='ocrx_word' id='word_1_509' title='bbox 185 3944 336 4016; x_wconf 90' lang='lat' dir='ltr'><strong>dehetur</strong></span> <span class='ocrx_word' id='word_1_510' title='bbox 355 3935 615 4028; x_wconf 91' lang='lat' dir='ltr'><strong>sapientissimo</strong></span> <span class='ocrx_word' id='word_1_511' title='bbox 640 3931 845 4023; x_wconf 90' lang='lat' dir='ltr'><strong>imperatori</strong></span> <span class='ocrx_word' id='word_1_512' title='bbox 872 3924 1044 4000; x_wconf 89' lang='lat' dir='ltr'><strong>Lothario</strong></span> <span class='ocrx_word' id='word_1_513' title='bbox 1070 3943 1103 3999; x_wconf 89' lang='lat' dir='ltr'><strong>et</strong></span> <span class='ocrx_word' id='word_1_514' title='bbox 1125 3926 1180 3996; x_wconf 90' lang='lat' dir='ltr'><strong>lr-</strong></span> <span class='ocrx_word' id='word_1_515' title='bbox 1232 3944 1302 4015; x_wconf 87' lang='lat' dir='ltr'><strong>tur,</strong></span> <span class='ocrx_word' id='word_1_516' title='bbox 1316 3943 1356 3999; x_wconf 89' lang='lat' dir='ltr'><strong>ut</strong></span> <span class='ocrx_word' id='word_1_517' title='bbox 1373 3924 1464 3999; x_wconf 90' lang='lat' dir='ltr'><strong>hanc</strong></span> <span class='ocrx_word' id='word_1_518' title='bbox 1481 3944 1623 4003; x_wconf 90' lang='lat' dir='ltr'><strong>tenuem</strong></span> <span class='ocrx_word' id='word_1_519' title='bbox 1641 3933 1837 4002; x_wconf 89' lang='lat' dir='ltr'><strong>orationem</strong></span> <span class='ocrx_word' id='word_1_520' title='bbox 1852 3932 1938 4003; x_wconf 91' lang='lat' dir='ltr'><strong>boni</strong></span> <span class='ocrx_word' id='word_1_521' title='bbox 1954 3932 2155 4015; x_wconf 88' lang='lat' dir='ltr'><strong>consulatis,</strong></span> <span class='ocrx_word' id='word_1_522' title='bbox 2181 3957 2225 4002; x_wconf 88' lang='lat' dir='ltr'><strong>ac</strong></span> 
     </span>
     <span class='ocr_line' id='line_1_37' title="bbox 184 4020 2228 4129; baseline -0.007 -13"><span class='ocrx_word' id='word_1_523' title='bbox 184 4044 309 4129; x_wconf 86' lang='lat' dir='ltr'><strong>neria,</strong></span> <span class='ocrx_word' id='word_1_524' title='bbox 334 4054 369 4111; x_wconf 89' lang='lat' dir='ltr'><strong>et</strong></span> <span class='ocrx_word' id='word_1_525' title='bbox 383 4039 462 4110; x_wconf 91' lang='lat' dir='ltr'><strong>aliis</strong></span> <span class='ocrx_word' id='word_1_526' title='bbox 480 4033 697 4127; x_wconf 88' lang='lat' dir='ltr'><strong>sapientibus</strong></span> <span class='ocrx_word' id='word_1_527' title='bbox 713 4033 815 4116; x_wconf 90' lang='lat' dir='ltr'><strong>viris,</strong></span> <span class='ocrx_word' id='word_1_528' title='bbox 839 4032 899 4125; x_wconf 91' lang='lat' dir='ltr'><strong>qui</strong></span> <span class='ocrx_word' id='word_1_529' title='bbox 918 4026 982 4100; x_wconf 91' lang='lat' dir='ltr'><strong>has</strong></span> <span class='ocrx_word' id='word_1_530' title='bbox 999 4028 1180 4102; x_wconf 89' lang='lat' dir='ltr'><strong>Romanas</strong></span> <span class='ocrx_word' id='word_1_531' title='bbox 1231 4030 1348 4103; x_wconf 89' lang='lat' dir='ltr'><strong>Deum</strong></span> <span class='ocrx_word' id='word_1_532' title='bbox 1363 4045 1544 4102; x_wconf 89' lang='lat' dir='ltr'><strong>aeternnm</strong></span> <span class='ocrx_word' id='word_1_533' title='bbox 1567 4047 1702 4126; x_wconf 89' lang='lat' dir='ltr'><strong>patrem</strong></span> <span class='ocrx_word' id='word_1_534' title='bbox 1719 4033 1867 4104; x_wconf 92' lang='lat' dir='ltr'><strong>Domini</strong></span> <span class='ocrx_word' id='word_1_535' title='bbox 1889 4033 1997 4102; x_wconf 90' lang='lat' dir='ltr'><strong>nostri</strong></span> <span class='ocrx_word' id='word_1_536' title='bbox 2015 4020 2098 4102; x_wconf 83' lang='lat' dir='ltr'><strong>Iesu</strong></span> <span class='ocrx_word' id='word_1_537' title='bbox 2112 4028 2228 4103; x_wconf 86' lang='lat' dir='ltr'><strong>Chri-</strong></span> 
     </span>
     <span class='ocr_line' id='line_1_38' title="bbox 185 4127 2229 4238; baseline -0.007 -19"><span class='ocrx_word' id='word_1_538' title='bbox 185 4151 279 4238; x_wconf 87' lang='lat' dir='ltr'><strong>leges</strong></span> <span class='ocrx_word' id='word_1_539' title='bbox 306 4145 428 4236; x_wconf 89' lang='lat' dir='ltr'><strong>plenas</strong></span> <span class='ocrx_word' id='word_1_540' title='bbox 456 4161 558 4209; x_wconf 89' lang='lat' dir='ltr'><strong>verae</strong></span> <span class='ocrx_word' id='word_1_541' title='bbox 586 4134 798 4205; x_wconf 90' lang='lat' dir='ltr'><strong>eruditionis</strong></span> <span class='ocrx_word' id='word_1_542' title='bbox 820 4158 861 4202; x_wconf 84' lang='lat' dir='ltr'><strong>ex</strong></span> <span class='ocrx_word' id='word_1_543' title='bbox 892 4127 1118 4203; x_wconf 86' lang='lat' dir='ltr'><strong>bibliothecis</strong></span> <span class='ocrx_word' id='word_1_544' title='bbox 1142 4133 1180 4200; x_wconf 93' lang='lat' dir='ltr'><strong>in</strong></span> <span class='ocrx_word' id='word_1_545' title='bbox 1231 4133 1295 4218; x_wconf 90' lang='lat' dir='ltr'><strong>sti,</strong></span> <span class='ocrx_word' id='word_1_546' title='bbox 1325 4134 1545 4204; x_wconf 87' lang='lat' dir='ltr'><strong>conditorem</strong></span> <span class='ocrx_word' id='word_1_547' title='bbox 1563 4151 1597 4206; x_wconf 90' lang='lat' dir='ltr'><strong>et</strong></span> <span class='ocrx_word' id='word_1_548' title='bbox 1612 4149 1891 4206; x_wconf 89' lang='lat' dir='ltr'><strong>conservatorem</strong></span> <span class='ocrx_word' id='word_1_549' title='bbox 1909 4129 2059 4204; x_wconf 90' lang='lat' dir='ltr'><strong>humani</strong></span> <span class='ocrx_word' id='word_1_550' title='bbox 2075 4137 2229 4225; x_wconf 90' lang='lat' dir='ltr'><strong>generis,</strong></span> 
     </span>
     <span class='ocr_line' id='line_1_39' title="bbox 186 4230 2227 4337; baseline -0.008 -15"><span class='ocrx_word' id='word_1_551' title='bbox 186 4247 344 4325; x_wconf 88' lang='lat' dir='ltr'><strong>scholas,</strong></span> <span class='ocrx_word' id='word_1_552' title='bbox 377 4241 514 4312; x_wconf 91' lang='lat' dir='ltr'><strong>curiam</strong></span> <span class='ocrx_word' id='word_1_553' title='bbox 541 4252 575 4308; x_wconf 89' lang='lat' dir='ltr'><strong>et</strong></span> <span class='ocrx_word' id='word_1_554' title='bbox 605 4238 724 4337; x_wconf 87' lang='lat' dir='ltr'><strong>forum</strong></span> <span class='ocrx_word' id='word_1_555' title='bbox 747 4235 984 4326; x_wconf 88' lang='lat' dir='ltr'><strong>protulerunt.</strong></span> <span class='ocrx_word' id='word_1_556' title='bbox 1037 4232 1182 4326; x_wconf 88' lang='lat' dir='ltr'><strong>Vosque</strong></span> <span class='ocrx_word' id='word_1_557' title='bbox 1232 4230 1389 4306; x_wconf 89' lang='lat' dir='ltr'><strong>ethuius</strong></span> <span class='ocrx_word' id='word_1_558' title='bbox 1406 4237 1579 4308; x_wconf 90' lang='lat' dir='ltr'><strong>societatis</strong></span> <span class='ocrx_word' id='word_1_559' title='bbox 1596 4238 1780 4329; x_wconf 87' lang='lat' dir='ltr'><strong>copulatae</strong></span> <span class='ocrx_word' id='word_1_560' title='bbox 1797 4237 1932 4327; x_wconf 89' lang='lat' dir='ltr'><strong>legibus</strong></span> <span class='ocrx_word' id='word_1_561' title='bbox 1949 4251 1984 4307; x_wconf 90' lang='lat' dir='ltr'><strong>et</strong></span> <span class='ocrx_word' id='word_1_562' title='bbox 2001 4237 2139 4307; x_wconf 89' lang='lat' dir='ltr'><strong>iustitia</strong></span> <span class='ocrx_word' id='word_1_563' title='bbox 2162 4262 2227 4307; x_wconf 91' lang='lat' dir='ltr'><strong>oro</strong></span> 
     </span>
     <span class='ocr_line' id='line_1_40' title="bbox 186 4333 2229 4428; baseline -0.006 -7"><span class='ocrx_word' id='word_1_564' title='bbox 186 4348 367 4421; x_wconf 86' lang='lat' dir='ltr'><strong>auditores</strong></span> <span class='ocrx_word' id='word_1_565' title='bbox 389 4366 465 4410; x_wconf 89' lang='lat' dir='ltr'><strong>non</strong></span> <span class='ocrx_word' id='word_1_566' title='bbox 485 4341 601 4409; x_wconf 90' lang='lat' dir='ltr'><strong>solum</strong></span> <span class='ocrx_word' id='word_1_567' title='bbox 623 4333 813 4420; x_wconf 90' lang='lat' dir='ltr'><strong>adhortor,</strong></span> <span class='ocrx_word' id='word_1_568' title='bbox 840 4338 899 4405; x_wconf 90' lang='lat' dir='ltr'><strong>sed</strong></span> <span class='ocrx_word' id='word_1_569' title='bbox 917 4336 1021 4406; x_wconf 90' lang='lat' dir='ltr'><strong>etiam</strong></span> <span class='ocrx_word' id='word_1_570' title='bbox 1038 4349 1181 4428; x_wconf 86' lang='lat' dir='ltr'><strong>propter</strong></span> <span class='ocrx_word' id='word_1_571' title='bbox 1232 4351 1307 4409; x_wconf 91' lang='lat' dir='ltr'><strong>toto</strong></span> <span class='ocrx_word' id='word_1_572' title='bbox 1321 4351 1480 4428; x_wconf 88' lang='lat' dir='ltr'><strong>pectore,</strong></span> <span class='ocrx_word' id='word_1_573' title='bbox 1505 4354 1545 4408; x_wconf 92' lang='lat' dir='ltr'><strong>ut</strong></span> <span class='ocrx_word' id='word_1_574' title='bbox 1559 4365 1634 4409; x_wconf 89' lang='lat' dir='ltr'><strong>mea</strong></span> <span class='ocrx_word' id='word_1_575' title='bbox 1651 4352 1684 4410; x_wconf 91' lang='lat' dir='ltr'><strong>et</strong></span> <span class='ocrx_word' id='word_1_576' title='bbox 1701 4351 1817 4408; x_wconf 91' lang='lat' dir='ltr'><strong>vestra</strong></span> <span class='ocrx_word' id='word_1_577' title='bbox 1838 4340 1954 4409; x_wconf 90' lang='lat' dir='ltr'><strong>studia</strong></span> <span class='ocrx_word' id='word_1_578' title='bbox 1974 4340 2166 4427; x_wconf 89' lang='lat' dir='ltr'><strong>gubernet,</strong></span> <span class='ocrx_word' id='word_1_579' title='bbox 2194 4353 2229 4419; x_wconf 85' lang='lat' dir='ltr'><strong>et</strong></span> 
     </span>
     <span class='ocr_line' id='line_1_41' title="bbox 187 4436 2229 4535; baseline -0.007 -11"><span class='ocrx_word' id='word_1_580' title='bbox 187 4452 336 4524; x_wconf 82' lang='lat' dir='ltr'><strong>salutent</strong></span> <span class='ocrx_word' id='word_1_581' title='bbox 357 4442 495 4535; x_wconf 70' lang='lat' dir='ltr'><strong>generis</strong></span> <span class='ocrx_word' id='word_1_582' title='bbox 509 4436 660 4509; x_wconf 63' lang='lat' dir='ltr'><strong>humani</strong></span> <span class='ocrx_word' id='word_1_583' title='bbox 682 4437 858 4520; x_wconf 68' lang='lat' dir='ltr'><strong>⁰b10510r‚</strong></span> <span class='ocrx_word' id='word_1_584' title='bbox 884 4454 924 4508; x_wconf 90' lang='lat' dir='ltr'><strong>ut</strong></span> <span class='ocrx_word' id='word_1_585' title='bbox 941 4438 1101 4506; x_wconf 70' lang='lat' dir='ltr'><strong>omnium</strong></span> <span class='ocrx_word' id='word_1_586' title='bbox 1123 4439 1180 4508; x_wconf 83' lang='lat' dir='ltr'><strong>fu·</strong></span> <span class='ocrx_word' id='word_1_587' title='bbox 1235 4438 1410 4532; x_wconf 82' lang='lat' dir='ltr'><strong>perpetua</strong></span> <span class='ocrx_word' id='word_1_588' title='bbox 1432 4439 1469 4508; x_wconf 88' lang='lat' dir='ltr'><strong>iu</strong></span> <span class='ocrx_word' id='word_1_589' title='bbox 1497 4437 1553 4510; x_wconf 89' lang='lat' dir='ltr'><strong>his</strong></span> <span class='ocrx_word' id='word_1_590' title='bbox 1576 4441 1782 4531; x_wconf 90' lang='lat' dir='ltr'><strong>regionibus</strong></span> <span class='ocrx_word' id='word_1_591' title='bbox 1806 4466 1949 4534; x_wconf 91' lang='lat' dir='ltr'><strong>quoque</strong></span> <span class='ocrx_word' id='word_1_592' title='bbox 1971 4437 2168 4510; x_wconf 84' lang='lat' dir='ltr'><strong>Ecclesiam</strong></span> <span class='ocrx_word' id='word_1_593' title='bbox 2195 4453 2229 4510; x_wconf 88' lang='lat' dir='ltr'><strong>et</strong></span> 
     </span>
     <span class='ocr_line' id='line_1_42' title="bbox 187 4538 2229 4644; baseline -0.007 -17"><span class='ocrx_word' id='word_1_594' title='bbox 187 4576 297 4637; x_wconf 88' lang='lat' dir='ltr'><strong>rores,</strong></span> <span class='ocrx_word' id='word_1_595' title='bbox 314 4549 375 4644; x_wconf 92' lang='lat' dir='ltr'><strong>qui</strong></span> <span class='ocrx_word' id='word_1_596' title='bbox 392 4540 485 4614; x_wconf 90' lang='lat' dir='ltr'><strong>hanc</strong></span> <span class='ocrx_word' id='word_1_597' title='bbox 500 4551 717 4635; x_wconf 90' lang='lat' dir='ltr'><strong>praesentem</strong></span> <span class='ocrx_word' id='word_1_598' title='bbox 733 4539 820 4608; x_wconf 92' lang='lat' dir='ltr'><strong>iuris</strong></span> <span class='ocrx_word' id='word_1_599' title='bbox 835 4538 1032 4609; x_wconf 88' lang='lat' dir='ltr'><strong>doctrinam</strong></span> <span class='ocrx_word' id='word_1_600' title='bbox 1043 4539 1182 4629; x_wconf 90' lang='lat' dir='ltr'><strong>vitupe·</strong></span> <span class='ocrx_word' id='word_1_601' title='bbox 1233 4539 1399 4614; x_wconf 89' lang='lat' dir='ltr'><strong>honestas</strong></span> <span class='ocrx_word' id='word_1_602' title='bbox 1424 4543 1569 4633; x_wconf 77' lang='lat' dir='ltr'><strong>politiae</strong></span> <span class='ocrx_word' id='word_1_603' title='bbox 1591 4557 1723 4628; x_wconf 88' lang='lat' dir='ltr'><strong>servet,</strong></span> <span class='ocrx_word' id='word_1_604' title='bbox 1757 4556 1797 4614; x_wconf 91' lang='lat' dir='ltr'><strong>ut</strong></span> <span class='ocrx_word' id='word_1_605' title='bbox 1825 4567 1909 4613; x_wconf 91' lang='lat' dir='ltr'><strong>vera</strong></span> <span class='ocrx_word' id='word_1_606' title='bbox 1934 4542 2163 4613; x_wconf 87' lang='lat' dir='ltr'><strong>invocatione</strong></span> <span class='ocrx_word' id='word_1_607' title='bbox 2195 4556 2229 4613; x_wconf 85' lang='lat' dir='ltr'><strong>et</strong></span> 
     </span>
     <span class='ocr_line' id='line_1_43' title="bbox 185 4636 1661 4740; baseline -0.007 -12"><span class='ocrx_word' id='word_1_608' title='bbox 185 4669 278 4740; x_wconf 84' lang='lat' dir='ltr'><strong>rant,</strong></span> <span class='ocrx_word' id='word_1_609' title='bbox 298 4661 503 4723; x_wconf 87' lang='lat' dir='ltr'><strong>constanter</strong></span> <span class='ocrx_word' id='word_1_610' title='bbox 516 4643 733 4714; x_wconf 86' lang='lat' dir='ltr'><strong>execrandos</strong></span> <span class='ocrx_word' id='word_1_611' title='bbox 748 4665 821 4712; x_wconf 90' lang='lat' dir='ltr'><strong>esse</strong></span> <span class='ocrx_word' id='word_1_612' title='bbox 835 4640 1009 4713; x_wconf 90' lang='lat' dir='ltr'><strong>statuatis.</strong></span> <span class='ocrx_word' id='word_1_613' title='bbox 1031 4636 1180 4711; x_wconf 76' lang='lat' dir='ltr'><strong>&#39;Deinde</strong></span> <span class='ocrx_word' id='word_1_614' title='bbox 1232 4643 1436 4715; x_wconf 89' lang='lat' dir='ltr'><strong>obedientia</strong></span> <span class='ocrx_word' id='word_1_615' title='bbox 1454 4646 1661 4717; x_wconf 87' lang='lat' dir='ltr'><strong>celebretur.</strong></span> 
     </span>
     <span class='ocr_line' id='line_1_44' title="bbox 186 4741 1181 4837; baseline -0.019 -6"><span class='ocrx_word' id='word_1_616' title='bbox 186 4771 228 4830; x_wconf 88' lang='lat' dir='ltr'><strong>ut</strong></span> <span class='ocrx_word' id='word_1_617' title='bbox 244 4780 323 4825; x_wconf 89' lang='lat' dir='ltr'><strong>cum</strong></span> <span class='ocrx_word' id='word_1_618' title='bbox 338 4764 473 4824; x_wconf 89' lang='lat' dir='ltr'><strong>certum</strong></span> <span class='ocrx_word' id='word_1_619' title='bbox 489 4748 536 4820; x_wconf 88' lang='lat' dir='ltr'><strong>sit</strong></span> <span class='ocrx_word' id='word_1_620' title='bbox 556 4747 595 4816; x_wconf 91' lang='lat' dir='ltr'><strong>in</strong></span> <span class='ocrx_word' id='word_1_621' title='bbox 616 4741 673 4814; x_wconf 91' lang='lat' dir='ltr'><strong>his</strong></span> <span class='ocrx_word' id='word_1_622' title='bbox 689 4745 825 4834; x_wconf 89' lang='lat' dir='ltr'><strong>legibus</strong></span> <span class='ocrx_word' id='word_1_623' title='bbox 841 4745 1050 4837; x_wconf 89' lang='lat' dir='ltr'><strong>sapientiam</strong></span> <span class='ocrx_word' id='word_1_624' title='bbox 1072 4757 1107 4827; x_wconf 78' lang='lat' dir='ltr'><strong>et</strong></span> <span class='ocrx_word' id='word_1_625' title='bbox 1120 4767 1181 4813; x_wconf 90' lang='lat' dir='ltr'><strong>ve·</strong></span> 
     </span>
    </p>

    <p class='ocr_par' dir='ltr' id='par_1_3' title="bbox 187 4847 1305 4940">
     <span class='ocr_line' id='line_1_45' title="bbox 187 4847 1305 4940; baseline -0.012 -12"><span class='ocrx_word' id='word_1_626' title='bbox 187 4882 264 4931; x_wconf 88' lang='lat' dir='ltr'><strong>ram</strong></span> <span class='ocrx_word' id='word_1_627' title='bbox 287 4856 441 4925; x_wconf 87' lang='lat' dir='ltr'><strong>iustitiae</strong></span> <span class='ocrx_word' id='word_1_628' title='bbox 457 4855 608 4923; x_wconf 81' lang='lat' dir='ltr'><strong>formam</strong></span> <span class='ocrx_word' id='word_1_629' title='bbox 624 4847 796 4940; x_wconf 90' lang='lat' dir='ltr'><strong>proponi,</strong></span> <span class='ocrx_word' id='word_1_630' title='bbox 820 4847 1123 4938; x_wconf 84' lang='lat' dir='ltr'><strong>fontesqueratis‚</strong></span> <span class='ocrx_word' id='word_1_631' title='bbox 1148 4858 1181 4916; x_wconf 84' lang='lat' dir='ltr'><strong>et</strong></span> <span class='ocrx_word' id='word_1_632' title='bbox 1237 4855 1305 4864; x_wconf 80' lang='grc'><strong>““</strong></span> 
     </span>
    </p>

    <p class='ocr_par' dir='ltr' id='par_1_4' title="bbox 186 4950 1388 5060">
     <span class='ocr_line' id='line_1_46' title="bbox 186 4950 1388 5060; baseline -0.016 -27"><span class='ocrx_word' id='word_1_633' title='bbox 186 4985 261 5033; x_wconf 90' lang='lat' dir='ltr'><strong>non</strong></span> <span class='ocrx_word' id='word_1_634' title='bbox 285 4956 399 5026; x_wconf 89' lang='lat' dir='ltr'><strong>solum</strong></span> <span class='ocrx_word' id='word_1_635' title='bbox 421 4953 602 5024; x_wconf 88' lang='lat' dir='ltr'><strong>doctrinae</strong></span> <span class='ocrx_word' id='word_1_636' title='bbox 624 4951 808 5034; x_wconf 89' lang='lat' dir='ltr'><strong>umbram,</strong></span> <span class='ocrx_word' id='word_1_637' title='bbox 839 4952 899 5018; x_wconf 91' lang='lat' dir='ltr'><strong>sed</strong></span> <span class='ocrx_word' id='word_1_638' title='bbox 924 4972 1041 5019; x_wconf 92' lang='lat' dir='ltr'><strong>veram</strong></span> <span class='ocrx_word' id='word_1_639' title='bbox 1066 4950 1181 5018; x_wconf 91' lang='lat' dir='ltr'><strong>scien·</strong></span> <span class='ocrx_word' id='word_1_640' title='bbox 1232 4988 1298 5060; x_wconf 46' lang='lat' dir='ltr'><strong>No·</strong></span> <span class='ocrx_word' id='word_1_641' title='bbox 1317 4988 1388 5059; x_wconf 68' lang='lat'><strong>118</strong></span> 
     </span>
    </p>

    <p class='ocr_par' dir='ltr' id='par_1_5' title="bbox 186 5041 1410 5148">
     <span class='ocr_line' id='line_1_47' title="bbox 186 5041 1410 5148; baseline -0.02 -12"><span class='ocrx_word' id='word_1_642' title='bbox 186 5066 273 5136; x_wconf 87' lang='lat' dir='ltr'><strong>tiam</strong></span> <span class='ocrx_word' id='word_1_643' title='bbox 298 5055 484 5148; x_wconf 83' lang='lat' dir='ltr'><strong>expetatis,</strong></span> <span class='ocrx_word' id='word_1_644' title='bbox 515 5067 549 5124; x_wconf 88' lang='lat' dir='ltr'><strong>ct</strong></span> <span class='ocrx_word' id='word_1_645' title='bbox 573 5053 655 5144; x_wconf 87' lang='lat' dir='ltr'><strong>quia</strong></span> <span class='ocrx_word' id='word_1_646' title='bbox 672 5053 747 5143; x_wconf 89' lang='lat' dir='ltr'><strong>ipsa</strong></span> <span class='ocrx_word' id='word_1_647' title='bbox 766 5051 925 5121; x_wconf 90' lang='lat' dir='ltr'><strong>veritatis</strong></span> <span class='ocrx_word' id='word_1_648' title='bbox 941 5051 1096 5140; x_wconf 86' lang='lat' dir='ltr'><strong>cognitio</strong></span> <span class='ocrx_word' id='word_1_649' title='bbox 1117 5076 1181 5143; x_wconf 89' lang='lat' dir='ltr'><strong>per</strong></span> <span class='ocrx_word' id='word_1_650' title='bbox 1243 5041 1410 5114; x_wconf 49' lang='lat'><strong>002</strong></span> 
     </span>
    </p>

    <p class='ocr_par' dir='ltr' id='par_1_6' title="bbox 187 5152 1179 5246">
     <span class='ocr_line' id='line_1_48' title="bbox 187 5152 1179 5246; baseline -0.017 -7"><span class='ocrx_word' id='word_1_651' title='bbox 187 5189 261 5239; x_wconf 88' lang='lat' dir='ltr'><strong>sese</strong></span> <span class='ocrx_word' id='word_1_652' title='bbox 291 5163 388 5231; x_wconf 92' lang='lat' dir='ltr'><strong>bona</strong></span> <span class='ocrx_word' id='word_1_653' title='bbox 418 5167 489 5237; x_wconf 91' lang='lat' dir='ltr'><strong>est,</strong></span> <span class='ocrx_word' id='word_1_654' title='bbox 523 5153 701 5223; x_wconf 90' lang='lat' dir='ltr'><strong>etlumen</strong></span> <span class='ocrx_word' id='word_1_655' title='bbox 725 5156 840 5223; x_wconf 89' lang='lat' dir='ltr'><strong>bonae</strong></span> <span class='ocrx_word' id='word_1_656' title='bbox 861 5152 1010 5237; x_wconf 89' lang='lat' dir='ltr'><strong>mentis,</strong></span> <span class='ocrx_word' id='word_1_657' title='bbox 1039 5167 1075 5224; x_wconf 91' lang='lat' dir='ltr'><strong>et</strong></span> <span class='ocrx_word' id='word_1_658' title='bbox 1096 5153 1179 5246; x_wconf 89' lang='lat' dir='ltr'><strong>quia</strong></span> 
     </span>
    </p>
   </div>
   <div class='ocr_carea' id='block_1_3' title="bbox 2068 4994 2234 5059">
    <p class='ocr_par' dir='ltr' id='par_1_7' title="bbox 2068 4994 2234 5059">
     <span class='ocr_line' id='line_1_49' title="bbox 2068 4994 2234 5059; baseline 0.012 -3"><span class='ocrx_word' id='word_1_659' title='bbox 2068 5014 2121 5059; x_wconf 75' lang='lat' dir='ltr'><strong>nn.</strong></span> <span class='ocrx_word' id='word_1_660' title='bbox 2134 4994 2234 5058; x_wconf 71' lang='grc'><strong>1550.</strong></span> 
     </span>
    </p>
   </div>
   <div class='ocr_carea' id='block_1_4' title="bbox 2056 5085 2225 5111">
    <p class='ocr_par' dir='ltr' id='par_1_8' title="bbox 2056 5085 2225 5111">
     <span class='ocr_line' id='line_1_50' title="bbox 2056 5085 2225 5111; baseline 0 0"><span class='ocrx_word' id='word_1_661' title='bbox 2056 5085 2225 5111; x_wconf 54' lang='lat' dir='ltr'><strong><em>m</em></strong></span> 
     </span>
    </p>
   </div>
   <div class='ocr_carea' id='block_1_5' title="bbox 186 5254 1182 5553">
    <p class='ocr_par' dir='ltr' id='par_1_9' title="bbox 186 5254 1182 5553">
     <span class='ocr_line' id='line_1_51' title="bbox 186 5254 1182 5346; baseline -0.02 -3"><span class='ocrx_word' id='word_1_662' title='bbox 186 5270 282 5342; x_wconf 86' lang='lat' dir='ltr'><strong>Deus</strong></span> <span class='ocrx_word' id='word_1_663' title='bbox 305 5262 383 5335; x_wconf 86' lang='lat' dir='ltr'><strong>vult</strong></span> <span class='ocrx_word' id='word_1_664' title='bbox 407 5279 472 5327; x_wconf 88' lang='lat' dir='ltr'><strong>nos</strong></span> <span class='ocrx_word' id='word_1_665' title='bbox 491 5256 652 5324; x_wconf 83' lang='lat' dir='ltr'><strong>custodes</strong></span> <span class='ocrx_word' id='word_1_666' title='bbox 672 5277 745 5325; x_wconf 88' lang='lat' dir='ltr'><strong>esse</strong></span> <span class='ocrx_word' id='word_1_667' title='bbox 766 5254 936 5336; x_wconf 87' lang='lat' dir='ltr'><strong>iustitiae,</strong></span> <span class='ocrx_word' id='word_1_668' title='bbox 962 5254 1182 5346; x_wconf 87' lang='lat' dir='ltr'><strong>disciplinae,</strong></span> 
     </span>
     <span class='ocr_line' id='line_1_52' title="bbox 187 5355 1181 5449; baseline -0.015 -7"><span class='ocrx_word' id='word_1_669' title='bbox 187 5364 399 5441; x_wconf 88' lang='lat' dir='ltr'><strong>concordiae</strong></span> <span class='ocrx_word' id='word_1_670' title='bbox 423 5358 556 5430; x_wconf 86' lang='lat' dir='ltr'><strong>civium</strong></span> <span class='ocrx_word' id='word_1_671' title='bbox 580 5369 614 5424; x_wconf 83' lang='lat' dir='ltr'><strong>et</strong></span> <span class='ocrx_word' id='word_1_672' title='bbox 637 5355 751 5447; x_wconf 91' lang='lat' dir='ltr'><strong>pacis,</strong></span> <span class='ocrx_word' id='word_1_673' title='bbox 778 5369 812 5427; x_wconf 90' lang='lat' dir='ltr'><strong>et</strong></span> <span class='ocrx_word' id='word_1_674' title='bbox 834 5356 939 5449; x_wconf 90' lang='lat' dir='ltr'><strong>punit</strong></span> <span class='ocrx_word' id='word_1_675' title='bbox 955 5356 1130 5428; x_wconf 88' lang='lat' dir='ltr'><strong>inscitiam</strong></span> <span class='ocrx_word' id='word_1_676' title='bbox 1147 5370 1181 5427; x_wconf 88' lang='lat' dir='ltr'><strong>et</strong></span> 
     </span>
     <span class='ocr_line' id='line_1_53' title="bbox 187 5456 1180 5553; baseline -0.017 -9"><span class='ocrx_word' id='word_1_677' title='bbox 187 5469 371 5545; x_wconf 81' lang='lat' dir='ltr'><strong>audaciam</strong></span> <span class='ocrx_word' id='word_1_678' title='bbox 384 5487 528 5550; x_wconf 86' lang='lat' dir='ltr'><strong>eorum,</strong></span> <span class='ocrx_word' id='word_1_679' title='bbox 550 5456 666 5553; x_wconf 90' lang='lat' dir='ltr'><strong>quiin</strong></span> <span class='ocrx_word' id='word_1_680' title='bbox 687 5458 842 5550; x_wconf 88' lang='lat' dir='ltr'><strong>publicis</strong></span> <span class='ocrx_word' id='word_1_681' title='bbox 856 5472 917 5530; x_wconf 86' lang='lat' dir='ltr'><strong>aut</strong></span> <span class='ocrx_word' id='word_1_682' title='bbox 931 5459 1078 5553; x_wconf 84' lang='lat' dir='ltr'><strong>privatis</strong></span> <span class='ocrx_word' id='word_1_683' title='bbox 1094 5480 1180 5530; x_wconf 91' lang='lat' dir='ltr'><strong>con-</strong></span> 
     </span>
    </p>
   </div>
   <div class='ocr_carea' id='block_1_6' title="bbox 1347 5186 2108 5302">
    <p class='ocr_par' dir='ltr' id='par_1_10' title="bbox 1347 5186 2108 5302">
     <span class='ocr_line' id='line_1_54' title="bbox 1347 5186 2108 5302; baseline -0.004 -30"><span class='ocrx_word' id='word_1_684' title='bbox 1347 5187 1425 5272; x_wconf 87' lang='lat' dir='ltr'><strong>De</strong></span> <span class='ocrx_word' id='word_1_685' title='bbox 1454 5186 1723 5302; x_wconf 76' lang='lat' dir='ltr'><strong>sympathia</strong></span> <span class='ocrx_word' id='word_1_686' title='bbox 1751 5195 1798 5270; x_wconf 85' lang='lat' dir='ltr'><strong>et</strong></span> <span class='ocrx_word' id='word_1_687' title='bbox 1826 5186 2108 5297; x_wconf 76' lang='lat' dir='ltr'><strong>antipathia.</strong></span> 
     </span>
    </p>
   </div>
   <div class='ocr_carea' id='block_1_7' title="bbox 1301 5306 2237 5558">
    <p class='ocr_par' dir='ltr' id='par_1_11' title="bbox 1301 5306 2237 5558">
     <span class='ocr_line' id='line_1_55' title="bbox 1301 5306 2235 5422; baseline -0.001 -24"><span class='ocrx_word' id='word_1_688' title='bbox 1301 5344 1332 5399; x_wconf 87' lang='lat' dir='ltr'><strong>ln</strong></span> <span class='ocrx_word' id='word_1_689' title='bbox 1345 5344 1439 5400; x_wconf 84' lang='lat' dir='ltr'><strong>select.</strong></span> <span class='ocrx_word' id='word_1_690' title='bbox 1451 5343 1577 5399; x_wconf 72' lang='lat' dir='ltr'><strong>Decium.</strong></span> <span class='ocrx_word' id='word_1_691' title='bbox 1591 5344 1622 5400; x_wconf 90' lang='lat' dir='ltr'><strong>T.</strong></span> <span class='ocrx_word' id='word_1_692' title='bbox 1632 5345 1680 5402; x_wconf 90' lang='lat' dir='ltr'><strong>lV.</strong></span> <span class='ocrx_word' id='word_1_693' title='bbox 1698 5362 1726 5416; x_wconf 92' lang='lat' dir='ltr'><strong>p.</strong></span> <span class='ocrx_word' id='word_1_694' title='bbox 1738 5342 1790 5396; x_wconf 72' lang='lat'><strong>2⁰4</strong></span> <span class='ocrx_word' id='word_1_695' title='bbox 1800 5361 1879 5415; x_wconf 79' lang='lat' dir='ltr'><strong>sqq,</strong></span> <span class='ocrx_word' id='word_1_696' title='bbox 1895 5306 2013 5401; x_wconf 75' lang='lat' dir='ltr'><strong>Servest.</strong></span> <span class='ocrx_word' id='word_1_697' title='bbox 2026 5342 2057 5400; x_wconf 84' lang='lat' dir='ltr'><strong>T.</strong></span> <span class='ocrx_word' id='word_1_698' title='bbox 2066 5344 2116 5404; x_wconf 90' lang='lat' dir='ltr'><strong>lV.</strong></span> <span class='ocrx_word' id='word_1_699' title='bbox 2129 5368 2157 5422; x_wconf 73' lang='lat' dir='ltr'><strong>p,</strong></span> <span class='ocrx_word' id='word_1_700' title='bbox 2166 5352 2235 5422; x_wconf 61' lang='lat'><strong>186,</strong></span> 
     </span>
     <span class='ocr_line' id='line_1_56' title="bbox 1336 5411 2237 5558; baseline 0.009 -91"><span class='ocrx_word' id='word_1_701' title='bbox 1336 5432 1366 5558; x_wconf 64' lang='lat' dir='ltr'><strong>i:</strong></span> <span class='ocrx_word' id='word_1_702' title='bbox 1381 5413 1476 5542; x_wconf 43' lang='lat' dir='ltr'><strong>gam.</strong></span> <span class='ocrx_word' id='word_1_703' title='bbox 1494 5411 1544 5471; x_wconf 92' lang='lat' dir='ltr'><strong>lll.</strong></span> <span class='ocrx_word' id='word_1_704' title='bbox 1574 5411 1685 5472; x_wconf 70' lang='lat' dir='ltr'><strong>uetera.</strong></span> <span class='ocrx_word' id='word_1_705' title='bbox 1723 5412 1762 5468; x_wconf 84' lang='lat' dir='ltr'><strong>lit.</strong></span> <span class='ocrx_word' id='word_1_706' title='bbox 1788 5414 1865 5481; x_wconf 77' lang='lat' dir='ltr'><strong>s,4.t</strong></span> <span class='ocrx_word' id='word_1_707' title='bbox 1888 5422 1915 5467; x_wconf 84' lang='lat' dir='ltr'><strong>et</strong></span> <span class='ocrx_word' id='word_1_708' title='bbox 1944 5415 2016 5483; x_wconf 75' lang='lat' dir='ltr'><strong>apud</strong></span> <span class='ocrx_word' id='word_1_709' title='bbox 2046 5413 2185 5478; x_wconf 63' lang='lat' dir='ltr'><strong>Bistua</strong></span> <span class='ocrx_word' id='word_1_710' title='bbox 2203 5423 2237 5480; x_wconf 91' lang='grc' dir='ltr'><strong>ΙΙ.</strong></span> 
     </span>
    </p>
   </div>
   <div class='ocr_carea' id='block_1_8' title="bbox 0 0 2371 6020">
    <p class='ocr_par' dir='ltr' id='par_1_12' title="bbox 0 0 2371 6020">
     <span class='ocr_line' id='line_1_57' title="bbox 0 0 2371 6020; baseline 0 0"><span class='ocrx_word' id='word_1_711' title='bbox 0 0 2371 6020; x_wconf 95' lang='lat' dir='ltr'><strong> </strong></span> 
     </span>
    </p>
   </div>
  </div>
 </body>
</html>
