4756 6022
200 283 224 353 ι
716 277 878 353 onon.
908 277 984 370 nn
1019 278 1281 355 Anrrous
1313 279 1727 358 utnnnamnus.
1783 256 1786 261 ’
2221 292 2244 361 a

203 483 269 555 par
291 458 448 529 studium
470 455 629 538 accedat,
655 466 689 525 et
713 465 754 524 ut
772 453 812 521 in
827 475 964 524 summa
977 454 1112 538 dream
1138 477 1199 523 rex
1247 479 1323 525 rem
1354 455 1536 547 explicabo
1560 480 1634 526 non
1659 479 1784 531 vanus.
1843 455 1986 528 Poiitica
2006 451 2149 552 mythos
2167 483 2243 530 uno

204 562 366 654 luppiter
388 559 554 629 omnibus
576 556 681 628 idem.
735 552 897 625 Grandia
913 552 1108 653 hacetum,
1134 579 1200 625 nec
1248 559 1444 651 eodemque
1477 560 1632 628 iucundo
1663 559 1869 678 inyonlucro,
1904 574 1938 629 et
1968 560 2134 651 populari
2160 561 2242 654 qui-

207 654 486 762 απροσδιονυσα
498 685 531 728 e1
520 659 631 732 loco
666 656 737 728 Sed
748 652 1097 762 exporngofrontem
1111 660 1199 728 adu
1248 662 1348 738 dem,
1371 684 1503 751 pnmas
1518 662 1647 729 artium
1664 662 1830 750 origines,
1855 685 2060 755 pnmosque
2075 658 2243 731 authores

208 764 394 837 lescenttae
410 763 581 832 dicturus
633 757 817 855 Quaedam
833 748 1062 847 iucundiora
1090 785 1200 853 quae-
1248 776 1353 831 tenet
1407 760 1610 831 Mercurius
1633 762 1717 831 love
1739 776 1862 847 natus,
1889 763 1983 831 lovis
2008 787 2108 832 mens
2131 759 2242 833 habe-

207 871 288 939 dam
315 865 422 936 etiam
452 864 604 933 clariora
631 862 825 953 prioribus·
817 848 978 943 serani
967 886 1006 929 ιιι
1030 862 1199 931 medium.
1248 878 1306 932 tur
1320 886 1382 942 ns
1405 864 1468 955 qui
1487 866 1615 932 veteris
1630 860 1885 955 Philosophiae
1902 865 2006 955 penti
2022 878 2117 939 sunt
2168 865 2241 984 Ly·

206 969 283 1040 At
272 968 434 1050 rntenm
460 989 490 1034 si
479 964 593 1059 qutd
612 966 673 1058 ab·
666 955 894 1044 humamtate
912 977 1046 1048 vestra,
1071 963 1198 1055 optimi
1247 989 1323 1033 ram
1346 967 1390 1034 de
1412 967 1608 1050 testudine,
1640 990 1714 1034 non
1736 967 1822 1036 falsa
1844 967 2002 1036 mundi
1991 966 2167 1056 imagine,
2190 967 2241 1037 sic

207 1070 295 1154 viri,
328 1070 438 1160 pietas
466 1091 572 1150 mea,
581 1044 680 1145 ael-J
652 1086 707 1134 ··a
711 1064 817 1134 vobis
837 1066 1078 1135 adulescentes
1102 1089 1197 1134 nun·
1247 1067 1286 1134 in
1325 1090 1363 1134 re
1395 1091 1503 1157 parva
1531 1069 1618 1137 lusit
1647 1082 1792 1151 natura,
1838 1063 2117 1141 πολυδαίδαλον
2149 1070 2242 1154 fecit,

208 1195 315 1267 quam
329 1194 403 1239 non
422 1164 581 1265 officiosa
590 1146 757 1237 uoluntas
773 1168 920 1235 emereri
939 1181 1063 1257 potest,
1088 1190 1198 1260 quae·
1248 1164 1391 1237 chordis
1414 1170 1555 1241 ornavit
1578 1183 1726 1260 septem:
1754 1166 1820 1240 Est
1835 1171 1931 1238 enim
1947 1170 2008 1238 ille
2023 1194 2119 1239 sacer
2137 1166 2241 1240 habi-

182 1285 246 1343 'so
275 1294 376 1384 non..
378 1240 466 1344 told
484 1248 685 1387 aigumenti
712 1269 875 1352 nomine,
907 1292 1030 1352 verum
1059 1282 1093 1339 et
1120 1292 1199 1336 mea
1248 1284 1304 1340 tus
1327 1294 1507 1343 numerus.
1568 1270 1709 1363 Septem
1735 1267 1801 1340 hae
1826 1285 1911 1342 suut
1935 1285 2046 1357 artes,
2074 1286 2114 1342 ut
2138 1296 2240 1361 agam

207 1373 324 1477 ipsius
339 1353 460 1452 ddtisa,
487 1371 564 1462 pari
582 1395 661 1440 cum
681 1369 825 1441 caetens
841 1366 1058 1441 Oratoribus
1074 1371 1199 1440 vestus
1247 1367 1413 1442 historica
1444 1373 1532 1455 fide,
1579 1397 1706 1492 supera
1735 1374 1894 1443 defluxae
1923 1388 2059 1457 mente,
2110 1376 2242 1465 quibus

208 1463 336 1552 ioco
304 1498 382 1566 pan
396 1474 507 1562 gratia
521 1469 658 1546 habete
1248 1475 1363 1544 omnis
1400 1486 1547 1542 naturae
1582 1475 1727 1544 scientia
1767 1471 2089 1566 comprehenditur.
2167 1473 2240 1545 lam

187 1568 241 1620 ’·
309 1573 487 1646 Constans
514 1587 547 1643 et
576 1587 712 1644 vetusta
740 1574 835 1643 sama
862 1589 932 1657 est,
964 1588 1088 1644 natum
1113 1569 1199 1642 love
1248 1588 1281 1643 et
1321 1576 1498 1666 praesides
1538 1575 1664 1646 Musae
1706 1576 1872 1660 totidem,
1923 1600 2013 1669 quae
2056 1579 2146 1647 duae
2186 1602 2242 1645 re-

209 1678 448 1761 Mercurium,
496 1701 606 1769 quum
644 1678 688 1744 ad
712 1673 866 1770 Aegypti
890 1676 1040 1745 flumina
1065 1699 1198 1767 puera
1249 1677 1366 1769 liquae
1390 1691 1535 1769 septeno
1559 1674 1669 1747 choro
1689 1680 1746 1748 ius
1766 1678 1926 1748 omnium
1952 1679 2262 1752 sibivendicant.'

207 1775 386 1875 Nymphis
401 1780 570 1859 aleretur,
596 1791 636 1847 ut
650 1790 725 1847 erat
741 1779 880 1846 indoles
894 1778 1039 1860 festiva,
1067 1802 1128 1867 per
1141 1777 1199 1845 lu·
1247 1775 1338 1847 Ecce
1360 1776 1429 1847 Dei
1453 1803 1562 1847 mauu
1584 1781 1810 1851 fabrefactam
1832 1779 1982 1873 Lyram,
2022 1805 2100 1850 ecce
2124 1778 2241 1849 Deum

209 1906 288 1951 sum
304 1883 490 1972 iocumque
502 1881 645 1949 solitum
656 1878 1076 1971 pleraquecommentari,
1102 1879 1199 1946 Deas
1248 1902 1396 1958 munus,
1424 1875 1539 1949 Artes.
1593 1877 1688 1950 Mihi
1712 1906 1797 1951 vero
1816 1881 1886 1950 iam
1905 1884 1949 1951 de
1963 1896 2109 1952 naturae
2126 1883 2242 1951 scieu-

208 1983 353 2051 vafricie
375 1983 516 2065 fallere,
541 2005 652 2050 novas
676 1996 784 2064 artes,
808 2004 900 2049 nova
916 2004 1021 2071 opera
1037 1980 1197 2047 miranda
1247 1981 1314 2064 tia,
1338 2003 1412 2047 non
1438 1977 1627 2050 Daemonii
1652 2008 1736 2052 voce
1760 2005 1817 2051 res
1839 1999 1908 2068 est,
1932 1998 2088 2075 putoque
2109 1985 2241 2054 nostris

112 2128 114 2132 -
209 2085 360 2177 posteris
376 2085 550 2172 effingere.
591 2079 732 2151 Eximio
746 2097 808 2167 est,
830 2105 920 2174 quae
935 2082 1098 2171 gentibus
1114 2082 1198 2149 inde
1247 2081 1401 2171 ingeniis
1423 2084 1587 2174 propria,
1619 2086 1768 2155 rationis
1792 2108 1858 2154 usu
1880 2086 2065 2174 contingit.
2114 2082 2167 2154 Ea
2190 2099 2242 2154 est

209 2188 347 2279 aliquot
368 2186 462 2255 inter
479 2208 576 2255 sacra
591 2185 660 2254 fuit
673 2183 786 2279 Lyra,
811 2185 849 2252 id
866 2185 961 2252 enim
981 2183 1112 2252 fabulis
1127 2183 1196 2251 cal·
1248 2184 1287 2252 io
1316 2183 1478 2253 oratione
1504 2186 1651 2274 partim,
1693 2186 1883 2277 partimin
1909 2187 2027 2258 rebus.
2085 2185 2241 2256 Scientia

208 2288 284 2357 lido
311 2312 443 2357 nomen
470 2288 616 2356 invento
648 2286 821 2376 proditur.
879 2284 1023 2354 Factam
1053 2285 1198 2353 aiunte
1248 2309 1366 2354 rerum
1379 2285 1490 2377 prior,
1516 2289 1574 2355 sed
1591 2309 1656 2355 nos
1671 2286 1807 2377 vulgari
1822 2310 1921 2355 more
1935 2287 2102 2356 dicemus.
2138 2286 2241 2376 Quae

210 2386 344 2460 concha
360 2413 467 2483 quam
482 2391 575 2460 forte
587 2387 733 2458 fortuna
746 2387 818 2455 iam
831 2388 872 2455 in
885 2386 977 2455 sicco
992 2386 1199 2456 destituerat
1247 2388 1292 2456 ad
1323 2411 1523 2456 sermonem
1554 2402 1731 2479 spectant,
1787 2388 2013 2477 ingeniorum
2046 2390 2241 2479 puerilium

173 2506 175 2511 “
207 2489 313 2562 Nilus
344 2491 383 2558 in
412 2490 774 2579 alveumregressus:
809 2487 1042 2558 Testudinem
1070 2499 1199 2557 vocant
1247 2490 1432 2558 exercendi
1461 2485 1640 2559 habentur
1667 2490 1780 2560 initia.
1843 2487 2085 2559 Grammatica
2112 2493 2241 2582 prima,

209 2592 345 2662 notiori
380 2592 566 2662 vocabulo.
638 2590 820 2660 Festivom
856 2591 1012 2681 profecto
1051 2603 1199 2660 naturae
1247 2591 1304 2660 cui
1330 2591 1501 2683 quoniam
1527 2592 1697 2662 elementa
1714 2593 1903 2662 literarum
1925 2593 2113 2673 debemus,
2138 2593 2239 2662 nulla

211 2716 311 2786 opus.
383 2689 590 2812 Oblongula
620 2703 691 2772 est,
731 2704 772 2762 ut
799 2691 936 2785 reliqua
968 2706 1120 2774 taceam,
1165 2702 1199 2759 et
1248 2716 1289 2760 ex
1316 2705 1416 2782 parte
1445 2716 1520 2760 non
1550 2708 1601 2764 est
1626 2694 1838 2765 necessaria:
1883 2694 1970 2786 quid
1994 2695 2090 2761 enim
2114 2696 2241 2764 attinet

209 2795 322 2886 capite
355 2795 458 2888 quasi
492 2795 530 2862 in
558 2794 680 2863 orbem
709 2793 869 2878 sinuato,
907 2794 1021 2862 acob
1049 2793 1086 2860 id
1117 2806 1197 2883 apta
1247 2792 1414 2881 longius
1403 2817 1584 2862 immorari
1602 2784 1716 2885 palam
1733 2819 1916 2864 concessae
1935 2795 2004 2877 rei,
2028 2820 2133 2888 quam
2149 2796 2238 2866 unte

207 2896 374 2966 manibus
387 2892 565 2965 hahendo
605 2893 713 2983 Quod
728 2919 809 2965 cum
824 2919 863 2962 m
875 2918 955 2985 ripa
968 2895 1095 2964 ludens
1110 2918 1199 2985 puer
1247 2895 1457 2963 mortalibus
1475 2911 1671 2986 repertum,
1696 2898 1831 2981 literae,
1857 2894 2033 2990 ἄσβεστοι
2049 2899 2240 2968 memoriae

209 2999 446 3083 observasset,
481 2998 605 3069 utilem
636 3008 731 3067 ratus
762 2998 888 3067 ostraci
918 2998 1085 3086 figuram,
1123 2995 1198 3064 adit
1247 2997 1426 3078 custodes,
1453 2997 1635 3087 popularis
1657 3000 1799 3089 regulae
1822 3001 2012 3084 sermonis,
2039 3013 2079 3067 ut
2100 3001 2238 3069 mittam

208 3099 375 3191 propius,
408 3098 545 3168 aridam
566 3099 697 3184 caedit,
724 3112 825 3168 sonat
848 3123 887 3167 ea
910 3110 946 3167 et
967 3092 1086 3167 nes'cio
1110 3097 1196 3190 quid
1247 3110 1393 3167 caetera.
1452 3095 1548 3167 Huic
1571 3101 1705 3169 accedit
1729 3102 1888 3190 proxima
1916 3101 2122 3183 Dialectica,
2153 3103 2240 3171 sub-

209 3201 397 3286 blandius‚
422 3201 541 3271 statim
562 3198 660 3272 Deus
682 3200 808 3291 arripit
829 3200 1081 3279 laetabundus,
1107 3201 1197 3269 bene
1247 3200 1321 3268 tilis
1344 3200 1541 3269 disserendi
1565 3200 1672 3283 ratio,
1700 3223 1783 3268 nam
1807 3201 1845 3268 id
1860 3202 1996 3270 indicat
2011 3227 2142 3272 nomen
2159 3203 2241 3271 lite-

209 3298 379 3395 pulchrae
400 3302 453 3370 rei
475 3325 638 3394 sperans,
661 3303 790 3393 pellem
805 3325 915 3370 nervo
933 3302 1058 3370 culmis
1074 3301 1199 3388 infigit,
1247 3314 1389 3371 raturae
1404 3323 1531 3380 comes
1558 3302 1739 3389 complexa
1756 3300 1926 3418 quicquid
1944 3296 2010 3370 hoc
2023 3328 2141 3388 omne
2167 3329 2238 3397 quo

210 3399 361 3473 chordas
385 3404 536 3474 adstruit
558 3416 711 3496 septem,
736 3404 892 3474 intendit
913 3398 1034 3497 chely,
1059 3403 1198 3491 experi·
1247 3427 1284 3472 se
1306 3403 1426 3496 aliqua
1449 3403 1503 3471 vis
1525 3402 1662 3470 effert'
1652 3403 1803 3491 ingenii:
1831 3427 1870 3470 ac
1893 3426 1922 3469 st
1913 3401 2023 3471 licet
2042 3398 2108 3471 hoc
2126 3409 2239 3474 auda

135 3496 139 3507 ’
209 3519 269 3576 tur
281 3518 387 3575 cantu
404 3529 576 3595 organon
601 3501 831 3601 αὐτοσχεδίῳ
847 3506 1007 3584 ιιιίιιιιιιι,
1034 3504 1198 3597 interque
1248 3506 1323 3574 cius
1346 3505 1471 3595 paulo,
1495 3505 1570 3573 sola
1591 3499 1682 3572 mihi
1706 3486 1868 3572 omnium
1890 3516 2003 3572 mater
2026 3505 2156 3573 artium
2172 3501 2239 3575 ha-

210 3629 336 3676 manus
356 3619 390 3677 et
411 3603 557 3678 brachia
582 3620 714 3690 versat,
739 3606 954 3700 placetque
944 3631 1015 3674 ram
1037 3629 1112 3674 non
1133 3629 1197 3675 au-
1248 3607 1325 3676 beri
1356 3629 1458 3697 posse
1485 3607 1641 3675 videtur:
1684 3604 1841 3674 Tantum
1877 3605 1992 3688 abest,
2021 3619 2062 3676 ut
2089 3606 2238 3695 dignum

208 3709 279 3779 tori
296 3721 453 3794 tantum,
477 3709 564 3778 sed
552 3731 637 3799 rps1s
654 3706 758 3779 etiam
774 3705 852 3776 Dus
868 3709 1081 3777 nutricibus:
1106 3704 1198 3776 Coe·
1247 3710 1353 3779 docto
1385 3729 1523 3799 speres,
1558 3720 1600 3777 ut
1630 3722 1750 3798 pectus
1782 3709 1826 3775 ad
1852 3708 2060 3796 sapientiam
2086 3708 2239 3779 formare
2289 3760 2294 3773 .

208 3810 261 3901 pit
283 3833 355 3879 esse
376 3811 560 3881 laudatum
577 3822 611 3879 et
628 3809 765 3880 selectis
781 3809 1006 3879 numinibus:
1032 3807 1198 3879 Donatur
1247 3809 1374 3904 quovis
1397 3811 1504 3878 modo
1531 3832 1656 3902 queas,
1690 3811 1719 3878 si
1744 3809 1966 3879 Dialecticon
1989 3810 2151 3899 politias,
2177 3836 2240 3878 va-

209 3909 382 4002 Apollini.
433 3911 505 3982 Nec
527 3913 634 4000 longo
657 3927 736 4003 post
759 3926 916 4003 tempore
931 3907 1097 3981 Phoebus
1111 3935 1197 4003 ope
1247 3911 1391 3980 nissime
1413 3911 1595 3994 omnium,
1617 3912 1777 4005 quisquis
1797 3934 1833 3979 es
1849 3912 2113 4001 contempseris
2163 3910 2239 3982 Ne·

209 4007 626 4082 ramnavanshommum
638 4016 780 4099 gratiae
802 4008 1195 4106 chelyndeditOrpheo
1246 4037 1315 4107 que
1346 4014 1442 4081 enim
1473 4013 1534 4081 ille
1565 4016 1735 4082 mercium
1770 4025 1869 4101 pater
1899 4007 2067 4082 Oceanus
2099 4027 2238 4083 tantum

209 4113 361 4184 muneri.
412 4110 497 4180 Fuit
517 4104 768 4206 ἑπταχορθος,
795 4110 955 4182 Homero
977 4140 1017 4183 ac
1039 4113 1195 4183 Pindaro
1246 4140 1376 4208 opum,
1400 4129 1537 4186 tantum
1555 4114 1761 4183 divitiarum
1781 4114 1860 4182 orbi
1878 4109 2045 4184 conveh1t
2059 4138 2238 4199 universo

208 4215 346 4303 magnis
374 4213 541 4298 testibus,
572 4215 657 4282 dum
682 4208 850 4304 Orpheus
874 4211 1053 4306 Calliopae
1077 4217 1194 4284 studio
1246 4231 1419 4309 quantum
1435 4216 1564 4283 artium
1581 4237 1652 4283 una
1667 4215 1909 4309 cyclopedtae
1935 4212 2138 4288 Dialectica,
2188 4212 2237 4286 Et

208 4318 253 4386 de
288 4314 474 4384 Musarum
508 4338 658 4384 numero
692 4317 780 4385 duas
809 4315 977 4385 adiiceret
1004 4316 1195 4393 resticulas.
1246 4319 1454 4407 attingerem
1479 4339 1520 4384 ex
1543 4314 1588 4382 iis
1610 4316 1765 4409 aliquot,
1792 4317 1830 4384 ni
1857 4317 1985 4406 passim
2012 4317 2049 4384 id
2067 4331 2237 4387 sonarent

207 4415 294 4486 Post
309 4411 450 4509 Orphei
472 4416 561 4498 sata,
585 4416 687 4485 aiunt
707 4416 768 4484 alii
786 4418 831 4484 ad
846 4414 1033 4485 Musaeum
1050 4430 1195 4506 gnatum
1244 4416 1401 4489 scholae:
1427 4430 1464 4487 at
1485 4417 1517 4484 si
1539 4416 1648 4485 vultis
1667 4430 1804 4501 tamen,
1830 4419 2012 4486 ostendam
2031 4419 2113 4486 usui
2126 4419 2234 4488 fuisse

208 4521 363 4604 venisse,
387 4518 450 4586 alii
472 4517 651 4587 fatidicam
671 4518 710 4586 in
724 4516 867 4588 Lesbon
890 4519 1065 4602 delatam,
1090 4534 1195 4612 atque
1244 4522 1301 4590 vel
1317 4519 1464 4590 summis
1479 4518 1641 4606 ingeniis.
1697 4517 1762 4587 Vir
1776 4520 1886 4587 animi
1898 4542 2001 4606 sagax
2015 4516 2236 4606 Aristoteles,

208 4621 332 4704 indea
355 4619 565 4711 Terpandro
586 4618 624 4686 in
647 4613 845 4714 Aegyptum
869 4619 1037 4711 patriam,
1068 4623 1196 4708 gratis-
1244 4634 1284 4690 ut
1300 4617 1396 4690 hunc
1412 4621 1606 4703 nominem,
1632 4621 1670 4688 in
1683 4646 1788 4714 quem
1805 4620 1926 4711 opinio
1944 4614 2132 4690 hominum
2148 4645 2237 4691 con-

209 4723 296 4791 sima
324 4745 488 4803 munera,
526 4721 732 4791 divinorum
762 4724 911 4792 consciis
943 4722 1195 4795 sacerdotibus.
1244 4722 1400 4791 sentiens
1428 4721 1552 4790 multis
1580 4722 1649 4789 iam
1678 4724 1805 4791 seculis
1836 4721 2070 4812 conspiravit,
2104 4747 2236 4815 quaeso

209 4822 265 4894 lbi
280 4847 351 4892 esse
368 4824 483 4913 coepit
498 4818 658 4917 Aegypto
676 4846 788 4903 sacra,
816 4849 921 4917 quam
938 4825 1126 4918 pleraeque
1140 4849 1195 4893 se·
1244 4825 1333 4917 quid
1353 4836 1506 4915 praestat
1527 4823 1661 4916 ubique
1678 4825 1733 4892 vel
1750 4824 1866 4914 aptius
1885 4825 1941 4892 vel
1957 4825 2131 4894 eruditius
2146 4822 2237 4894 Dia-

208 4938 309 4995 cutae
331 4926 512 5010 nationes,
546 4925 669 4994 itidem
690 4925 833 4996 coluere
855 4925 1028 4998 Mercurii
1054 4921 1194 5019 chelyn.
1244 4926 1393 4995 lectica?
1427 4936 1610 5019 potestque
1626 4926 1696 4994 ‘illa
1718 4925 1818 5018 quasi
1837 4921 2010 5016 Delphico
2031 4926 2168 5015 gladio,
2192 4941 2236 4998 ut

207 5026 347 5097 Nomen
369 5027 452 5095 inde
478 5028 607 5099 factum
630 5027 769 5120 syderi,
793 5027 906 5122 Lyra,
932 5054 1002 5121 quo
1020 5051 1075 5096 res
1091 5029 1195 5098 aetati
1243 5028 1404 5097 omnium
1435 5050 1536 5096 sensa
1560 5050 1746 5120 nunquam
1770 5051 1844 5096 non
1865 5027 2085 5117 penitissime
2108 5029 2235 5098 confo-

206 5143 366 5220 posterae
377 5129 468 5199 foret
483 5128 663 5218 augustior
714 5127 811 5199 Haec
826 5143 878 5200 est
890 5129 1005 5224 Lyrae
1019 5129 1193 5199 celebrata
1244 5129 1329 5198 diat.
1381 5127 1541 5211 Invenit,
1568 5128 1746 5218 disponit,
1771 5126 1981 5199 Dialecticae
2007 5129 2131 5213 dehet,
2155 5130 2233 5220 ipsa

205 5230 374 5322 nobilitas
389 5243 441 5300 tot
455 5231 635 5321 gentihus,
659 5243 712 5300 tot
727 5233 860 5304 liberis.
912 5229 1093 5319 Quorsum
1109 5254 1193 5300 vero
1243 5231 1456 5324 enimquid
1479 5254 1639 5322 quaeque
1660 5254 1736 5314 res,
1769 5231 1854 5323 quid
1878 5231 2007 5322 cuique
2029 5224 2234 5316 cohaerens,

206 5327 317 5402 haec?
350 5332 436 5426 quid
459 5334 503 5401 de
524 5356 597 5404 una
619 5330 687 5402 sibi
712 5346 846 5404 tantum
863 5332 955 5426 Lyra
971 5331 1085 5421 placet
1099 5333 1195 5401 anti·
1243 5345 1371 5423 atquo
1396 5332 1539 5414 ordine,
1572 5325 1809 5420 pulcherrime
1833 5331 2009 5401 distinctis
2030 5333 2099 5401 filis
2120 5346 2233 5406 notat.

206 5435 345 5525 quitas?
376 5432 516 5524 Quaeso
529 5428 620 5505 mihi
634 5435 814 5527 paulisper
827 5457 946 5504 aurem
964 5434 1194 5519 commodate,
1244 5430 1320 5502 lam
1342 5431 1592 5503 si‘Platonicos
1608 5428 1679 5503 huc
1695 5435 1807 5506 accire
1822 5436 1944 5518 datur,
1969 5446 2124 5526 quantus
2138 5435 2234 5506 inter
