4732 6030
148 280 225 358 629
633 272 793 348 DECL.
846 271 920 348 DE
955 268 1358 347 IMPERATORE
1392 265 1640 340 OTTONE
1675 269 1703 341 l.
2114 268 2189 344 530

151 471 377 544 nequaquam
394 442 480 515 haec
492 442 656 517 Romana
672 459 706 515 et
728 447 909 515 barbarica
930 445 1081 516 servitus
1105 445 1144 513 in
1166 444 1171 539 l
1196 441 1373 530 imperiis,
1401 464 1480 507 cum
1503 440 1600 508 nulla
1619 440 1656 506 in
1674 464 1712 508 re
1729 440 1807 529 plus
1827 442 1937 530 possit
1958 465 2030 511 esse
2045 443 2187 514 virtutis

147 550 304 623 Ecclesia
322 550 503 618 toleranda
520 561 619 631 esset,
643 573 732 641 quae
748 563 840 618 vetat
856 549 1008 617 discerni
1026 570 1143 616 veram
1166 552 1168 617 l
1193 558 1228 611 et
1253 542 1406 629 gloriae,
1445 566 1550 634 quarn
1579 553 1627 608 est
1664 541 1703 607 in
1730 544 1889 609 ornanda
1916 557 1950 611 et
1977 545 2186 615 illustranda

150 653 349 725 doctrinam
384 652 429 719 ab
462 650 681 733 adulterina,
713 675 800 742 quae
834 651 987 720 nefarios
1015 651 1143 717 abusus
1166 634 1170 683 t
1192 640 1326 715 Christi
1341 642 1511 715 Ecclesia.
1564 643 1806 712 Lucereenim
1831 666 1870 711 ea
1887 645 1924 709 in
1949 668 1985 711 re
2006 646 2187 717 fortitudi-

123 753 351 835 confirmat,
384 775 474 844 quae
502 774 639 819 summa
666 753 857 822 acerbitate
887 751 1141 842 suppliciorum
1191 770 1271 814 nem
1300 759 1333 815 et
1361 745 1645 834 magnitudinem
1669 742 1780 813 animi
1805 744 2012 836 Principum
2036 749 2185 819 omnino

51 916 55 922 .
148 856 308 926 defendit
342 853 601 939 invocationem
635 867 856 939 sanctorum,
888 848 1141 944 prophanatio·
1190 852 1329 916 necess‘e
1351 863 1420 930 est,
1448 848 1542 940 quod
1566 849 1643 916 sine
1665 846 1828 914 maximis
1850 847 2016 937 periculis
2039 861 2076 916 et
2104 852 2185 940 plu-

145 983 226 1028 nem
250 979 377 1026 coenae
397 953 613 1038 dominicae,
645 956 923 1024 nundinationes
944 958 1142 1037 missarum,
1190 950 1360 1019 rimorum
1377 951 1470 1018 odiis
1487 963 1644 1038 receptae
1659 949 1848 1037 religiones
1862 949 1963 1017 nullo
1978 951 2085 1017 modo
2104 976 2185 1022 mu-

145 1059 307 1151 impuros
330 1056 522 1126 coelibatus
548 1069 582 1125 et
604 1057 769 1148 pleraque
791 1058 860 1126 alia
875 1058 1004 1126 scelera
1022 1056 1141 1146 ponti·
1188 1065 1320 1124 tentur.
1381 1050 1449 1121 Sed
1478 1051 1564 1145 quid
1592 1052 1718 1123 attinet
1743 1054 1787 1119 de
1814 1045 1880 1119 hac
1906 1074 1944 1119 re
1972 1073 2184 1144 magnopere

144 1162 270 1242 ficum,
295 1159 426 1250 quibus
441 1181 476 1225 se
493 1157 669 1248 principes
684 1159 798 1228 nostri
814 1171 996 1249 tantopere
1011 1161 1140 1228 adinn-
1188 1155 1414 1236 contendere,
1440 1178 1546 1245 quam
1564 1177 1667 1222 nemo
1686 1166 1801 1242 negat,
1827 1153 1896 1221 nisi
1914 1153 1993 1245 quis
2007 1151 2184 1225 Constan-

145 1274 235 1351 gunt
251 1255 318 1329 hoc
332 1275 508 1348 tempore,
534 1275 573 1327 ut
589 1263 779 1341 sententias
795 1275 829 1329 et
844 1262 1001 1349 linguam
1019 1261 1061 1328 iis
1076 1262 1140 1328 ad·
1188 1255 1317 1338 tinum,
1343 1254 1527 1339 Davidem,
1553 1253 1793 1339 Salomonem,
1815 1249 2017 1339 Ezechiam,
2043 1254 2183 1340 lusiam,

144 1365 261 1432 dicere
284 1385 357 1430 non
383 1373 586 1444 vereantur,
612 1362 739 1441 nescii,
766 1366 861 1453 quod
893 1362 1135 1452 turpissimum
1187 1357 1310 1426 fecerit
1331 1359 1495 1446 ignavos,
1525 1360 1621 1448 quod
1642 1357 1811 1425 acerrime
1837 1357 2097 1450 fortissimeque
2116 1383 2180 1449 pro

145 1464 213 1532 sibi
237 1464 302 1542 sit,
333 1475 430 1531 tanto
457 1462 626 1530 assentari
645 1464 899 1553 depeculatori,
934 1465 997 1557 qui
1018 1463 1138 1531 etsiin
1186 1456 1343 1527 Ecclesia
1360 1459 1614 1548 pugnaverint,
1639 1481 1729 1551 quos
1743 1481 1813 1527 una
1831 1481 1910 1526 cum
1930 1455 2180 1531 Ottonevete·

144 1564 380 1655 possessiones
397 1563 555 1653 ipsorum
571 1579 691 1653 aperta
713 1565 748 1632 vi
767 1589 839 1633 non
857 1566 993 1646 veniat,
1020 1580 1138 1635 tamen
1185 1560 1285 1629 ribus
1316 1561 1421 1630 etiam
1447 1559 1620 1633 Romanis
1647 1561 1753 1649 longe
1781 1559 1901 1628 iudico
1932 1563 2179 1649 praeferendos

143 1667 330 1736 fraudibus
353 1665 551 1734 innumeris
567 1688 714 1735 suorum
732 1668 997 1738 coniuratorum
1014 1667 1065 1737 ita
1081 1689 1137 1735 re-
1187 1685 1277 1744 esse,
1305 1665 1365 1754 qui
1392 1675 1475 1731 sunt
1499 1660 1663 1745 Camilli,
1689 1660 1807 1745 Decii,
1833 1659 2037 1752 Scipiones,
2064 1663 2178 1734 Fabii.

145 1768 234 1838 tinet
254 1790 313 1836 eos
335 1767 612 1851 circumventos,
645 1781 686 1838 ut
711 1783 745 1837 et
768 1770 988 1860 principibus
1012 1791 1136 1859 parum
1186 1759 1263 1832 Etsi
1280 1765 1373 1831 enirn
1388 1762 1487 1833 Decii
1505 1777 1619 1833 morte
1636 1784 1697 1832 sua
1714 1787 1833 1856 pacem
1851 1760 2007 1831 Deorum
2032 1765 2178 1837 immor-

143 1869 273 1961 reliqui
299 1867 361 1953 sit,
387 1869 418 1937 si
440 1868 593 1938 subditis
614 1868 830 1958 stipendium
858 1871 1075 1939 remiserint:
1103 1882 1138 1937 et
1184 1865 1308 1933 talium
1332 1866 1505 1933 redimere
1527 1888 1599 1934 non
1621 1865 1880 1946 dubitaverint,
1905 1863 2076 1936 Camillus
2094 1892 2177 1937 vero

143 1971 295 2040 subditis
318 1970 418 2040 domi
439 1968 511 2036 fere
534 1965 627 2037 nihil
650 1971 714 2051 sit,
741 1995 811 2062 quo
837 1970 985 2040 tolerare
1007 1972 1136 2039 samem
1184 1979 1281 2034 tanta
1300 1966 1429 2035 virtute
1446 1990 1511 2056 pro
1525 1968 1637 2037 salute
1652 1967 1785 2057 patriae
1801 1965 2040 2051 dimicaverit,
2066 1985 2105 2040 ut
2122 1993 2177 2038 se-

143 2072 296 2162 possint,
336 2071 366 2138 si
387 2071 632 2160 dependerint·
684 2068 788 2140 Unde
812 2073 982 2164 consequi
1008 2072 1137 2140 deinde
1183 2064 1929 2158 cundusRomaeconditorsitappellatus:
1956 2083 2073 2138 tamen
2092 2070 2177 2142 illu-

143 2172 319 2262 0p0rtuit,
345 2173 441 2263 quod
458 2173 625 2240 omnibus
642 2186 801 2263 apertum
818 2187 886 2256 est,
912 2188 970 2257 ut,
996 2187 1135 2265 postea·
1184 2169 1347 2238 atriorem
1371 2170 1517 2262 reliquit
1531 2171 1576 2239 de
1599 2194 1637 2240 se
1653 2170 1814 2254 virtutis,
1839 2183 1873 2239 et
1890 2170 2037 2239 bellicae
2061 2172 2176 2243 laudis

143 2296 249 2365 quam
266 2295 380 2361 reges,
407 2273 595 2369 principes,
620 2273 712 2341 cives
732 2275 878 2364 pecunia
896 2276 943 2343 ita
960 2275 1136 2366 despolia-
1182 2269 1409 2362 opinionem,
1438 2267 1548 2356 Otto,
1575 2274 1671 2366 quod
1696 2297 1769 2339 non
1786 2285 1923 2342 tantum
1949 2275 2116 2364 patriam,
2141 2287 2176 2345 et

142 2374 233 2443 verit
258 2368 343 2442 haec
363 2370 528 2444 Romana
553 2373 677 2457 factio,
703 2397 841 2444 necesse
864 2376 909 2447 sit
932 2376 1014 2446 illos
1031 2377 1134 2444 vicis·
1181 2369 1387 2442 Romanum
1417 2373 1626 2463 imperium,
1665 2376 1724 2443 sed
1754 2369 1947 2442 Ecclesiam
1978 2389 2014 2444 et
2041 2369 2176 2446 Christi

143 2477 220 2558 sim,
246 2475 319 2544 sive
336 2475 486 2566 pessimo
507 2466 666 2566 exemplo
688 2475 821 2561 induci,
848 2477 920 2547 sive
932 2478 1135 2548 necessitate
1182 2474 1332 2562 gloriam
1349 2473 1476 2543 acriter
1492 2475 1780 2566 propugnaverit,
1807 2499 1872 2544 nec
1887 2478 2037 2545 eundem
2054 2501 2173 2546 casum

143 2577 219 2665 cogi
236 2577 332 2666 (licet
345 2599 420 2644 non
435 2576 479 2644 sit
493 2599 576 2645 vera
594 2574 801 2674 necessitas)
818 2581 860 2648 ad
878 2580 1067 2650 auferenda
1085 2604 1135 2665 ea,
1181 2576 1290 2654 ferre,
1323 2591 1384 2647 aut
1409 2600 1473 2664 pro
1496 2572 1653 2645 Ecclesia
1677 2577 1766 2646 mori
1786 2592 1997 2662 recusasset,
2031 2577 2173 2671 siquid

143 2692 326 2771 quaesunt
343 2674 532 2771 Ecclesiae.
1180 2700 1244 2767 per
1259 2676 1331 2744 vim
1352 2678 1544 2748 accidisset.
1599 2676 1868 2749 Decertantibus
1884 2678 1977 2758 enim
2002 2702 2068 2769 pro
2088 2681 2174 2749 reli-

243 2778 380 2858 Taceo,
413 2781 510 2871 quod
542 2803 765 2872 nequaquam
793 2782 898 2851 etiam
929 2783 998 2852 iarn
1031 2784 1134 2852 annis
1180 2779 1284 2867 gione
1300 2802 1374 2847 non
1389 2804 1469 2848 cum
1485 2795 1620 2850 armato
1637 2776 1737 2849 hoste
1753 2792 1903 2864 tanturn,
1921 2783 1980 2848 sed
1996 2805 2076 2850 com
2092 2806 2173 2874 per-

143 2880 282 2950 circiter
303 2880 474 2950 sexcentis
497 2874 583 2947 haec
598 2877 761 2948 Romana
787 2884 949 2974 tyrannis
965 2886 1056 2952 bella
1075 2886 1133 2952 in·
1181 2881 1295 2971 petuis
1323 2882 1602 2951 devastatoribus
1627 2879 1803 2952 Ecclesiae
1833 2878 1997 2951 Diabolis
2024 2906 2080 2952 res
2107 2898 2172 2970 est,

141 2983 278 3053 tulisset
297 2981 428 3073 pacatis
451 2978 608 3067 populis:
643 2993 677 3048 et
700 2981 793 3048 inter
818 2982 977 3052 civitates
993 2982 1135 3053 Princi-
1181 3006 1332 3074 quorum
1359 2983 1494 3052 viribus
1508 3007 1610 3074 pares
1624 2997 1715 3053 certe
1735 2983 1827 3052 nulli
1845 2980 2076 3075 Imperatores
2096 2986 2171 3054 sine

141 3106 271 3175 pesque
286 3080 481 3149 discordias
494 3078 669 3164 saevisset,
694 3104 809 3174 neque
824 3076 891 3150 hoc
907 3098 1029 3154 nostro
1044 3100 1134 3154 tem·
1179 3084 1303 3151 divino
1322 3082 1455 3151 auxilio
1471 3108 1545 3153 esse
1562 3109 1719 3178 unquam
1739 3098 1944 3175 potuerunt.
1994 3083 2172 3159 Ecclesiae

141 3207 227 3272 pore
251 3181 385 3273 ubique
407 3193 590 3269 tantopere
614 3183 778 3252 arderent
799 3182 901 3274 impii
926 3198 960 3255 et
975 3185 1134 3255 scelerati
1179 3185 1283 3253 etiam
1299 3184 1470 3256 autoritas
1492 3188 1657 3275 anteferri
1673 3187 1832 3256 omnium
1855 3187 1990 3275 patriae
2007 3211 2047 3256 eo
2064 3190 2173 3258 debe-

141 3282 324 3371 Principes
340 3281 379 3348 iu
398 3281 545 3352 delenda
567 3281 730 3351 funditus
748 3279 959 3376 Germania,
987 3296 1133 3379 propter
1180 3287 1254 3365 bit,
1277 3288 1391 3379 quod,
1419 3311 1499 3356 cum
1517 3283 1678 3358 Christus
1693 3301 1728 3358 et
1743 3281 1901 3355 Ecclesia
1915 3312 2027 3359 unum
2044 3313 2171 3382 corpus

139 3380 374 3471 Evangelium
389 3377 540 3464 Christi,
566 3383 595 3449 si
616 3377 764 3453 Ottonis
782 3382 1009 3473 Imperatoris
1031 3396 1133 3460 aulo·
1179 3388 1268 3471 sint,
1294 3389 1460 3459 omnibus
1474 3389 1899 3481 studium‘propugnandi
1919 3385 2110 3460 Ecclesiam
2131 3392 2170 3460 in

139 3487 225 3554 ritas
247 3485 388 3556 valeret.
441 3479 530 3553 Otto
555 3497 665 3569 certe,
700 3489 796 3580 quod
818 3488 888 3557 rivi
904 3491 1016 3560 amari
1036 3501 1133 3574 sunt,
1178 3489 1297 3579 priore
1328 3490 1515 3561 tabula.sit
1539 3494 1762 3561 mandatum:
1794 3490 1928 3579 patriae
1949 3493 2169 3563 verodefen·

139 3587 274 3656 fontem
298 3585 485 3659 iudicasset
508 3584 763 3657 obstruendum
789 3611 879 3668 esse,
916 3593 1013 3683 quod
1041 3594 1132 3660 rami
1178 3592 1231 3658 sio
1248 3615 1369 3659 eorum
1387 3615 1536 3660 numero
1559 3587 1748 3674 habeatur,
1774 3616 1862 3684 qnae
1886 3593 2091 3682 posterioris
2117 3608 2169 3664 ta·

140 3702 223 3759 sunt
237 3686 431 3771 immundi,
446 3711 464 3755 e
482 3686 598 3754 radice
613 3686 841 3758 intellexisset
854 3689 982 3760 vitium
1001 3693 1133 3776 venire,
1178 3692 1283 3759 hulae
1306 3714 1379 3760 esse
1405 3692 1584 3784 dicuntur.
1645 3692 1776 3762 Merito
1799 3693 1917 3784 itaque
1937 3696 2030 3783 apud
2060 3691 2168 3766 Otto·

131 3792 235 3882 'quod
255 3811 366 3857 massa
383 3802 500 3861 sancta
521 3802 679 3871 nonest,
705 3790 955 3859 delibationem
977 3805 1132 3884 putasset
1178 3816 1260 3860 uem
1283 3793 1394 3859 valuit
1415 3794 1586 3862 autoritas
1605 3791 1802 3875 Ecclesiae,
1835 3807 1876 3862 ut
1898 3817 2000 3861 verae
2023 3796 2167 3883 patriae.

140 3893 417 3960 abominandam
442 3913 530 3958 esse:
571 3902 623 3973 et,
648 3903 688 3959 ut
708 3891 815 3958 semel
832 3892 965 3978 dicam,
990 3892 1131 3963 Princi-
1177 3890 1227 3961 Et
1252 3893 1338 3982 quid
1366 3888 1496 3960 Ottoni
1523 3895 1632 3980 magis
1666 3893 1788 3961 brisset
1815 3892 2030 3980 gloriosum,
2060 3920 2166 3989 quam

140 4006 261 4083 patum
283 3993 461 4081 potentiae
484 3991 617 4083 papalis
648 4015 721 4059 non
745 4015 784 4059 ex
800 3989 890 4076 Deo,
912 3995 971 4063 sed
989 4019 1028 4062 ex
1042 3991 1130 4063 Dia·
1178 3993 1345 4060 omnibns
1359 3992 1413 4058 sui
1431 3991 1572 4080 imperii
1591 3994 1708 4062 nervis
1727 3993 1816 4061 tueri
1833 3997 2034 4066 venerabile
2049 3999 2168 4067 conci-

140 4095 223 4164 bolo
243 4095 417 4183 originem
442 4088 572 4163 habere
594 4093 801 4175 iudicasset,
831 4096 926 4184 quod
951 4109 1129 4165 tantorum
1177 4094 1266 4161 lium
1281 4093 1370 4160 illud
1387 4090 1627 4175 credentium,
1653 4096 1709 4165 c'ui
1725 4104 1860 4185 praeest
1873 4093 1940 4165 Dei
1957 4097 2069 4185 filius,
2088 4100 2167 4172 Do·

140 4196 330 4281 scelerum,
372 4209 621 4288 tantorumque
639 4194 763 4263 omnis
793 4196 930 4283 generis
954 4197 1129 4266 malorum
1179 4195 1297 4262 minus
1311 4207 1430 4262 noster
1446 4191 1540 4265 lesus
1555 4192 1728 4281 Christus,
1753 4222 1825 4267 una
1842 4222 1921 4267 cum
1938 4202 2167 4289 praestantis·

141 4311 296 4367 cerneret
314 4321 453 4368 causam
470 4320 544 4367 esse
560 4301 599 4366 in
619 4295 805 4374 pontifice,
834 4301 984 4387 superbe
999 4310 1033 4368 et
1049 4322 1131 4368 cru-
1179 4297 1277 4364 simis
1298 4294 1484 4381 Patribus,
1513 4293 1719 4391 Prophetis,
1744 4295 1944 4390 Apostolis,
1977 4303 2168 4398 multisque

139 4401 269 4469 deliter
285 4401 490 4491 imperante.
542 4399 687 4489 Quanto
708 4398 836 4467 rectius
859 4398 969 4488 igitur
985 4398 1130 4469 Princi-
1178 4394 1386 4468 hominibus
1399 4399 1484 4489 piis,
1510 4403 1762 4472 excellentibus
1779 4402 1884 4471 donis
1899 4426 1919 4471 a
1935 4400 2009 4472 Deo
2023 4407 2167 4483 ornatis,

137 4524 202 4594 pes
221 4496 351 4571 horum
372 4516 572 4591 temporum
592 4501 702 4571 secuti
725 4500 859 4570 fuerint
875 4496 1023 4571 Ottonis
1050 4526 1130 4571 sen·
1180 4514 1219 4570 nt
1241 4503 1366 4570 docere
1390 4498 1584 4583 Ecclesiae,
1620 4517 1653 4573 et
1683 4526 1802 4592 regere
1834 4503 1979 4594 imperia
2009 4507 2168 4597 possint?

139 4603 308 4683 tentiam,
332 4616 436 4695 atque
456 4599 520 4672 hos
538 4604 830 4692 depopulatores,
855 4600 1129 4692 Magistratuum
1178 4600 1285 4672 Hunc
1305 4603 1564 4671 sanctissimum
1588 4618 1725 4674 coetum
1741 4605 1858 4673 decuit
1881 4608 2041 4675 venerari
2060 4603 2167 4679 Otto·

138 4703 421 4798 possessionibus
444 4705 583 4793 pulsos,
617 4716 669 4772 tot
691 4705 868 4798 tantisque
889 4706 1024 4797 rapinis
1047 4729 1130 4796 pro-
1179 4729 1281 4788 nem,
1306 4703 1514 4794 decebitque
1534 4729 1674 4788 omnes,
1700 4719 1874 4798 quotquot
1889 4730 1930 4774 ex
1953 4701 2019 4776 bac
2039 4709 2167 4780 misera

140 4802 339 4889 hibuerint‚
365 4806 597 4897 dederintque
614 4827 774 4893 operam,
801 4831 847 4874 ne
868 4821 920 4876 tot
942 4804 1130 4877 horrendis
1178 4808 1249 4877 vita
1277 4806 1314 4873 in
1338 4818 1521 4874 aeternum
1548 4801 1681 4877 Christi
1705 4830 1851 4896 regnum
1874 4807 2035 4899 cupimus
2053 4823 2169 4882 trans·

139 4909 315 4979 scandalis
329 4909 576 4976 obscuraretur
592 4905 752 4975 doctrina
767 4902 918 4994 Christi,
945 4912 989 4980 de
1004 4910 1130 4979 remis-
1177 4909 1273 4980 ferri.
1326 4905 1421 4980 Dixi.

139 5012 240 5082 sione
263 5025 506 5100 peccatorum,
544 5021 578 5078 et
604 5008 676 5076 vita
704 5011 871 5076 aeterna?
907 5012 1000 5083 Sunt
1034 5013 1129 5081 enim

139 5113 288 5184 omnino
322 5112 398 5181 sine
431 5111 592 5194 cerebro,
633 5121 808 5203 quotquot
840 5107 1023 5205 Principes
1058 5137 1131 5184 esse

140 5218 287 5306 ignavos
311 5214 523 5306 opinantur,
550 5213 666 5307 quiin
688 5210 920 5301 religionibus
939 5217 1131 5285 emendan-

139 5320 195 5388 dis
215 5319 296 5409 plus
318 5339 445 5410 operae
474 5329 614 5386 sumant
638 5337 743 5408 quam
773 5312 813 5383 in
841 5316 1131 5388 administrandis

190 5526 369 5590 itteram.
388 5522 491 5590 Orsa.
520 5477 602 5587 lior..
618 5524 683 5595 xl.
