4732 6030
157 195 233 269 549
725 191 885 265 DECL.
925 191 1001 264 DE
1035 183 1190 264 ODIO
1227 185 1630 266 SOPlllSTlCES.
2039 252 2042 257 .
2116 211 2192 290 550

158 381 259 451 runt,
291 379 331 436 ut
355 361 596 434 Theramenes
621 387 700 434 cum
726 363 869 455 quidem
895 363 1044 433 subinde
1062 362 1149 436 Rei·
1200 372 1355 428 vestrum
1372 359 1526 447 ingentia
1544 362 1737 432 certamina
1754 365 1898 437 veniens
1919 385 2015 444 aetas
2030 381 2188 468 paritura

157 472 242 561 pub.
273 469 422 536 sormam
451 467 643 549 mutabat,
663 479 780 534 tamen
810 466 947 557 quoties
975 465 1149 535 labescere
1200 460 1264 538 sit,
1298 485 1387 553 quae
1417 462 1486 528 iam
1511 463 1628 530 animo
1664 465 1840 537 intuentes
1863 476 2028 545 omnibus
2054 480 2187 570 ingenii

158 558 291 663 partem
311 591 409 636 suam
433 569 545 651 vidit,
579 566 829 636 inclinavitad
852 567 1020 646 alteram,
1056 577 1149 635 etse
1198 562 1334 630 viribus
1347 586 1386 630 ac
1403 561 1520 630 nervis
1536 567 1753 649 contendite,
1778 583 1816 637 ut
1838 571 1999 645 instructi
2019 593 2051 647 et
2073 580 2194 673 parat?

156 686 229 740 arte
252 693 292 738 ex
322 668 488 758 periculis
517 667 666 751 evolvit,
699 682 740 738 ut
768 667 854 736 dicit
876 663 1148 757 Aristophanes:
1196 663 1239 730 ad
1259 663 1489 731 maximarum
1505 686 1622 732 rerum
1641 668 1908 756 explicationem
1932 689 1964 745 et
1981 704 2185 773 propugna-

156 770 289 843 Subito
302 794 366 861 pro
383 764 601 854 Chiocoum,
627 769 664 837 id
679 783 750 852 est,
776 782 817 839 ut
834 769 870 837 in
887 770 972 838 ludo
995 770 1146 838 talorum
1196 764 1328 832 tionem
1360 765 1542 833 accedatis.
1603 761 1649 836 Et
1681 763 1772 837 hanc
1801 796 1919 840 curam
1952 783 2185 858 memineritis

155 872 297 956 dicitur,
320 894 385 961 pro
395 872 547 939 monade
563 869 745 940 senionem
761 869 923 956 extitisse,
949 866 1149 955 πέπτωκεν,
1194 861 1270 932 Deo
1291 864 1428 954 placere
1453 879 1487 934 et
1508 879 1644 954 gratum
1671 870 1878 941 sacrificium
1905 899 1997 963 esse,
2025 885 2086 975 qui
2104 889 2184 980 qui-

154 974 291 1067 inqun,
316 970 384 1053 ἔξω
401 974 479 1044 τῶν
495 974 642 1062 κακῶν,
669 966 794 1062 οὐχίος
808 965 900 1041 ἀλλὰ
916 975 1023 1050 auios.
1194 967 1275 1034 dem
1298 978 1332 1035 et
1356 967 1472 1036 studia
1496 967 1648 1051 iuvabit,
1683 971 1726 1038 ad
1754 968 1847 1041 hunc
1874 977 2005 1048 directa
2029 983 2134 1055 finem
2151 1005 2186 1061 et

255 1070 421 1165 Denique
440 1094 504 1141 suo
534 1071 611 1142 ocio
637 1073 829 1142 consulunt
858 1096 931 1141 non
957 1068 1147 1155 Ecclesiae,
1194 1089 1351 1157 scopum.
1403 1065 1476 1137 Nec
1491 1089 1575 1155 ego,
1600 1093 1679 1138 eum
1695 1072 1831 1142 fucosas
1844 1079 2107 1156 conciliationes
2122 1090 2184 1161 de-

154 1175 217 1269 qui
239 1174 460 1266 applaudunt
482 1168 538 1242 his
562 1168 850 1264 sophismatibus.
910 1169 1043 1242 lnhos
1065 1195 1146 1240 vere
1194 1180 1319 1252 testor,
1353 1182 1536 1259 propterea
1571 1173 1748 1241 moderata
1791 1178 1955 1264 consilia,
1987 1190 2183 1262 moderatas

154 1275 320 1365 competit
355 1274 416 1342 illa
449 1274 671 1343 acerbissima
705 1275 847 1367 querela
879 1266 1146 1344 Andromaches
1193 1269 1384 1337 sententias
1410 1269 1592 1359 improbo,
1629 1273 1689 1338 sed
1712 1279 1928 1366 corruptelas
1948 1288 2062 1354 caveri
2091 1293 2183 1378 volo,

154 1378 246 1467 apud
265 1371 500 1465 Euripidem,
523 1389 630 1466 quam
653 1377 819 1444 scelerate
836 1374 1022 1445 Menelaus
1042 1375 1145 1443 dece·
1194 1393 1330 1462 semper
1344 1382 1392 1438 est
1410 1371 1748 1455 moderatissimum,
1775 1381 1869 1466 quod
1892 1396 1942 1451 est
1958 1409 2099 1475 verum,
2126 1417 2183 1462 re.

153 1490 264 1568 perat.
317 1473 407 1545 Cum
423 1475 525 1553 enim,
535 1477 748 1565 confugisset
764 1478 809 1545 ad
825 1501 939 1561 aram,
966 1500 1010 1546 ne
1027 1499 1048 1544 a
1063 1472 1145 1542 Me·
1193 1483 1265 1555 cte,
1290 1472 1451 1561 proprie,
1477 1472 1659 1563 perspicue
1677 1485 1710 1542 et
1726 1474 1854 1546 diserte
1869 1484 2048 1559 traditum.

153 1578 256 1647 nelao
288 1577 564 1662 interficeretur,
596 1577 693 1648 iubet
722 1578 784 1646 ille
816 1578 948 1647 adferri
974 1577 1144 1645 infantem
1293 1570 1425 1642 Notum
1442 1584 1495 1640 est
1510 1572 1599 1641 illud
1618 1570 1818 1644 Aristotelis
1835 1581 1919 1650 scite
1934 1585 2083 1659 dictum:
2109 1587 2183 1664 Ar-

153 1680 267 1747 filium
289 1672 419 1774 Pyrrhi
442 1689 476 1747 et
497 1671 784 1763 Andromaches,
817 1702 965 1772 eamque
987 1679 1085 1747 iubet
1098 1676 1144 1744 ab
1192 1686 1244 1742 tes
1256 1696 1378 1741 omnes
1396 1673 1858 1768 mediocritatemquandam
1875 1707 2061 1775 quaerere,
2086 1698 2183 1786 quod
2306 1698 2313 1709 ’

153 1803 214 1860 ara
231 1779 468 1849 discedentem
484 1779 601 1848 redire
623 1804 663 1849 ac
676 1803 932 1870 percussorem,
959 1776 1144 1872 quodnisi
1193 1786 1285 1842 certe
1308 1775 1382 1842 nori
1407 1776 1451 1841 de
1471 1775 1589 1863 pravis
1613 1787 1646 1842 et
1667 1781 1842 1867 corruptis
1861 1784 1988 1855 artium
2005 1794 2183 1883 operibus,

152 1881 274 1964 saciat,
300 1881 457 1949 minatur
472 1901 507 1948 se
522 1879 636 1948 lilium
651 1881 761 1971 ipsius
775 1880 1043 1950 interfecturum
1059 1899 1143 1948 esse.
1192 1875 1253 1942 sed
1268 1874 1360 1941 veris
1376 1873 1644 1962 intelligendum
1659 1891 1720 1944 est.
1774 1876 1815 1947 ln
1833 1877 1888 1950 his
1901 1899 1953 1956 est
1966 1912 2027 1958 sua
2043 1905 2076 1962 et
2090 1897 2182 1967 veris

152 1979 221 2050 Hic
236 2003 402 2070 generosa
417 1993 528 2049 mater
542 1980 768 2049 liliisalutcm
782 1980 966 2070 anteponit
980 2002 1082 2063 suae,
1104 1999 1143 2045 ac
1191 1974 1385 2065 praeceptis
1414 1975 1628 2043 conveniens
1655 1978 1900 2066 mediocritas,
1932 2002 1965 2057 et
1988 2003 2027 2059 ut
2053 1995 2182 2084 dicam,

153 2081 310 2150 descedit
326 2082 369 2149 ab
383 2103 454 2152 ara.
508 2077 699 2173 Postquam
715 2081 825 2169 igitur
839 2083 883 2150 ad
903 2101 1142 2170 percussorem
1191 2087 1271 2165 apta
1289 2070 1485 2146 harmonia.
1536 2071 1585 2144 Et
1600 2100 1677 2144 cum
1696 2078 1733 2145 in
1748 2085 1930 2155 sententiis
1946 2097 2182 2168 constantiam

153 2184 262 2265 redit,
295 2182 442 2251 insultat
469 2178 656 2250 Menelaus
678 2185 842 2271 deceptae
867 2181 1019 2251 mulieri.
1080 2178 1143 2261 Te,
1193 2176 1319 2255 laudm
1346 2198 1419 2243 1¹0ss
1444 2177 1614 2245 confirmo
1637 2179 1812 2253 malorum
1841 2188 2086 2282 pertinaciam,
2120 2216 2181 2272 aut

152 2283 287 2375 inquit,
314 2306 376 2373 ego
395 2282 779 2375 quidem-interficiam,
805 2283 864 2351 sed
884 2282 1055 2352 infantem
1071 2282 1141 2349 filia
1191 2277 1416 2366 ingeniorum
1443 2278 1686 2366 petulantiam.
1745 2282 1956 2359 Retineatur
1978 2293 2038 2363 illa
2064 2296 2182 2372 aPla-

151 2408 229 2453 mea
252 2384 382 2474 perdet.
440 2378 510 2452 Hic
533 2383 594 2451 illa
618 2383 709 2454 iusto
734 2395 767 2453 et
787 2383 922 2472 ingenti
940 2383 1143 2454 doloread-
1191 2393 1275 2449 tone
1296 2379 1435 2448 laudata
1457 2380 1615 2448 coelestis
1637 2383 1876 2473 mediocritas,
1910 2392 2073 2467 videlicet
2098 2423 2184 2489 geo-

151 2486 240 2554 fecta
265 2485 453 2553 exclamat:
489 2476 525 2552 Ο
554 2483 753 2573 dignissimi
780 2485 862 2555 odio
892 2485 1074 2574 Spartani,
1109 2495 1142 2552 et
1191 2480 1353 2561 metrica,
1379 2502 1468 2571 quae
1491 2494 1585 2549 arcet
1610 2485 1835 2574 tyrannidem
1853 2503 1886 2558 et
1909 2492 2048 2564 frenum
2066 2499 2182 2574 iniicit

152 2586 338 2654 execrandi
360 2587 404 2653 ab
429 2584 595 2654 omuibus
619 2579 845 2671 hominibus,
877 2588 1009 2670 dolosi,
1042 2607 1143 2653 men·
1191 2581 1319 2669 vulgo,
1347 2581 1445 2649 iubet
1466 2604 1539 2649 esse
1556 2581 1703 2652 idoneos
1724 2585 1856 2655 iudices
1871 2604 1905 2659 et
1918 2596 2181 2680 gubernatores.

152 2687 333 2756 daciorunt
350 2681 550 2770 architecti,
573 2687 755 2772 insidiosi,
788 2688 995 2780 llexiloquas
1019 2687 1141 2756 amba·
1192 2681 1297 2750 Tales
1315 2695 1526 2770 cognoscant
1549 2684 1728 2770 dogmata,
1754 2709 1794 2754 ac
1808 2688 2004 2767 diiudicent
2025 2722 2066 2768 ex
2080 2703 2182 2791 veris,

151 2810 210 2876 ges
233 2801 429 2880 captantes,
464 2787 562 2856 aliud
587 2789 790 2880 loquentes,
824 2789 920 2857 aliud
940 2789 1141 2864 sentientes,
1191 2783 1295 2852 certis
1316 2798 1350 2852 et
1373 2807 1448 2851 non
1474 2784 1690 2854 calumniose
1707 2788 1852 2860 detortis
1871 2796 2097 2891 testimoniis,
2123 2831 2180 2878 re.

152 2890 242 2957 male
254 2889 418 2979 pereatis.
471 2884 554 2974 Quo
571 2902 719 2975 possunt
731 2889 868 2958 veriore
885 2885 998 2976 elogio
1010 2888 1141 2958 descri—
1190 2883 1347 2975 primant
1385 2896 1573 2976 tyrannos,
1615 2886 1755 2959 frenent
1796 2894 1991 2980 petulantia
2022 2902 2179 2994 ingenia:

151 2992 189 3060 bi
205 2984 312 3058 huius
331 2985 498 3074 temporis
519 2981 714 3075 sophistae,
738 3009 844 3080 quam
867 2981 923 3055 his
940 2987 1141 3057 Androma-
1191 2983 1344 3075 denique
1364 2998 1489 3055 curent
1504 2986 1541 3052 in
1557 2982 1711 3055 Ecclesia
1729 3001 1847 3060 extare
1868 3020 1984 3066 veram
2001 3018 2034 3072 et
2050 3022 2180 3079 certam
2203 2995 2207 3001 .

151 3085 237 3158 chae
259 3085 401 3154 verbis?
453 3083 551 3174 Quid
574 3087 709 3176 precari
733 3087 860 3157 iustius
884 3101 953 3168 est,
976 3113 1081 3181 quam
1101 3098 1142 3158 ut
1191 3087 1408 3166 doctrinam,
1441 3087 1583 3174 proprie
1609 3101 1643 3157 et
1667 3090 1821 3160 dilucide
1850 3099 2072 3190 explicatam,
2105 3134 2180 3180 non

151 3202 382 3264 conservetur
404 3185 584 3256 doctrinae
609 3189 764 3276 puritas,
799 3189 912 3257 deleta
936 3205 970 3261 et
989 3187 1141 3259 extincta
1192 3186 1340 3253 dilutam
1363 3180 1565 3280 sophistica.
1633 3186 1711 3259 Hoc
1742 3204 1816 3260 toto
1843 3211 1981 3283 pectore
2007 3221 2181 3300 optamus,
2229 3271 2236 3279 .

152 3283 218 3357 hac
239 3281 439 3380 sophistica.
491 3282 542 3356 Et
555 3301 595 3357 ut
609 3282 861 3359 Andromache
875 3290 954 3359 dira
969 3290 1141 3382 impreca-
1191 3299 1232 3354 ut
1258 3286 1428 3354 tollantur
1455 3310 1495 3354 ex
1522 3283 1675 3356 Ecclesia
1700 3288 1983 3385 εἶδωλομανίαι,
2014 3319 2048 3375 et
2081 3311 2180 3382 Deus

147 3404 210 3479 tur
231 3387 499 3481 impostoribus:
525 3387 573 3458 ita
596 3389 779 3461 minantur
796 3390 845 3459 eis
864 3414 994 3483 poenas
1018 3390 1141 3459 divina
1190 3384 1297 3455 Pater
1311 3387 1511 3457 liberatoris
1527 3389 1638 3457 nostri
1656 3386 1732 3460 lesu
1749 3388 1883 3465 Christi
1901 3425 1980 3471 vere
1997 3405 2181 3484 invocetur

149 3491 291 3559 oracula
311 3490 405 3580 apud
420 3484 584 3570 Esaiam,
613 3488 683 3560 Vae
699 3492 760 3577 iis,
781 3493 844 3586 qui
864 3492 998 3562 malum
1017 3491 1141 3561 dicunt
1191 3500 1226 3556 et
1247 3487 1401 3573 colatur,
1436 3501 1476 3558 ut
1494 3489 1625 3577 solgeat
1641 3486 1772 3562 Christi
1797 3497 1926 3585 gloria,
1952 3517 1992 3573 ut
2013 3509 2116 3581 multi
2133 3517 2178 3584 ad

149 3594 303 3669 bonum,
338 3592 500 3659 tenebras
530 3589 654 3662 lucem.
713 3587 810 3661 Haec
829 3593 980 3662 fulmina
1005 3591 1141 3668 exusci-
1191 3588 1355 3677 pietatem
1379 3601 1413 3658 et
1433 3589 1803 3667 saluteminvllenlur.
1857 3589 1954 3671 Haec
1969 3619 2071 3696 opto,
2098 3638 2178 3683 eum

149 3705 226 3764 tent
242 3716 307 3761 nos
323 3693 367 3760 ad
387 3714 541 3759 amorem
557 3689 735 3772 veritatis,
761 3703 796 3761 et
818 3704 856 3761 ut
876 3715 998 3761 cavere
1016 3686 1141 3782 sophi·
1190 3689 1327 3757 fucosas
1347 3690 1613 3758 conciliatioues
1637 3691 1820 3782 fugiendas
1843 3723 1984 3772 censeo:
2018 3734 2057 3777 ac
2080 3714 2178 3801 prius

148 3797 258 3866 sticen
276 3792 470 3886 possimus,
495 3791 628 3860 maiore
645 3816 726 3862 cura
743 3792 990 3862 incumbamus
1004 3794 1042 3860 in
1065 3805 1141 3862 stu·
1190 3784 1371 3859 dehiscere
1392 3786 1482 3858 mihi
1507 3803 1634 3859 terram
1657 3790 1781 3878 velim,
1814 3824 1918 3888 quam
1940 3805 1984 3871 ab
2008 3802 2071 3877 hac
2097 3837 2178 3882 sen-

150 3897 208 3965 dia
220 3895 328 3965 'iserae
345 3893 548 3977 doctrinae,
569 3907 603 3962 et
620 3892 836 3962 instruamus
859 3918 899 3962 ac
915 3892 1140 3986 praemunio·
1191 3889 1299 3957 tentia
1319 3891 1483 3959 deducar.
1536 3890 1607 3957 Nec
1625 3913 1745 3960 moror
1761 3910 1820 3963 aut
1842 3895 2090 3988 Theramenis,
2117 3929 2178 3986 aut
2213 3938 2216 3947 ·

151 4022 229 4065 mers
243 3999 379 4066 animos
397 3995 500 4064 rectis
516 3994 709 4064 sententiis.
880 4052 908 4092 Β,
1190 3988 1360 4057 similium
1376 3989 1524 4072 iudicia,
1552 3990 1613 4080 qui
1627 3991 1806 4063 clamitant
1820 3994 2046 4074 scholasticos
2061 4012 2177 4085 alieno

253 4097 435 4186 Quantum
457 4096 605 4188 periculi
628 4109 696 4178 est,
725 4092 755 4163 si
780 4094 925 4164 inermis
949 4117 1028 4162 cum
1054 4093 1138 4182 lupo
1191 4087 1348 4179 periculo
1365 4089 1473 4157 fortes
1496 4112 1590 4170 esse,
1615 4092 1675 4182 qui
1700 4094 1728 4160 si
1749 4119 1821 4164 non
1838 4116 1955 4171 amant
1975 4101 2041 4176 hoc
2058 4114 2176 4197 decus,

20 4226 35 4249 ¹-
152 4199 318 4286 congredi
345 4198 452 4278 velis,
486 4210 623 4270 tanturn
656 4197 804 4288 periculi
824 4220 897 4265 esse
924 4193 1076 4276 credite,
1108 4191 1139 4260 si
1185 4187 1231 4258 'ut
1247 4211 1310 4278 pro
1326 4189 1497 4277 religione
1518 4191 1672 4282 pericula
1693 4211 1727 4265 et
1742 4196 1880 4268 labores
1896 4207 2091 4296 perferant,
2118 4217 2177 4286 in.

152 4299 228 4367 sine
260 4300 371 4368 solida
391 4300 590 4369 eniditione
619 4312 751 4369 astutos
782 4298 862 4367 illos
892 4312 927 4367 et
951 4294 1139 4364 insidiosos
1190 4289 1289 4380 digni
1303 4290 1486 4360 iudicandi
1503 4307 1602 4376 sunt,
1630 4295 1767 4385 quinos
1781 4313 1959 4374 tueantur.
2010 4305 2091 4383 Erit
2104 4313 2176 4387 Ec.

152 4395 403 4487 Antagonistas
418 4400 642 4472 adoriamini.
692 4395 740 4469 E:
754 4395 933 4483 Christus,
965 4397 1027 4465 etsi
1042 4396 1140 4465 iubet
1190 4392 1293 4461 elesia
1318 4390 1394 4461 Deo
1417 4418 1539 4474 curae,
1569 4395 1705 4463 etiamsi
1727 4401 1772 4468 ab
1787 4401 1872 4490 ipsis
1892 4409 2025 4478 deserta
2044 4428 2076 4483 et
2091 4441 2176 4506 pro-

152 4501 282 4569 imitari
305 4502 526 4591 simplicitate
541 4502 740 4586 columbas,
765 4496 834 4570 hoc
857 4514 926 4583 est,
952 4499 1050 4567 iubet
1066 4520 1138 4566 esse
1191 4495 1277 4564 iecta
1309 4494 1435 4578 fuerit,
1477 4520 1582 4587 quam
1610 4496 1751 4587 quidem
1779 4498 1880 4574 Deus
1904 4508 1980 4577 sine
2012 4507 2177 4593 humanis

152 4601 228 4670 sine
253 4601 461 4684 virulentia,
494 4615 610 4670 tamen
634 4598 815 4682 hortatur,
849 4615 887 4669 ut
919 4601 1028 4667 simus
1052 4623 1138 4690 pru·
1190 4594 1374 4686 praesidiis
1389 4619 1527 4665 servare
1539 4597 1638 4671 solet.
1691 4598 1783 4670 Dixi.

153 4706 274 4771 dentes
297 4703 387 4772 sicut
409 4716 606 4793 serpentes,
638 4698 704 4772 hoc
723 4718 793 4784 est,
819 4703 927 4770 siums
953 4700 1082 4769 intenti
1100 4700 1138 4767 in

151 4799 288 4874 hostem
304 4818 339 4873 et
362 4803 475 4887 cauti,
499 4815 538 4871 ut
558 4825 700 4891 serpens
722 4805 852 4874 dicitur
871 4802 1040 4891 singulari
1055 4814 1140 4885 arte,

151 4921 257 4999 caput
279 4919 394 4995 tegere
419 4905 456 4970 in
480 4902 720 4972 dimicatione.
772 4903 884 4974 Porro
903 4907 946 4973 ad
970 4903 1140 4971 cavendas
1204 4899 1273 4969 No.
1290 4898 1351 4967 68.
2013 4948 2060 4987 m
2081 4930 2175 4994 1542·

151 5006 318 5087 insidias,
347 5005 546 5075 eruditione
571 5026 660 5092 opus
681 5017 751 5087 est,
784 5019 825 5075 ut
845 4997 1141 5097 pseudographias
1198 4993 1369 5022 Μ
1998 5015 2190 5047 *00⁸⁴-

150 5109 189 5175 in
215 5109 372 5178 numeris
392 5132 496 5176 nemo
520 5106 677 5176 iudicare
699 5118 829 5194 potest,
857 5107 925 5174 uisi
940 5106 1079 5183 artilex,
1107 5116 1139 5172 et
1316 5097 1390 5182 De
1419 5099 1652 5209 aequitate
1681 5113 1728 5187 et
1758 5107 1856 5192 iure
1883 5116 2055 5203 mmo·

151 5211 202 5278 ita
225 5213 428 5299 dogmatum
443 5207 711 5300 depravationes
727 5206 872 5275 refutari
896 5231 968 5276 non
986 5218 1142 5297 possunt,
1263 5261 1294 5314 h
1313 5261 1463 5315 nectamsr.
1481 5259 1683 5330 T.t.p.271.,
1710 5265 1737 5320 in
1757 5266 1875 5326 Serica.
1894 5274 1907 5325 1

151 5312 221 5380 nisi
239 5336 257 5380 a
274 5311 406 5404 peritis.
456 5308 529 5380 Nec
546 5334 629 5379 vero
650 5307 827 5392 dubitate,
859 5308 946 5398 quin
969 5310 1142 5399 plerisque
1294 5328 1470 5386 hiebarun.
1488 5330 1589 5473 1,δὲσῖ

1875 4796 2176 4824 Ἢ

1908 5314 1916 5332 .
1934 5290 1961 5344 p.
1974 5276 2034 5332 sat.
2059 5289 2087 5334 et
2104 5286 2176 5355 apud
