4732 6030
220 191 294 271 189

218 364 322 438 Boua
336 361 435 454 vulgi
455 382 536 452 pars
558 358 651 428 ridet
671 353 878 426 sardonium
900 354 1011 427 risum
1029 355 1070 427 iu
1092 356 1209 427 aliena

217 465 437 548 calamitate,
472 476 507 533 et
533 453 748 548 triumphat,
782 456 882 549 quasi
908 481 948 529 re
977 459 1069 528 bene
1102 471 1210 549 gesta,

99 612 105 625 κ
217 596 238 642 a
263 592 414 663 quorum
436 564 604 656 opinione
629 559 833 648 longissime
856 583 919 628 vos
935 562 1055 630 abesse
1079 584 1209 630 conve-

217 672 285 745 nit.
337 669 458 761 Neque
485 663 579 732 enim
609 662 814 752 intelligunt
837 662 924 754 quid
952 663 1006 730 illi
1039 662 1121 732 urbi
1147 662 1211 732 de-

219 773 375 856 buerint,
398 782 459 839 aut
475 766 562 859 quid
574 763 781 834 detrimenti
796 786 837 832 ex
852 764 927 833 eius
939 764 1088 835 interito
1097 765 1208 855 Resp.

218 873 399 964 acceperit.
452 866 591 938 Deinde
617 890 698 936 eum
715 865 754 933 in
776 859 843 934 hoc
860 867 989 935 misero
1005 867 1105 937 urbis
1128 889 1209 935 casu

218 977 386 1047 videntur
401 972 504 1040 etiam
520 970 635 1039 studia
648 968 830 1037 literarum
847 967 885 1035 in
897 968 1211 1061 quoddamdiscri-

217 1101 302 1147 men
319 1073 475 1152 venisse,
503 1094 565 1141 vos
581 1070 678 1164 quod
705 1071 819 1140 bonos
841 1069 934 1138 cives
956 1072 1074 1155 decet,
1100 1069 1210 1159 magis

219 1182 259 1251 iu
282 1175 367 1247 haec
395 1176 511 1247 studia
537 1170 752 1255 incumbite,
784 1173 924 1262 quaesi
947 1171 1210 1241 conservaveri-

218 1304 318 1363 mus,
353 1302 427 1347 non
446 1276 704 1367 desperandum
726 1284 795 1353 est,
827 1273 915 1364 quin
936 1277 1021 1344 urbs
1038 1274 1112 1363 ipsa
1128 1295 1212 1341 rur-

220 1397 279 1454 s'us
294 1383 332 1450 in
349 1380 541 1470 pristinum
555 1389 684 1447 statum
701 1387 735 1443 et
751 1373 957 1462 dignitatem
974 1374 1111 1446 restitui
1128 1397 1211 1466 pos-

221 1486 276 1556 sit.
328 1481 425 1554 Dixi.

948 179 1112 262 DECL.
1142 179 1221 258 DE
1251 177 1519 263 VESTlTU.

2177 197 2253 275 140

1262 352 1378 443 Quam
1401 354 1504 425 multi
1528 378 1649 446 graves
1672 358 1742 429 viri
1764 362 1925 453 quotidie
1947 360 2014 436 hac
2037 368 2083 439 de
2105 394 2144 440 re
2163 397 2253 466 que·

1262 457 1414 527 runtur?
1451 457 1521 529 Sed
1546 474 1642 528 tanta
1670 462 1755 530 mali
1777 462 1831 532 vis
1859 479 1930 551 est,
1964 480 2004 538 u't
2023 473 2169 560 reprimi
2192 491 2253 548 aut

1261 560 1377 629 sanari
1391 583 1468 629 non
1481 560 1603 652 possit.
1648 559 1819 650 Quotidie
1832 591 1946 639 novae
1961 568 2095 642 formae
2113 578 2255 668 excogi-

1261 675 1397 731 tantur:
1432 684 1529 732 nunc
1548 663 1661 754 placet
1683 666 1829 755 gallicus
1849 670 1980 760 pileus,
2012 697 2108 744 nuuc
2124 672 2253 771 'hispa-

1261 763 1363 834 nicus
1378 765 1549 833 cucullus.
1598 764 1674 835 Alii
1689 769 1881 840 sarmaticis
1898 769 2053 845 brachiis
2073 778 2253 851 delectan-

1261 879 1340 948 tur,
1365 878 1400 934 et
1418 861 1505 935 haec
1525 867 1600 956 ipsa
1616 892 1723 960 quam
1739 871 1834 940 varie
1854 873 2078 947 deformant?
2113 877 2255 973 lntegra

1263 967 1368 1036 vestis
1389 991 1513 1057 parum
1537 967 1644 1056 digna
1669 971 1747 1038 viro
1772 995 1845 1043 esse
1868 975 2045 1059 creditur,
2077 983 2137 1049 sed
2160 983 2255 1054 lace-

1263 1081 1338 1138 rata
1363 1081 1398 1137 et
1415 1069 1514 1138 mille
1530 1070 1663 1139 variata
1676 1072 1873 1160 coloribus,
1897 1078 2036 1170 qualem
2051 1081 2139 1150 olim
2154 1107 2255 1156 scur-

1263 1194 1382 1239 rarum
1406 1171 1514 1240 fuisse
1530 1172 1694 1242 vestitum
1720 1175 1877 1266 picturae
1895 1193 2028 1249 veteres
2052 1189 2259 1273 ostendunt,

1262 1296 1302 1340 ea
1326 1273 1468 1342 demum
1497 1274 1692 1364 plurimum
1725 1271 1832 1348 habet
1855 1280 2120 1372 admirationis,
2151 1301 2258 1383 atque

1265 1368 1350 1441 haec
1364 1372 1496 1462 singuli
1512 1375 1672 1467 quotidie
1688 1392 1838 1450 mutant.
1874 1379 2003 1454 Nullus
2018 1382 2169 1460 Proteus
2182 1404 2256 1463 tam

1263 1477 1379 1543 varias
1395 1476 1515 1546 induit
1528 1478 1666 1567 figuras,
1678 1500 1783 1570 quam
1800 1484 1913 1552 nostri
1929 1485 2086 1569 iuvenes,
2101 1491 2256 1564 subinde

1262 1570 1426 1646 habitum
1448 1592 1641 1663 mutantes,
1671 1604 1744 1649 non
1768 1583 1870 1652 aliter
1892 1599 1998 1679 atque
2027 1589 2065 1658 in
2088 1615 2191 1663 scena
2215 1589 2256 1665 hi

1213 1710 1216 1713 ¹
1263 1677 1326 1770 qui
1352 1679 1470 1768 plures
1489 1703 1655 1771 personas
1670 1681 1857 1758 sustinent.
1908 1684 2124 1783 Quanquam
2147 1695 2258 1787 igitur

233 1855 301 1927 No.
319 1851 381 1926 17.

229 1947 401 1978 Μ

569 2069 646 2155 De
684 2069 861 2153 vestitu.

290 2248 396 2305 Prodiit
410 2247 490 2302 simul
507 2265 570 2301 cum
587 2247 764 2302 antecedente
780 2244 847 2308 (vid.
865 2236 986 2312 Nata).
1021 2239 1125 2294 liecusa
1138 2237 1209 2363 apud

325 2319 403 2372 Crat.
416 2320 444 2371 Μ
469 2316 486 2372 Ι.
505 2316 611 2384 phtia
632 2336 669 2385 q.‚
687 2316 715 2367 in
730 2314 882 2371 Deelrmet.
895 2312 927 2364 T.
938 2312 958 2364 l.
974 2310 1085 2380 pass„
1103 2309 1130 2362 io
1166 2328 1210 2362 er·

324 2399 391 2442 vest.
408 2408 434 2457 p.
448 2334 509 2437 328.
522 2395 549 2439 et
562 2336 631 2454 apud
646 2382 820 2438 Richardium
836 2380 868 2438 Τ.
884 2383 918 2439 ΙΙ.
938 2399 964 2445 ρ,
978 2379 1037 2433 287.
1058 2405 1088 2417 ·-
1126 2377 1210 2430 Erra-

322 2457 360 2508 vit
376 2457 480 2526 Myllus
496 2456 523 2506 in
542 2451 720 2522 chronologia
734 2452 902 2521 scriptorum
918 2447 1118 2512 Melantbonis‚
1136 2446 1210 2515 quod

322 2527 394 2579 banc
405 2523 558 2577 orationem
571 2522 606 2575 ad
619 2540 682 2576 anu.
699 2519 774 2576 1536.
787 2519 889 2575 retulit.
909 2517 1026 2572 Videtur
1037 2515 1120 2570 ctiam
1132 2512 1211 2568 lenae

322 2594 411 2648 babita
426 2611 494 2648 csse.

223 2757 353 2828 Oratio
388 2759 523 2823 contra
556 2742 840 2845 affectationem
872 2748 1055 2820 novitatis
1080 2749 1121 2817 ia
1142 2765 1212 2814 ‚ve-

660 2855 769 2924 atita.

221 2994 386 3080 Tametsi
406 3024 480 3071 non
502 2998 653 3070 dubium
670 3012 722 3069 est
736 2992 845 3082 mihi,
872 2995 1063 3067 Auditores
1078 2993 1213 3066 Candi-

221 3105 380 3188 dissimi,
405 3102 493 3195 quin
514 3102 618 3171 valde
638 3100 739 3171 vobis
763 3100 893 3168 mirum
911 3098 1089 3181 videatur,
1114 3097 1210 3190 quod

220 3206 314 3280 hanc
331 3200 533 3300 cathedram
542 3204 825 3273 doctissimorum
839 3196 1027 3270 hominum
1042 3222 1213 3268 conscen-

220 3314 324 3393 dere,
355 3318 561 3396 tantamque
588 3304 826 3394 provinciam,
859 3326 898 3370 ac
924 3326 1014 3371 onus
1036 3301 1212 3391 suscipere

221 3433 328 3485 ausus
351 3431 449 3487 sum,
483 3420 619 3490 tamen,
653 3429 733 3475 cum
752 3399 894 3474 scholae
913 3416 1054 3472 nostrae
1075 3426 1211 3471 morem

221 3513 357 3596 sciatis,
390 3532 466 3578 non
493 3508 636 3587 dubito,
670 3507 758 3601 quin
786 3528 877 3599 quae
900 3519 1014 3576 vestra
1042 3498 1211 3574 hactenus

223 3638 305 3705 erga
320 3634 453 3695 omnes,
469 3613 531 3702 qui
547 3611 585 3678 in
601 3605 697 3681 hunc
713 3609 829 3678 locum
845 3606 976 3677 dicturi
991 3607 1210 3697 prodierunt,

221 3718 291 3788 fuit
312 3710 515 3786 humanitas
545 3735 585 3781 ac
614 3711 877 3794 benevolentia,
908 3733 963 3778 me
986 3733 1128 3802 quoque
1149 3710 1212 3778 be-

222 3820 330 3909 nigne
360 3815 566 3908 placideque
593 3812 752 3884 audituri
778 3813 865 3884 sitis.
923 3807 1000 3901 Ego
1024 3834 1107 3881 vero
1136 3835 1212 3880 non

222 3924 266 3992 de
280 3920 374 3990 bello
383 3915 553 4001 Troiano,
573 3929 636 3988 aut
648 3910 854 3986 huiusmodi
870 3914 1074 4006 pervolgata
1090 3913 1211 3984 fabula

224 4024 384 4094 dicturus
415 4018 554 4112 prodii,
593 4021 654 4088 sed
681 4042 761 4087 cum
795 4017 894 4086 nulla
923 4016 1037 4087 virtus
1064 4017 1212 4107 perinde

190 4124 461 4198 'adolescentes
486 4121 624 4204 deceat,
657 4131 762 4210 atque
784 4118 973 4201 modestia,
1002 4119 1079 4209 cepi
1094 4117 1212 4188 consi-

222 4229 312 4299 lium
328 4226 372 4292 de
395 4222 550 4314 quadarn
572 4220 647 4290 eius
663 4218 803 4288 virtutis
823 4229 923 4309 parte
944 4218 1101 4293 dicendi.
1152 4217 1212 4287 ld-

223 4351 293 4423 que
313 4334 557 4413 argumentum
580 4344 621 4391 eo
642 4319 779 4410 suscepi
802 4319 989 4402 libentius,
1023 4333 1063 4390 ut
1086 4319 1212 4389 sinon

224 4426 284 4501 hic
305 4437 449 4519 propter
468 4422 708 4515 eloquentiam
731 4421 871 4489 laudem
892 4442 1063 4504 mererer,
1095 4434 1213 4490 tamen

224 4525 314 4602 mihi
334 4529 468 4597 interea
481 4547 653 4608 canerem,
677 4522 768 4593 sicut
785 4522 845 4591 ille
862 4517 1097 4617 cytharoedus
1112 4522 1212 4601 dixit,

225 4652 353 4726 meque
372 4630 415 4699 ad
432 4627 508 4698 eius
523 4626 666 4697 virtutis
681 4624 837 4696 studium
853 4625 1051 4697 excitarem.
1106 4622 1213 4693 lusti·

1263 1773 1331 1847 hoc
1348 1780 1474 1848 vitium
1495 1805 1606 1874 usque
1631 1783 1718 1852 adeo
1735 1799 1913 1877 receptum
1934 1790 1999 1875 sit,
2024 1806 2064 1863 ut
2080 1819 2154 1865 uon
2167 1800 2255 1868 ado-

1264 1881 1427 1950 lescentis
1455 1885 1634 1968 oratione,
1667 1885 1704 1952 in
1731 1911 1800 1978 qua
1832 1886 1923 1957 nibil
1956 1915 2029 1962 esse
2055 1898 2252 1971 autoritatis

1264 1996 1397 2072 potest,
1420 2006 1495 2052 non
1519 1984 1637 2077 aliqua
1663 1989 1835 2057 mediocri
1851 1991 2052 2084 eloquentia
2075 1998 2153 2069 tolli
2171 2025 2254 2092 pos·

1262 2084 1326 2165 sit,
1351 2097 1469 2153 tamen
1499 2085 1606 2156 libuit
1635 2086 1674 2155 in
1699 2104 1907 2180 argumento
1939 2088 2088 2170 honesto
2118 2101 2256 2193 ingenii

1264 2184 1359 2253 vires
1381 2187 1542 2277 experiri.
1594 2184 1735 2275 Quaeso
1757 2205 1874 2262 autem
1890 2218 1972 2282 vos,
1998 2212 2036 2269 ut
2053 2225 2116 2290 pro
2136 2218 2253 2276 vestro

1264 2309 1364 2355 more
1398 2285 1563 2377 benigne'
1583 2313 1639 2358 me
1667 2292 1907 2387 patienterque
1936 2298 1981 2367 de
2007 2294 2256 2378 honestissima

1263 2411 1366 2457 causa
1383 2389 1558 2459 dicentem
1573 2392 1734 2462 audiatis.
1785 2395 1826 2464 ld
1849 2397 1880 2466 si
1901 2400 2001 2470 nulla
2018 2402 2085 2472 alia
2101 2427 2175 2491 res,
2199 2421 2255 2478 ta·

1263 2512 1347 2558 men
1368 2503 1462 2560 aetas
1485 2516 1562 2561 mea
1591 2515 1611 2562 a
1634 2494 1736 2564 vobis
1760 2496 1949 2588 impetrare
1967 2485 2135 2591 debebat,
2160 2533 2253 2602 quae

1264 2604 1409 2682 propter
1424 2592 1701 2664 imbecillitatem
1712 2620 1785 2667 non
1802 2601 1932 2690 poterit
1947 2621 2146 2698 susceptum
2161 2634 2255 2682 onus

1263 2693 1435 2784 perferre,
1476 2695 1546 2763 nisi
1577 2696 1749 2786 singulari
1788 2701 1909 2772 favore
1943 2719 2060 2777 vestro
2091 2710 2252 2783 animum

1264 2817 1382 2863 meum
1399 2795 1703 2871 confirmaveritis.

1366 2942 1432 3018 Est
1454 2960 1571 3016 autem
1592 2974 1672 3021 cum
1693 2975 1757 3044 per
1777 2978 1851 3025 sese
1867 2955 2068 3050 turpissima
2082 2959 2251 3033 novitatis

1264 3049 1303 3117 in
1318 3048 1448 3118 vestitu
1461 3050 1664 3138 adfectatio,
1687 3069 1763 3126 tom
1781 3051 1849 3127 boc
1865 3059 1969 3129 etiam
1983 3058 2128 3130 nomine
2141 3063 2252 3152 magis

1263 3149 1449 3240 fugienda,
1473 3151 1557 3244 quia
1580 3154 1710 3224 multas
1725 3178 1766 3225 ex
1782 3180 1818 3226 se
1834 3160 1921 3229 alias
1937 3175 2049 3251 pestes
2062 3161 2193 3252 gignit,
2220 3177 2254 3233 et

1264 3248 1431 3345 pleraque
1453 3253 1564 3322 animi
1587 3254 1670 3324 vitia
1688 3257 1807 3345 prodit
1829 3271 1933 3351 atque
1955 3262 2029 3335 alit.
2080 3262 2154 3336 Nec
2170 3288 2256 3356 pro-

1264 3356 1321 3424 cul
1345 3354 1449 3424 nobis
1477 3370 1684 3442 argumenta
1712 3359 1918 3429 sententiae
1934 3376 2074 3434 nostrae
2103 3368 2254 3457 petenda

1264 3470 1357 3529 sunt.
1414 3451 1559 3525 Etenim
1589 3479 1669 3525 cum
1706 3482 1822 3551 nuper
1847 3456 1906 3532 hic
1931 3465 1974 3530 de
2004 3468 2256 3538 conservandis
2350 3500 2353 3506 ·

1263 3557 1443 3627 veteribus
1456 3556 1617 3627 moribus
1631 3559 1775 3652 quidam
1792 3587 1835 3634 ex
1856 3576 1978 3635 nostro
1994 3568 2158 3638 sodalitio
2173 3591 2254 3657 gra·

1265 3660 1405 3729 vissime
1422 3658 1569 3740 dixerit,
1593 3683 1695 3751 spero
1716 3687 1772 3733 me
1783 3664 1921 3755 facilius
1944 3662 2035 3739 hanc
2055 3692 2194 3739 causam
2207 3672 2262 3741 de-

1264 3762 1393 3831 nsitato
1421 3761 1549 3830 vestitu
1577 3762 1765 3835 retinendo
1788 3767 1890 3837 vobis
1913 3773 2146 3861 probaturum
2168 3794 2253 3842 esse.

1263 3858 1408 3933 Etenim
1432 3874 1472 3932 ut
1500 3863 1538 3931 in
1570 3863 1648 3935 aliis
1678 3867 1829 3959 publicis
1860 3869 2033 3943 institutis
2056 3873 2176 3943 odiosa
2201 3889 2256 3946 est

1263 3963 1432 4035 novitatis
1459 3964 1665 4052 adfectatio,
1703 3969 1752 4040 ita
1776 3972 1882 4041 etiam
1906 3972 1945 4042 in
1968 3974 2097 4046 vestitu
2128 3974 2256 4048 merito

1264 4065 1459 4161 improbari
1475 4067 1590 4138 debet.

1366 4216 1514 4310 Semper
1535 4234 1651 4291 autem
1678 4220 1928 4312 sapientissimi
1953 4222 2116 4300 homines
2137 4252 2258 4304 sente-

1264 4334 1350 4392 ruut
1365 4333 1500 4390 veteres
1523 4345 1657 4407 mores,
1684 4336 1871 4419 veteraque
1893 4329 2054 4401 instituta
2070 4332 2255 4405 civitatum

1265 4447 1304 4494 ac
1319 4422 1532 4515 populorum
1547 4445 1683 4493 summa
1695 4449 1778 4494 cura
1794 4433 1994 4502 conservari
2004 4434 2143 4520 debere,
2157 4441 2256 4528 quod

1265 4525 1365 4594 nulla
1381 4547 1436 4594 res
1451 4524 1598 4615 perinde
1612 4526 1728 4597 laedat
1747 4530 1926 4619 publicam
1948 4535 2256 4628 tranquillitatem,

1265 4640 1370 4719 atque
1386 4627 1509 4696 crebra
1523 4626 1639 4715 legum
1654 4651 1867 4725 morumque
1882 4637 2041 4721 mutatio,
2062 4661 2137 4708 non
2152 4639 2257 4711 aliter

224 4735 278 4807 toi
293 4746 410 4804 autem
426 4729 624 4802 orationem
647 4740 769 4799 contra
786 4727 1054 4799 adfectationem
1073 4726 1214 4819 novita—
1266 4741 1371 4818 atque
1394 4727 1553 4818 corporis
1582 4722 1730 4801 humani
1757 4735 1997 4808 valetudinem
2028 4740 2119 4810 ratio
2142 4741 2259 4814 viem,

141 4839 145 4848 ’
223 4837 270 4923 tis
297 4847 332 4906 et
348 4834 499 4905 aliarum
517 4831 731 4925 ineptiarum
747 4830 787 4898 in
803 4829 950 4912 vestitu,
975 4830 1071 4923 quod
1087 4828 1214 4900 vitium
1266 4851 1368 4921 saepe
1393 4840 1525 4898 mutata
1547 4829 1756 4904 labefactare
1779 4836 1879 4907 solet.
1928 4834 2017 4910 Eius
2038 4841 2121 4912 mali
2137 4856 2177 4913 ut
2192 4869 2256 4915 ve.

224 4962 305 5011 cum
329 4936 375 5007 sit
392 4935 562 5028 opinione
585 4933 789 5017 nocentius,
821 4946 938 5003 tamen
958 4932 1045 5000 adeo
1070 4932 1213 5021 vulgare
1267 4946 1341 5002 tera
1357 4930 1574 5024 omittamus,
1600 4950 1720 5005 nostra
1733 4950 1828 5009 aetas
1842 4938 2042 5012 miserabile
2056 4944 2257 5036 exemplum
2342 4996 2345 5000 ,

226 5055 295 5124 est,
320 5040 408 5109 adeo
427 5036 518 5128 cepit
534 5037 731 5108 iuventutis
745 5035 894 5117 animos,
919 5047 961 5103 ut
974 5033 1085 5103 nullis
1098 5055 1214 5128 neque
1242 5103 1243 5108 ,
1266 5033 1369 5103 vidit.
1421 5030 1614 5127 Postquam
1635 5038 1730 5107 enim
1752 5040 1854 5131 pauci
1876 5055 2012 5115 tantum
2036 5046 2126 5117 rim,
2144 5047 2259 5119 mle,

224 5143 364 5234 legibus
378 5163 500 5211 eorum
512 5139 576 5233 qui
591 5137 752 5228 Respub.
766 5137 984 5226 gubernant,
1008 5159 1073 5205 nec
1091 5137 1216 5208 docto·
1266 5135 1408 5216 siastici,
1430 5135 1491 5229 qui
1506 5136 1576 5206 iam
1589 5140 1708 5211 nescio
1722 5143 1901 5234 quomodo
1916 5149 2143 5237 degenerasse
2157 5149 2256 5220 dice-

225 5240 545 5324 rumsermonibus
557 5240 687 5329 corrigi
701 5239 824 5331 possit.
877 5236 1029 5327 Quoties
1045 5238 1142 5307 enim
1158 5234 1215 5307 his
1266 5239 1416 5322 bantur,
1447 5238 1608 5330 abrogati
1623 5255 1724 5327 suut,
1755 5243 1976 5319 incredibilis
1996 5251 2113 5321 omnis
2139 5251 2258 5323 divini

227 5347 359 5421 uostris
383 5343 601 5437 temporibus
624 5343 669 5413 de
689 5335 756 5412 hae
777 5364 815 5412 re
835 5342 928 5432 leges
946 5340 1095 5432 scriptae
1109 5334 1217 5413 sunt?
1265 5352 1370 5435 atque
1394 5334 1544 5412 humani
1565 5341 1654 5413 ioris
1677 5357 1900 5440 contemptus
1926 5365 2065 5425 secutus
2093 5366 2155 5425 est.
2205 5352 2257 5427 Et
