4732 6030
141 243 192 319 ιι
599 235 764 314 nucu.
802 237 876 313 nu
915 236 1139 316 srnnro
1173 230 1521 312 uocrnuvau
1552 183 1716 311 rtur.
2121 245 2171 317 ss

143 437 226 483 cum
262 411 468 504 sapientiam
500 434 600 482 suam
635 427 774 484 vocaret
805 406 1136 510 ἀμφισβηιήσιμον
1183 411 1267 479 dum
1286 407 1458 498 profuerit
1480 408 1571 497 leges
1596 408 1772 482 didicisse.
1822 408 1895 482 Nec
1912 411 2171 507 Prophetarum

148 514 250 607 ὄναρ.
312 514 357 584 At
384 509 570 583 hominurn
593 511 846 611 λογολεσχείας
873 519 977 584 etiarn
1002 514 1134 584 divinis
1185 509 1367 589 vaticinia,
1394 533 1458 576 nec
1474 504 1704 596 Evangelicae
1720 506 1885 582 historiae
1907 519 1995 584 adiri
2012 535 2171 607 possunt,

145 617 255 684 literis
279 631 481 685 nostrorum
508 630 707 706 temporum
730 613 906 705 'l'heologi
929 617 1134 707 praetulere,
1182 612 1250 679 nisi
1270 608 1375 680 huius
1392 611 1681 693 commentarios,
1706 635 1768 679 ceu
1785 636 1923 683 amnem
1948 620 2110 688 comitem
2125 624 2170 691 ad

143 718 475 810 quibusdebemus,
509 729 549 785 ut
573 711 1131 808 nihilhoctemporesiutChri·
1182 736 1296 796 mare,
1323 706 1480 781 methodi
1498 714 1588 797 vice,
1613 713 1781 803 sequaris.
1832 713 1922 784 Nam
1946 720 2169 791 cumiutra-

142 818 276 886 stianae
297 818 440 901 literae,
465 816 535 886 nisi
560 817 720 886 maliciae
737 825 907 911 quaedam
930 820 1064 887 fallacis
1080 819 1133 885 lo-
1182 817 1307 882 ctanda
1333 809 1487 881 hominis
1511 827 1654 898 natura,
1688 814 1876 906 tyrannide
1900 820 2048 908 pcccati,
2082 822 2170 910 legis

145 919 286 1010 quelae,
312 934 350 989 ut
366 920 427 986 ille
442 921 534 1007 apud
552 916 757 988 Ciceronem
775 920 835 988 ait.
888 918 1007 1003 Adeo,
1037 921 1131 1012 quod
1182 938 1307 1002 reguo,
1340 916 1520 984 absolutae
1543 916 1683 985 virtutis
1703 915 1857 1003 origine,
1883 943 1922 988 ac
1944 925 2169 1010 propagatio.

145 1021 328 1088 doctrinae
349 1043 459 1108 genus
482 1019 654 1090 divinitus
675 1022 717 1088 ad
737 1022 980 1110 corrigendas,
1006 1021 1132 1088 conlir-
1182 1040 1244 1100 ne,
1269 1017 1514 1097 sacramentis,
1546 1017 1714 1084 consistat
1736 1040 1853 1083 rerum
1871 1015 2167 1109 Theologicarum
2254 1112 2259 1117 -

51 1198 57 1207 ,
143 1124 308 1203 mandas,
333 1115 840 1212 consolandasquehomioum
859 1122 1133 1210 mentesprodi-
1181 1140 1336 1199 summa,
1360 1114 1636 1191 unicusPaulus
1661 1112 1724 1184 bos
1739 1118 1833 1186 locos
1854 1121 1966 1207 palam
1986 1126 2032 1190 oh
2048 1126 2168 1197 oculos

143 1235 219 1290 tum
245 1237 313 1304 est,
339 1222 505 1305 frivolae,
537 1224 629 1290 addo
649 1223 753 1290 etiarn
771 1224 933 1292 indoctae
949 1218 1133 1314 Sophista-
1182 1218 1383 1286 mortalium
1417 1217 1546 1307 posuit.
1587 1217 1785 1300 Breviter,
1817 1224 2071 1314 redemptionis
2100 1250 2168 1296 no-

143 1346 224 1391 rum
249 1317 312 1392 καὶ
331 1320 482 1416 βέβηλοι
501 1319 727 1415 κενοφωνίαι
748 1349 872 1414 magua
898 1349 938 1393 ex
960 1339 1059 1416 parte
1074 1348 1133 1392 ex·
1181 1334 1272 1388 strae
1288 1319 1454 1408 gratiam,
1478 1320 1635 1408 adeoque
1654 1312 1834 1386 Christum
1853 1322 1966 1410 ipsum
1984 1326 2168 1413 ignorare-

143 1425 290 1493 tinxere.
345 1423 408 1492 Vel
421 1424 599 1494 contemni
611 1439 765 1515 poterat,
788 1427 817 1494 si
833 1425 916 1519 quid
932 1416 1131 1516 vulgarium
1181 1443 1277 1503 mus,
1310 1420 1340 1486 si
1369 1418 1519 1487 Pardum
1548 1420 1626 1487 orbi
1654 1432 1825 1487 terrarum
1848 1418 1945 1492 Deus
1975 1425 2169 1503 invidisset.

143 1524 273 1593 artium
297 1524 504 1608 interiisset,
535 1548 658 1594 verum
680 1550 755 1595 eam
780 1527 1003 1618 disciplinam
1014 1520 1132 1596 inter·
1179 1519 1302 1615 Neque
1325 1520 1419 1588 enim
1441 1516 1622 1590 Christum
1646 1521 1804 1606 novisse,
1835 1536 1886 1592 est
1908 1519 2090 1598 historiam
2110 1556 2168 1600 re-

143 1625 278 1709 cidere,
317 1649 406 1718 quae
437 1649 508 1695 uua
539 1640 590 1695 est
624 1621 899 1717 periclitantium
917 1629 1130 1696 ‘animorum
1180 1646 1259 1690 rum
1283 1623 1328 1691 ab
1352 1622 1428 1711 ipso
1449 1635 1623 1710 gestarum
1647 1635 1786 1706 tenere,
1821 1625 1880 1690 sed
1904 1648 2090 1715 agnoscere
2110 1633 2168 1700 in-

143 1725 267 1795 dortus
283 1741 316 1797 et
334 1727 492 1820 asylum,
525 1728 685 1797 adflictae
704 1729 937 1799 eonscientiae
952 1721 1132 1813 solarium,
1180 1723 1295 1811 genua
1322 1723 1508 1802 beneficia,
1542 1746 1631 1814 quae
1648 1724 1841 1814 peripsum
1859 1724 1896 1791 in
1914 1729 2035 1795 orbem
2056 1744 2167 1803 terra·
2226 1746 2236 1759 ·

143 1828 222 1920 quis
237 1838 312 1895 riou
327 1828 513 1918 deploret?
554 1825 601 1897 Et
619 1824 675 1897 his
689 1830 800 1899 literis
814 1832 1025 1923 antiquatis,
1051 1829 1132 1921 qui·
1179 1848 1259 1891 rum
1277 1819 1365 1914 Opt.
1383 1823 1478 1893 Max.
1494 1821 1589 1892 Deus
1605 1822 1940 1915 effudit,Spiritum
1956 1831 2106 1923 scilicet,
2134 1847 2168 1906 et

141 1929 210 1997 bus
234 1929 319 1996 solis
342 1928 479 1996 muniri
502 1924 724 1999 Christianae
748 1954 804 1999 res
819 1932 999 2013 solebant,
1025 1952 1130 2021 quam
1181 1924 1361 1992 absolutae
1383 1924 1524 1993 virtutis
1545 1938 1725 2009 autorem,
1749 1938 1783 1993 et
1800 1929 2008 2000 arrabonem
2025 1935 2168 2022 gratiae,

142 2028 370 2122 tyrannidem
408 2027 447 2094 in
481 2051 604 2096 omncs
629 2024 815 2098 hominum
850 2030 994 2099 ordines
1022 2030 1131 2099 Satan
1180 2048 1285 2116 quem
1310 2019 1472 2107 antehac,
1485 2026 1660 2099 nesciebat
1682 2027 1889 2102 mortalitas.
1947 2029 2091 2103 Frustra
2110 2036 2167 2104 di-

143 2140 300 2198 exerceat
325 2128 503 2207 saeviens,
535 2129 640 2198 etiam
669 2125 952 2203 dicere'horreo.
1003 2127 1130 2217 Quon-
1180 2123 1273 2192 vinis
1303 2125 1440 2214 legibus
1469 2125 1628 2195 animum
1656 2128 1859 2213 devoveris,
1891 2131 1960 2199 nisi
1985 2127 2167 2205 Christum

142 2229 225 2297 dam
242 2230 436 2318 prudenter
450 2229 488 2296 iu
503 2229 792 2300 administrandis
806 2231 1010 2300 civitatibus
1031 2254 1131 2301 cave·
1180 2248 1273 2309 esse,
1297 2225 1409 2296 Paulo
1434 2227 1619 2315 magistro,
1651 2229 1738 2296 scias
1758 2234 1861 2312 eum,
1892 2256 2005 2324 aquo
2023 2237 2168 2325 spiritus

142 2331 266 2413 batur,
293 2353 339 2397 ne
360 2329 523 2420 publicae
545 2330 636 2420 leges
660 2331 925 2418 ignorarentur,
955 2332 1025 2400 nisi
1051 2333 1131 2425 quis
1180 2327 1352 2419 petendus
1366 2329 1412 2396 sit
1426 2352 1546 2396 amans
1560 2353 1683 2398 eorum
1700 2353 1790 2420 quae
1805 2331 1880 2418 lege
1896 2333 2080 2405 iubentur:
2103 2339 2167 2407 de-

142 2453 267 2499 aeueas
288 2428 588 2500 decem‘virorum
608 2432 708 2501 urbis
728 2430 866 2503 Romae
889 2435 1044 2517 tabulas,
1070 2446 1130 2502 aut
1182 2431 1265 2497 iude
1286 2443 1320 2499 et
1342 2430 1433 2521 qui,
1455 2430 1587 2520 siquid
1611 2443 1750 2520 praeter
1766 2431 1894 2519 legem,
1920 2448 1959 2503 ut
1977 2435 2167 2508 imbecilli·

141 2532 275 2619 ligneas
297 2526 570 2600 Atheniensium
593 2531 728 2614 ἄξονας
751 2535 870 2606 nescit.
929 2530 977 2604 Et
990 2533 1130 2624 sapien·
1180 2544 1232 2600 tas
1253 2524 1425 2614 humana,
1456 2531 1665 2622 deliqueris,
1697 2530 1864 2619 ignoscat.
1922 2532 2066 2605 Frustra
2082 2540 2166 2608 item

142 2633 298 2702 tissimus
313 2630 390 2703 Rex
408 2631 549 2717 Minos,
581 2630 694 2717 lovis,
720 2648 762 2704 ut
781 2637 919 2720 ferum,
944 2628 1128 2729 ὀαριστύς,
1179 2627 1428 2720 Evangelicam
1456 2627 1641 2701 historiam
1673 2632 1856 2715 didiceris,
1895 2634 1964 2702 nisi
2000 2631 2167 2710 historiae

141 2734 332 2827 quotannis
347 2734 438 2820 leges
453 2735 620 2804 suasaeri
636 2734 827 2827 insculptas
843 2750 897 2806 ter
911 2737 1130 2806 circumferri
1179 2756 1303 2823 scopos
1333 2744 1369 2803 et
1396 2755 1520 2817 usum,
1553 2734 1615 2802 illo
1648 2747 1883 2818 monstrante,
1915 2736 2166 2815 observaveris.

140 2857 359 2926 peromnem
375 2832 517 2903 Cretam
535 2835 666 2918 voluit,
691 2860 737 2906 ne
757 2861 831 2905 non
847 2850 962 2907 essent
975 2852 1009 2909 et
1022 2838 1129 2927 vulgo
1181 2833 1252 2904 Ubi
1276 2834 1320 2907 de
1340 2834 1428 2923 legis
1448 2835 1695 2923 abrogatione,
1726 2837 1770 2903 de
1791 2850 1953 2926 peccato,
1985 2841 2167 2928 decarne,

140 2935 357 3006 notissimae.
418 2933 518 3018 Quid
546 2958 759 3019 memorem,
800 2951 972 3028 quantum
1003 2962 1143 3028 operae
1180 2937 1224 3004 de
1249 2936 1397 3025 spiritu,
1429 2937 1474 3002 de
1498 2936 1581 3002 liliis
1602 2935 1821 3025 adoptionis,
1856 2938 1899 3003 de
1916 2938 2095 3026 libertate,
2122 2944 2166 3012 de
2206 3022 2210 3029 ,

138 3030 349 3122 Philosophi
374 3032 547 3118 dogmatis
578 3054 662 3102 suae
686 3035 834 3126 quisque
861 3036 1023 3106 factionis
1053 3039 1129 3106 edi·
1180 3036 1348 3106 servitute
1369 3034 1527 3113 disserit,
1561 3035 1759 3126 qnidaliud
1780 3037 1869 3122 agit,
1895 3054 2076 3129 quamut,
2102 3066 2176 3113 ceu.

137 3135 278 3206 scendis
293 3133 524 3225 impendant?
573 3131 709 3205 Pudeat
729 3128 969 3217 Christianos,
998 3139 1129 3230 quibus
1178 3130 1347 3204 methodo
1366 3134 1535 3227 quadam,
1560 3133 1745 3204 universae
1758 3139 1948 3228 scripturae
1964 3140 2084 3209 lumen
2101 3145 2166 3213 ad-

139 3235 227 3306 solis
252 3247 285 3303 et
306 3231 372 3302 Dei
393 3247 428 3303 et
450 3230 586 3318 Patris,
622 3248 656 3304 et
674 3235 872 3307 Servatoris
887 3239 943 3307 sui
961 3239 1127 3310 salutaria
1178 3236 1291 3308 ferar?
1328 3231 1468 3305 Omitto
1485 3260 1573 3327 quae
1590 3239 1772 3331 mysteria,
1796 3264 1901 3330 quam
1917 3241 2081 3311 sublimia
2100 3244 2165 3314 do·

138 3335 267 3427 placita
288 3336 360 3403 fere
381 3333 602 3423 ignorantur.
660 3333 708 3407 Et
731 3339 793 3430 qui
819 3350 871 3409 tot
890 3337 999 3429 Regis
1013 3341 1128 3411 nostri
1178 3350 1272 3421 crat,
1298 3338 1358 3406 ubi
1373 3341 1528 3426 coeperis
1541 3337 1579 3435 in
1595 3362 1674 3407 eum
1691 3339 1857 3409 attentius
1873 3341 1994 3410 oculos
2006 3345 2165 3434 defigere.

137 3436 341 3530 insignibus
354 3435 459 3504 nobis
472 3436 665 3526 placemus,
687 3439 826 3510 lavacro
836 3437 1125 3539 παλιγγενεσίας,
1177 3439 1271 3512 Satis
1287 3438 1443 3529 amplum
1464 3440 1559 3508 enim
1576 3439 1728 3510 fructum
1745 3442 1884 3525 leceris,
1909 3445 1942 3519 si,
1955 3443 2011 3512 vel
2032 3468 2051 3514 a
2069 3447 2165 3515 limi-

137 3539 223 3609 item
256 3559 354 3605 sacro
386 3560 495 3628 pane,
531 3539 622 3607 illud
651 3541 767 3631 ipsum
796 3542 1026 3631 negligimus,
1063 3568 1128 3635 per
1176 3564 1223 3610 ne
1249 3539 1467 3613 salutaveris.
1524 3538 1614 3608 Nam
1644 3541 1739 3632 quod
1779 3543 1821 3609 ad
1851 3544 2109 3616 confirmandas
2130 3561 2165 3620 et

135 3640 233 3732 qnod
274 3661 386 3707 unum
423 3637 583 3728 proxime
614 3642 658 3709 ad
693 3641 810 3732 ipsum
842 3644 960 3713 accedi
1000 3656 1126 3735 potest.
1178 3643 1411 3713 consolandas
1444 3640 1676 3710 conscientias
1715 3642 1856 3722 attinet,
1903 3669 2007 3714 nemo
2041 3646 2164 3735 Paulo,

137 3740 321 3833 Siquidem
338 3759 453 3806 sermo
470 3738 611 3808 maximi
628 3738 743 3810 Patris
757 3740 919 3813 Christus
935 3758 995 3814 est.
1042 3743 1125 3814 Non
1176 3767 1253 3813 mea
1276 3743 1419 3835 quidem
1443 3742 1634 3826 sententia,
1665 3744 1916 3833 praeferendus
1939 3760 2000 3815 est.
2057 3746 2165 3816 Sum-

137 3843 204 3911 alia
227 3842 365 3910 ratione
385 3834 567 3908 Christum
597 3843 726 3912 certius
755 3847 988 3935 expresserint
1015 3847 1125 3915 animi
1176 3868 1233 3914 ma
1253 3868 1336 3914 cura
1360 3856 1452 3927 esto,
1477 3857 1517 3914 ut
1540 3844 1578 3910 in
1597 3837 1663 3910 hoc
1684 3845 1814 3923 discas,
1841 3869 1910 3934 quo
1925 3840 2054 3912 habeas
2071 3848 2163 3917 vitae

136 3943 269 4022 nostri,
303 3964 408 4032 quam
440 3963 556 4010 sacrae
588 3944 769 4014 doctrinae
804 3948 941 4028 studio,
982 3948 1029 4015 in·
1055 3972 1123 4039 qua
1175 3947 1325 4031 formam
1341 3968 1381 4012 ac
1399 3945 1569 4027 regulam.
1619 3940 1763 4007 Etenim
1779 3943 2043 4032 sidisceptandi
2068 3961 2102 4017 et
2116 3949 2162 4017 li·
2180 4023 2190 4031 ,,

137 4046 233 4113 illins
260 4042 358 4111 velut
390 4042 427 4109 iu
458 4041 601 4132 speculo
632 4045 766 4113 relucet
791 4046 916 4133 imago.
972 4045 1124 4116 Carnem
1176 4044 1310 4131 tigandi
1327 4042 1436 4128 gratia
1456 4038 1639 4122 didiceris,
1664 4039 1745 4108 vide
1767 4065 1871 4132 quam
1886 4044 1993 4112 facias
2008 4059 2161 4119 atrocem
2217 4111 2221 4118 ,

136 4159 298 4216 aeternus
320 4141 388 4212 Dei
411 4164 526 4211 sermo
547 4142 684 4229 induit,
712 4158 807 4214 utet
833 4146 1126 4235 nossignificaret
1176 4141 1394 4212 sanctissimo
1423 4139 1500 4209 viro
1531 4139 1720 4225 iniuriam,
1753 4143 1815 4234 qui
1851 4144 1945 4233 pacis
1973 4147 2162 4238 adsertore,
2222 4230 2226 4235 ,

134 4247 247 4316 divini
263 4244 436 4314 sermonis
449 4245 657 4314 commercio
669 4240 942 4317 ἀποθεοῦσθαι.
974 4245 1012 4315 ld
1028 4250 1122 4337 quod
1175 4266 1348 4336 praecone
1361 4237 1513 4322 Christi,
1538 4241 1599 4334 qui
1616 4241 1712 4310 solus
1725 4267 1806 4311 vera
1823 4268 1888 4334 pax
1906 4258 1975 4326 est,
2001 4262 2071 4317 tam
2087 4250 2162 4321 soe-

136 4350 273 4436 elegans
287 4333 453 4438 quidam,
479 4358 513 4414 et
528 4345 608 4436 pius
620 4349 794 4415 nascentis
809 4345 985 4416 Ecclesiae
1001 4343 1125 4417 Theo·
1175 4349 1220 4415 de
1248 4343 1412 4413 abuteris.
1469 4341 1558 4411 Nam
1583 4344 1679 4435 quod
1704 4344 1846 4439 quidem
1869 4342 2083 4438 Theologica
2116 4355 2160 4423 sd

138 4449 239 4537 logus
270 4460 435 4531 testatur,
466 4446 651 4540 inquiens,
667 4442 746 4516 ¹nos
775 4472 937 4517 sermone
967 4451 1141 4519 veritatis
1175 4470 1332 4524 scenam,
1356 4445 1401 4512 ad
1417 4445 1513 4533 vulgi
1536 4444 1697 4530 plausum
1720 4462 1947 4536 comparant,
1973 4452 2160 4541 deploran-

139 4549 273 4639 genitos
297 4571 389 4631 esse,
421 4560 462 4617 ut
493 4570 646 4617 essemus
668 4550 847 4640 primitiae
874 4563 1125 4620 creaturarum.
1174 4551 1259 4617 ditm
1291 4546 1402 4633 magis
1433 4570 1537 4637 quam
1567 4545 1811 4613 insectandum
1842 4561 1902 4620 est.
1968 4548 2042 4617 lam
2065 4565 2161 4624 etex

138 4650 251 4739 Quod¹
271 4651 299 4716 si
319 4645 601 4719 Christianarum
624 4651 796 4719 mentium
820 4651 920 4719 alvus
936 4665 986 4720 est
1004 4648 1125 4719 Evan-
1173 4648 1286 4718 Panlo
1310 4668 1518 4734 cognoscere
1542 4646 1682 4728 licebit,
1715 4648 1775 4737 qui
1801 4649 1934 4718 fructus
1955 4650 2059 4740 longe
2080 4656 2161 4745 pul-

137 4751 439 4842 gelicadoctrina,
471 4774 562 4842 quae
586 4752 746 4836 vesania,
772 4776 862 4845 quae
881 4753 1042 4844 impietas
1063 4765 1125 4837 est,
1173 4747 1369 4820 cherrimus
1392 4761 1461 4831 est,
1494 4749 1588 4815 inter
1614 4742 1852 4816 Christianam
1878 4751 2095 4841 doctrinam,
2128 4769 2161 4825 et

135 4850 325 4924 hominum
356 4852 520 4940 figmenta
539 4851 745 5020 praeferre?
802 4851 849 4922 Et
873 4855 912 4921 in
939 4854 1046 4922 sacris
1069 4854 1125 4921 vel
1146 4844 1440 4954 ,Philosophiam
1461 4849 1605 4938 proprie
1628 4848 1713 4940 quid
1743 4849 1895 4918 intersit:
1930 4855 2026 4943 quod
2042 4871 2082 4924 ut
2097 4879 2161 4946 ap-

106 4955 289 5024 maxime
318 4952 501 5021 necessarii
532 4967 617 5022 smt
638 4955 682 5022 ad
705 4956 932 5022 formandum
956 4956 1126 5036 animum,
1172 4953 1287 5044 prime
1314 4951 1547 5019 necessarium
1578 4963 1629 5017 est
1657 4971 1883 5036 cognoscere,
1925 4967 2100 5047 quotquot
2122 4959 2160 5025 in

136 5054 238 5126 Pauli
255 5053 509 5125 commentarii.
551 5051 641 5122 Nam
657 5079 736 5123 cnm
753 5058 820 5124 alia
838 5056 1018 5123 volumina
1036 5056 1128 5145 leges
1173 5046 1429 5145 philosophicis
1452 5051 1578 5118 studiis
1595 5063 1799 5133 versantur,
1824 5051 1872 5119 ita
1891 5055 2086 5142 neglectum
2107 5060 2162 5124 vi.

136 5156 397 5248 praescribant,
432 5154 499 5222 alia
515 5170 824 5245 remmgestarum
844 5153 1026 5225 historiam
1047 5181 1129 5226 nar·
1173 5159 1283 5224 deoa
1316 5146 1478 5221 scholicis
1496 5150 1714 5221 Ductoribus
1743 5152 1781 5219 in
1804 5152 2025 5226 universum:
2056 5159 2161 5252 quie

136 5273 234 5341 rent,
271 5256 405 5325 Paulus
429 5268 549 5325 noster
571 5252 770 5326 methodica
795 5259 945 5349 quadam
970 5259 1131 5350 dispota-
1174 5248 1370 5344 Theologia
1403 5253 1507 5322 nobis
1534 5275 1609 5320 non
1637 5253 1740 5321 aliud·
1766 5254 1894 5339 lecere,
1928 5282 2033 5345 quam
2061 5260 2161 5327 illam

136 5361 235 5430 tione
248 5381 307 5428 eos
332 5357 429 5427 locos
443 5359 684 5452 persequitur,
708 5360 795 5430 citra
812 5383 902 5452 quos
917 5382 989 5429 non
1008 5364 1133 5429 admo-
1173 5355 1344 5429 Graeciae
1361 5349 1605 5525 hircissanterp
1627 5378 1753 5439 anum,
1778 5351 2058 5447 Philosophiam.
2106 5358 2161 5429 De

1615 5460 1633 5502 ᾖ

2215 3519 2218 3523 ’
2277 3530 2296 3571 a
