4732 6030
237 272 317 353 261,
889 262 1050 347 DECL.
1085 264 1160 343 DE
1194 261 1631 350 GRATITUDINE.
2205 288 2283 366 252

242 465 359 524 vester
380 450 427 522 ab
449 449 513 520 illo
531 444 718 520 transferat
741 464 781 513 ae
804 453 996 515 mutuetur.
1049 440 1127 512 Nos
1149 440 1233 535 qui·
1286 471 1402 542 neque
1417 448 1461 518 de
1475 447 1606 522 virtute
1623 448 1711 545 ipsa,
1729 475 1845 547 neque
1860 454 1904 527 de
1922 456 2048 531 vestris
2061 459 2200 535 meritis
2216 491 2283 559 pro

245 559 327 627 dem
342 568 513 649 quantum
528 551 566 617 in
581 545 647 617 hac
660 545 797 636 ingenii
812 559 916 639 atquc
933 543 1146 615 eruditionis
1161 568 1235 614 me·
1287 551 1456 641 dignitate
1474 552 1591 623 dicere
1610 578 1731 647 posse,
1756 558 1815 625 sed
1840 581 1942 649 spero
1959 586 2021 632 vos
2043 588 2108 655 pro
2126 571 2282 641 candore

245 659 431 729 diocritate
455 661 631 743 praestare
653 670 860 740 possumus,
893 648 1057 718 dabimus
1080 671 1237 737 operam,
1287 667 1404 724 vestro
1430 653 1586 725 osticium
1611 650 1676 751 hac
1699 658 1737 725 in
1760 681 1799 728 re
1821 684 1941 731 meum
1964 666 2179 755 probaturos
2196 695 2284 760 esse,

246 785 292 830 ne
313 780 416 851 quem
437 752 616 844 poeniteat
637 750 742 820 nobis
761 750 1010 821 enarrantibus
1031 745 1128 820 hunc
1143 749 1237 819 Poe-
1287 756 1425 826 etiamsi
1447 755 1649 850 eloquentia
1671 759 1901 837 desideretur.
1951 761 2072 853 Quare
2089 795 2152 841 vos
2174 775 2283 845 etiam

245 876 317 933 tam
334 879 477 949 operam
492 853 641 929 dedisse,
691 850 788 923 Dixi,
1289 870 1394 951 atque
1410 857 1514 928 etiam
1531 882 1615 946 oro,
1641 873 1681 930 ut
1699 854 1856 933 hominis
1882 868 2062 957 peregrini
2082 876 2282 946 orationem

1289 958 1383 1029 bona
1406 982 1486 1028 cum
1502 960 1606 1030 venia
1626 963 1797 1050 audiatis,
1821 964 1860 1036 id
1877 968 2087 1042 beneficium
2104 977 2208 1045 etiam
2223 979 2284 1047 in-

1290 1074 1344 1132 ter
1371 1074 1507 1131 caetera
1537 1086 1628 1155 quae
1655 1060 1748 1133 mihi
1776 1091 1798 1135 a
1820 1070 1921 1138 vobis
1950 1070 2196 1148 liberalissime
2220 1081 2286 1150 tri-

1291 1164 1473 1248 buuntur,
1502 1176 1602 1253 grato
1625 1165 1746 1236 animo
1771 1175 1972 1247 recensebo.
2030 1174 2137 1248 Scitis
2164 1195 2283 1251 autem

197 1257 202 1267 ·
257 1231 428 1357 QZ,
1059 1225 1237 1349 Q
1292 1261 1564 1350 Adolescentes,
1602 1267 1744 1337 nullum
1775 1271 1933 1343 officium
1955 1276 2084 1349 iustius
2114 1304 2154 1349 ac
2173 1284 2283 1373 magis

767 1428 776 1449 ‚
872 1428 880 1446 ,
1292 1366 1529 1436 necessarium
1550 1390 1642 1451 esse,
1668 1394 1774 1463 quam
1795 1366 1926 1445 habere
1945 1379 2093 1467 gratiam
2116 1384 2284 1455 beneme-

538 1428 613 1517 ὓθ
642 1426 950 1543 graffium&
1068 1542 1071 1546 ,
1293 1469 1382 1542 ritis.
1433 1465 1530 1538 Haec
1549 1469 1645 1539 enim
1662 1494 1734 1542 una
1751 1496 1818 1543 vox
1834 1490 1885 1547 est
1903 1503 1978 1548 nou
1995 1482 2110 1552 solum
2126 1487 2284 1557 erudito-

318 1584 400 1665 deur
417 1610 490 1665 cm,
505 1608 535 1662 at
555 1608 573 1661 ι,
593 1625 620 1679 p.
635 1606 685 1661 176
699 1625 773 1680 qq„
799 1606 827 1660 a„
844 1605 969 1662 nactam.
983 1605 1018 1662 p,
1031 1602 1053 1660 ι,
1070 1622 1098 1675 p.
1110 1602 1191 1672 632,
1211 1600 1240 1656 a„
1293 1596 1373 1645 rum
1387 1572 1570 1659 omnium,
1593 1575 1653 1644 sed
1670 1574 1781 1667 ipsius
1795 1578 1900 1648 etiam
1916 1595 2075 1668 naturae,
2100 1610 2191 1680 quae
2203 1613 2283 1659 snu-

352 1682 473 1740 aeream
485 1677 519 1735 T·
532 1628 555 1733 h
568 1678 667 1749 {³5⁵2
682 1687 709 1732 ²¹
722 1675 793 1749 ·t‘¹¹d
806 1675 932 1734 ttictand.
943 1674 977 1732 Τ·
991 1674 1027 1730 ¹¹·
1039 1692 1066 1747 Ρ·
1080 1673 1140 1728 ¹⁷9·
1293 1690 1351 1748 tus
1372 1675 1497 1745 officiis
1520 1671 1684 1746 homines
1708 1678 1802 1749 inter
1819 1704 1855 1750 se
1871 1683 2052 1755 devinctos
2070 1711 2142 1757 esse
2156 1690 2283 1764 voluit.

1295 1775 1415 1865 Quare
1435 1777 1564 1865 ingrati
1588 1803 1667 1847 carin
1686 1774 1772 1849 hacc
1788 1785 1960 1854 naturalia
1977 1787 2115 1857 vincula
2131 1791 2283 1860 societa-

252 1849 379 1919 0r0l2'0
403 1840 450 1914 de
468 1835 703 1936 mulitudine
720 1839 775 1908 M·
798 1832 1060 1907 Alexandri
1086 1833 1242 1904 ‘mm
1294 1880 1341 1950 tis
1362 1873 1538 1949 humanae
1558 1880 1776 1968 dissolvant,
1808 1885 1875 1976 ipsi
1898 1900 2041 1957 naturae
2069 1890 2201 1961 bellum
2222 1892 2282 1961 in-

251 1950 402 2036 scoti,
437 1945 604 2025 ”emit
640 1944 682 2010 ’Ὢ
713 1944 942 2032 Pr⁰m⁰¹i⁰ne
974 1940 1243 2035 M⁰9i⁸¹r⁰mm
1294 1980 1689 2056 ferreiudicandisunt.
1724 1979 1802 2055 Etsi
1815 2002 1930 2057 autem
1946 1982 2033 2060 haec
2046 1990 2122 2083 ipsa
2136 2008 2283 2064 naturae

540 2066 638 2117 (ΨΜ
656 2042 953 2116 ΜΠᾸΧΧΨ·
1295 2082 1348 2151 lex
1362 2081 1483 2150 divina
1499 2084 1673 2177 quaedam
1686 2111 1753 2156 vox
1768 2100 1817 2158 est
1834 2091 2012 2161 mentibus
2027 2087 2213 2164 hominum
2228 2096 2286 2165 in-

251 2196 338 2280 Etsi
355 2197 507 2267 aliorum
521 2188 730 2275 consilium,
755 2189 819 2284 qui
834 2184 903 2259 hoc
923 2188 1002 2258 loco
1017 2187 1061 2257 de
1077 2185 1243 2257 universa
1294 2183 1437 2275 scripta,
1457 2197 1577 2254 tamen
1592 2198 1627 2255 et
1639 2186 1677 2254 in
1692 2189 1798 2259 sacris
1809 2190 1922 2261 literis
1937 2208 2058 2265 extant
2072 2196 2165 2265 clara
2182 2221 2285 2288 prae·

251 2294 484 2392 Philosophia
499 2296 612 2389 deque
626 2293 727 2364 omni
739 2292 877 2363 ratione
893 2289 1093 2362 studiorum
1107 2287 1244 2377 gravis-
1295 2300 1413 2375 cepta,
1446 2309 1536 2377 quac
1559 2310 1625 2357 nos
1645 2291 1689 2357 ad
1712 2291 1905 2397 colendam·
1920 2296 2174 2385 gratitudinem
2199 2292 2286 2370 bor-

254 2410 343 2482 dine
358 2402 476 2473 dicere
495 2398 612 2467 solent
626 2416 840 2486 magnopere
861 2393 995 2486 probo,
1018 2405 1137 2479 tamen
1153 2413 1245 2482 quo·
1295 2401 1434 2472 tantur,
1468 2400 1502 2457 et
1523 2390 1667 2481 quidem
1692 2392 1800 2482 gratis
1825 2397 1998 2486 praemia,
2031 2398 2179 2494 ingratis
2201 2426 2284 2472 vero

253 2510 349 2581 niam
374 2505 414 2571 in
429 2496 497 2569 bac
515 2494 651 2588 in'gcnii
671 2495 743 2565 mei
766 2494 971 2569 infirmitate
992 2490 1244 2581 intelligebam,
1295 2511 1427 2582 poenas
1442 2489 1614 2561 divinitus
1634 2494 1785 2583 proponi
1805 2498 1943 2569 docent.
1994 2495 2052 2568 Sic
2076 2500 2170 2568 enim
2197 2504 2286 2572 scri-

252 2636 310 2683 me
325 2629 399 2679 non
415 2624 516 2697 posse
530 2610 710 2671 tantarum
729 2621 850 2667 rerum
866 2598 1071 2666 varietatem
1084 2593 1244 2663 oratione
1296 2605 1398 2685 ptum
1426 2605 1494 2662 ests
1527 2589 1609 2663 Non
1641 2595 1779 2665 recedet
1808 2598 1984 2668 malama
2012 2604 2117 2671 domo
2144 2603 2287 2692 ingrati,

252 2717 450 2787 illustrare,
477 2699 644 2774 constitui
659 2700 704 2769 de
715 2722 787 2769 uua
801 2699 955 2794 quadam
968 2697 1099 2767 virtute
1116 2695 1244 2774 dicere,
1296 2692 1418 2782 Quare
1435 2717 1509 2761 non
1527 2694 1643 2765 solum
1660 2709 1785 2767 natura
1803 2697 1958 2788 ingratos
1974 2715 2141 2794 tanquam
2159 2698 2287 2775 imina‘-

254 2818 363 2907 digna
383 2830 465 2879 eum
485 2802 590 2875 bonis
614 2800 700 2870 viris
725 2800 912 2882 omnibus,
946 2812 1124 2869 tumvero
1141 2819 1245 2889 prae-
1296 2795 1677 2868 niamonstraoditct
1694 2814 1884 2886 execratur,
1908 2804 2089 2873 sedetiam
2106 2818 2208 2894 urget
2223 2831 2285 2879 eos

254 2921 356 3011 cipue
378 2907 509 2982 harum
534 2916 735 2974 nostrarum
751 2902 881 2974 artium
898 2924 938 2972 ac
962 2894 1147 2973 literarum
1170 2910 1246 2967 stu·
1296 2896 1393 2969 Deus
1407 2896 1608 2967 iustissimis
1622 2901 1757 2990 poenis.
1795 2898 1950 2973 Proinde
1966 2904 1996 2972 si
2009 2917 2174 2975 naturam
2189 2908 2286 3000 aspi-

254 3017 381 3100 diosis,
407 3008 572 3081 videlicet
594 3006 638 3075 de
657 3003 891 3095 gratitudine:
927 3027 1034 3098 quam
1057 3000 1246 3090 utdelige-
1297 2998 1430 3069 eiemus
1442 3011 1478 3068 et
1491 3000 1592 3095 quasi
1608 3001 1815 3074 evolvamus
1830 3005 1967 3074 animos
1984 3006 2050 3097 ipsi
2072 3020 2227 3091 nostros,
2254 3015 2284 3080 si

255 3145 348 3204 rem,
372 3137 447 3183 non
462 3110 577 3182 solum
592 3107 733 3201 publica
748 3129 852 3177 causa
867 3106 1041 3177 adductus
1055 3127 1154 3189 sum,
1177 3102 1246 3173 etsi
1297 3124 1412 3171 sacras
1434 3100 1555 3170 literas
1578 3105 1822 3190 consulemus,
1857 3130 1931 3176 nou
1952 3108 2067 3177 solum
2089 3108 2288 3181 videbimus

255 3236 470 3309 magnopere
495 3224 579 3303 opto
603 3233 701 3293 cam,
733 3232 813 3278 cum
837 3231 919 3278 vere
944 3208 991 3278 sit
1011 3206 1246 3276 maximarum
1298 3214 1471 3297 quantum
1498 3198 1628 3273 habeat
1650 3205 1867 3294 ingratitudo
1898 3209 2056 3292 sceleris,
2095 3213 2286 3283 sedetiam

254 3324 429 3395 uirtutum
450 3312 589 3394 nutrix,
614 3310 659 3376 ab
674 3309 841 3378 omnibus
865 3331 1005 3378 summo
1025 3308 1144 3377 studio
1166 3306 1246 3392 coli,
1298 3304 1571 3389 constituemus,
1604 3329 1677 3375 non
1708 3329 1779 3375 esse
1806 3307 2065 3394 dubitandum,
2099 3312 2187 3405 quin
2210 3312 2287 3385 Deo

256 3415 504 3496 verumetiam
519 3410 693 3506 quaedam
709 3433 764 3478 me
785 3409 915 3501 privati
931 3409 1022 3479 ratio
1042 3408 1244 3499 commovit
1298 3429 1430 3499 poenas
1444 3406 1573 3495 ingrati
1590 3406 1708 3477 daturi
1721 3407 1804 3481 sint.
1851 3406 1948 3480 Haec
1962 3410 1992 3479 si
2007 3413 2288 3498 considerabitis,

256 3522 402 3602 Etenim
423 3540 504 3589 cum
520 3536 583 3607 per
598 3510 768 3581 iniuriam
791 3534 848 3581 me
863 3510 978 3604 patria
997 3509 1160 3602 pulsum,
1184 3531 1248 3578 ve-
1298 3521 1339 3577 ut
1361 3529 1425 3575 vos
1446 3509 1650 3598 praesertim
1674 3510 1791 3589 decet,
1817 3512 1880 3605 qui
1903 3513 1948 3581 ad
1971 3514 2086 3583 studia
2113 3516 2286 3586 virtutum

256 3629 414 3701 nientem
438 3616 510 3691 huc
533 3640 575 3684 ex
597 3613 668 3684 alio
684 3612 771 3683 orbe
791 3636 927 3683 summa
945 3606 1166 3683 humanitate
1178 3605 1248 3681 ho·
1299 3603 1453 3679 adhibiti
1469 3610 1570 3694 estis,
1603 3612 1763 3682 statuetis
1778 3636 1859 3693 vus,
1885 3627 1919 3684 et
1932 3627 1972 3685 ut
1987 3612 2061 3685 Deo
2082 3626 2115 3684 et
2137 3629 2286 3687 naturae

257 3728 363 3825 spitio
377 3717 594 3814 exceperitis,
611 3728 646 3785 et
658 3738 771 3785 annos
787 3716 857 3807 iam
870 3715 1008 3810 aliquot
1021 3722 1181 3784 amanter
1195 3725 1247 3784 te·
1300 3710 1467 3804 parcatis,
1493 3736 1573 3780 carm
1588 3736 1669 3803 erga
1688 3712 1796 3794 alios,
1822 3728 1897 3783 tum
1914 3716 2064 3785 maxime
2085 3739 2165 3889 erqa
2182 3742 2289 3811 prae-

222 3870 230 3879 ·
257 3832 364 3927 gatis,
386 3826 490 3897 valde
512 3820 747 3891 laborandum
771 3812 860 3887 mihi
886 3816 1027 3911 putavi,
1051 3829 1093 3886 ut
1115 3829 1249 3886 extaret
1299 3825 1458 3903 ceptores
1479 3827 1633 3899 vestros,
1659 3828 1694 3884 et
1715 3810 1807 3884 hanc
1825 3816 2053 3887 Academiam
2077 3840 2137 3908 gra
2153 3841 2193 3889 os
2214 3844 2290 3892 esse

257 3937 376 4027 aliqua
391 3922 618 4019 gratitudinis
631 3945 729 3991 meae
742 3918 962 4010 significatio.
997 3915 1249 3991 CaiusCaesar
1299 3917 1440 3989 debere.
1480 3910 1623 3985 Etenim
1638 3940 1718 3986 cnm
1734 3917 1874 3987 nullum
1890 3919 2288 3992 sitmaiusbenefieium

257 4037 432 4125 insignem
454 4024 705 4119 hospitalitatis
730 4022 871 4092 laudem
899 4021 1026 4093 tribuit
1047 4018 1249 4106 Germanis,
1300 4017 1474 4095 interris,
1500 4041 1607 4111 quam
1622 4018 1791 4103 veritatis,
1816 4032 1851 4089 et
1864 4034 1979 4091 rectae
1993 4022 2174 4092 doctrinae
2190 4046 2291 4093 cons-

258 4137 351 4211 hanc
370 4156 433 4221 ego
447 4131 488 4201 in
502 4124 559 4197 his
575 4123 663 4193 meis
677 4124 858 4191 erroribus
876 4136 911 4193 et
928 4125 1033 4193 exilio
1048 4148 1128 4194 meo
1150 4147 1248 4192 com·
1300 4118 1508 4206 manicatio,
1532 4120 1689 4212 profecto
1701 4119 1812 4191 nullis
1825 4121 1904 4211 plus
1918 4122 2087 4194 debemus
2099 4146 2207 4217 quam
2221 4119 2290 4212 his,

259 4238 346 4334 peri,
361 4255 423 4303 vos
438 4226 589 4305 etaeteri
608 4222 769 4292 instituto
786 4224 950 4303 retinere,
973 4238 1006 4293 et
1022 4223 1062 4291 in
1075 4219 1142 4294 hac
1161 4226 1249 4294 urbe
1301 4246 1454 4314 quorum
1469 4222 1602 4306 labore,
1634 4221 1703 4289 tide
1728 4245 1768 4290 ac
1782 4222 1994 4294 liberalitate
2008 4248 2064 4294 res
2077 4238 2196 4297 tantm
2209 4239 2290 4299 tau·

259 4337 446 4437 praecipue
461 4326 612 4401 exerceri
627 4324 686 4417 pio
703 4324 857 4417 quodam
868 4319 1090 4393 Christianae
1106 4325 1249 4413 religio·
1301 4348 1407 4417 quam
1432 4323 1471 4393 in
1486 4321 1558 4394 vita
1581 4323 1796 4393 necessariae
1817 4325 1923 4395 nobis
1944 4327 2167 4417 contingunt.
2217 4327 2291 4399 Ne-

259 4444 316 4516 nis
332 4434 472 4515 studio,
498 4451 588 4523 quae
612 4428 705 4494 inter
728 4437 879 4493 caeteras
895 4424 1043 4493 virtutes
1063 4418 1250 4517 hospitali·
1301 4451 1370 4519 que
1387 4425 1484 4494 enim
1503 4425 1692 4515 ignoratis,
1717 4425 1827 4494 vitam
1850 4427 1927 4496 sine
1947 4428 2081 4515 literis,
2103 4430 2182 4499 sine
2205 4432 2293 4501 reli·

259 4559 367 4621 tatcm
383 4535 453 4608 coli
471 4528 690 4625 praecipitet
710 4525 925 4617 amplissime
947 4526 1114 4597 laudibus
1136 4543 1249 4598 ornat.
1301 4528 1417 4616 gionis
1431 4528 1594 4609 scicntia,
1619 4525 1697 4595 sine
1719 4527 1940 4620 antiquitatis
1956 4530 2107 4617 noticia,
2131 4530 2292 4602 sineali·

261 4648 380 4738 Quare
407 4636 554 4735 gratiam
583 4627 652 4700 hoc
676 4628 820 4700 nomine
842 4623 954 4697 habeo
981 4624 1064 4699 huic
1087 4629 1249 4722 publicae
1302 4654 1370 4719 qua
1393 4642 1539 4698 naturae
1562 4640 1668 4720 atque
1690 4622 1920 4701 honestorum
1942 4633 2142 4705 officiorum
2166 4635 2292 4725 cogui-

261 4745 405 4822 diceadi
420 4732 687 4818 consuetudini,
713 4733 807 4824 quod
826 4732 962 4801 aditum
987 4726 1077 4800 mihi
1097 4726 1142 4799 ad
1166 4732 1250 4801 uni·
1302 4732 1400 4799 tione
1416 4754 1489 4798 trun
1508 4731 1622 4799 solum
1640 4730 1831 4817 incultam,
1856 4732 1917 4802 sed
1935 4732 2040 4824 plane
2056 4736 2294 4808 miserrimam

260 4871 380 4923 versos
410 4868 472 4916 vos
501 4836 665 4934 patefacit
693 4847 728 4904 et
758 4832 977 4902 occasionem
1011 4834 1156 4923 praebet
1186 4832 1248 4903 diu
1301 4832 1420 4904 fnisse.
1471 4828 1636 4924 Denique
1661 4834 1768 4904 etiam
1797 4835 1973 4924 pecudum
1995 4828 2069 4909 uita
2098 4838 2298 4930 optabilior

259 4965 435 5047 optatam,
466 4940 622 5013 vicissim
652 4958 751 5006 meae
782 4934 976 5003 voluntatis
1007 4934 1249 5007 declarandae.
1301 4933 1409 5003 suerit
1440 4956 1547 5026 quam
1585 4928 1792 5019 hominum,
1838 4936 2043 5027 quamlibet
2066 4940 2297 5013 affluentium

260 5052 494 5147 Aptissimum
514 5043 624 5133 igitur
645 5035 714 5108 hoc
737 5050 983 5127 argumentum
1005 5060 1102 5106 meae
1127 5060 1249 5129 perso·
1302 5033 1463 5103 omnium
1488 5058 1606 5105 rerum
1632 5038 1750 5129 copia,
1781 5037 1810 5105 si
1835 5061 1915 5107 cum
1933 5039 2006 5109 illis
2024 5041 2183 5112 tenebris
2203 5066 2295 5115 con-

138 5120 163 5161 ’1
259 5182 327 5229 nac
349 5176 422 5224 esse
443 5143 626 5217 iudicavi,
662 5138 802 5210 Deinde
824 5162 899 5208 non
917 5137 1032 5207 solum
1050 5138 1249 5208 orationem
1302 5138 1421 5206 iuncta
1442 5151 1493 5208 est
1515 5136 1734 5227 impiissimis
1757 5137 1827 5208 illis
1845 5143 2024 5212 erroribus
2045 5156 2079 5213 et
2091 5142 2190 5215 vitiis
2210 5168 2296 5237 age-

260 5282 392 5339 meam,
426 5251 485 5320 sed
510 5247 615 5315 etiam
644 5242 841 5332 exemplum
863 5240 1062 5312 arbitrabar
1086 5242 1251 5332 profutu-
1302 5254 1365 5308 ret.
1418 5237 1540 5332 ltaque
1555 5240 1658 5309 facile
1673 5240 1823 5309 iudicari
1845 5257 1982 5334 potest,
2008 5246 2205 5336 plurimum
2226 5271 2298 5321 nos

261 5344 440 5440 rumcsse,
463 5342 680 5422 exuscitandi
696 5342 889 5433 aliquosad
907 5342 1158 5433 gratitudinem
1174 5366 1250 5411 ma·
1301 5343 1431 5411 debere
1455 5340 1528 5411 illis
1549 5342 1641 5414 vitae
1667 5342 1837 5427 ducibus,
1869 5346 1932 5436 qni
1961 5370 2025 5415 nos
2048 5347 2085 5415 in
2111 5348 2226 5419 lucem
2253 5375 2296 5421 ex

260 5464 329 5537 iuri
354 5453 537 5548 diligentia
561 5444 819 5542 praestandam.
871 5444 1034 5535 Agnosco
1058 5457 1176 5516 autem
1193 5468 1249 5514 me
1302 5444 1551 5513 obscurissima
1574 5440 1725 5532 caligine
1750 5446 1923 5530 educunt,
1953 5461 1987 5519 et
2007 5450 2097 5518 bene
2121 5452 2297 5546 beateque
