4732 6030
255 289 331 365 ssa
945 279 1107 354 naon
1144 278 1220 355 na
1254 278 1576 358 suanosto.
2210 301 2287 379 aaa

256 461 459 542 Aristiden,
484 455 680 534 Socratem,
705 450 867 531 Fabium,
892 449 1105 541 Scipionem.
1148 452 1242 543 Quia
1292 454 1331 522 in
1355 453 1433 522 ocio
1455 453 1703 542 languefactis,
1730 480 1818 548 quae
1851 457 2020 533 dedecora
2052 484 2170 544 secuta
2194 493 2286 553 sunt.

256 567 351 637 enim
373 562 467 632 Deus
488 554 631 648 politias
652 567 686 623 et
709 553 906 644 arteslvitae
922 556 1027 625 utiles
1049 569 1243 638 conservat,
1292 553 1380 624 Nam
1404 555 1479 623 sine
1494 555 1568 624 filio
1586 554 1677 637 Dei,
1698 572 1738 625 ut
1759 557 1833 649 ipse
1852 561 1985 654 inquit:
2010 565 2098 639 Sine
2113 597 2172 644 me
2197 576 2288 650 nibil

255 669 434 738 interdum
449 656 546 726 addit
569 669 645 724 tum
663 656 977 744 gubernatoribus,
1001 670 1077 726 tum
1099 658 1243 729 artilici-
1291 659 1437 747 potestis
1451 658 1582 743 facere,
1605 659 1710 729 etiam
1726 662 1888 732 coelestia
1904 667 1997 736 dona
2021 696 2096 741 non
2119 693 2203 749 sunt
2218 685 2288 752 dst-

256 772 323 838 bus
338 760 497 832 heroicos
521 771 655 825 motus:
683 781 747 824 nec
765 757 972 826 inusitatum
988 773 1059 842 est,
1085 761 1171 829 tales
1187 761 1243 827 vi·
1292 759 1427 828 rabilia.

255 890 314 938 ros
336 862 438 932 certis
451 858 647 929 virtutibus
669 860 876 928 antecellere
892 860 972 949 piis.
1024 859 1094 931 Sed
1110 885 1151 930 eo
1168 885 1244 929 ma·
1393 857 1463 929 Sed
1485 858 1578 927 dicet
1601 855 1853 952 Symmachus,
1880 890 1943 936 cur
1967 870 2075 959 igitar
2095 890 2167 949 tam
2188 884 2287 957 foedi

253 969 306 1058 gis
327 947 521 1033 dolendum
542 973 611 1044 est,
636 959 785 1030 tautavi
808 959 1032 1049 ingeniorum
1054 963 1244 1055 praeditos,
1291 961 1409 1051 lapsus
1434 974 1534 1043 sunt,
1560 959 1759 1044 samsonis,
1788 964 1936 1039 Davidis
1961 988 1995 1042 et
2016 977 2187 1071 aliorum,
2220 991 2285 1079 qui

255 1091 329 1138 nou
346 1085 547 1155 agnoscere,
571 1084 646 1131 nou
662 1054 838 1145 iuvocare,
861 1086 934 1131 non
950 1063 1126 1133 celebrare
1141 1077 1241 1133 auto-
1293 1061 1445 1151 amplexi
1459 1062 1602 1129 luerunt
1617 1057 1874 1153 Prophetarum
1891 1071 2114 1149 doctrinam?
2149 1082 2284 1158 Eadem

254 1195 329 1240 rem
346 1166 473 1236 Deum.
524 1161 670 1233 Summa
692 1175 745 1232 est
767 1163 906 1231 miseria
924 1164 1041 1233 vivere
1063 1161 1243 1234 hominem
1294 1185 1395 1231 causa
1419 1176 1488 1245 est,
1512 1164 1606 1254 qnod
1633 1166 1744 1231 nostri
1767 1190 1868 1258 saepe
1893 1187 2065 1247 rectorem
2089 1183 2198 1256 lilium
2219 1190 2284 1260 Dei

254 1275 331 1343 sine
347 1268 442 1345 Deo,
468 1260 535 1334 huc
557 1278 628 1347 est,
654 1288 728 1332 nun
745 1264 910 1332 invocare
926 1260 1061 1344 Deum,
1084 1290 1159 1334 non
1181 1261 1244 1334 ha·
1295 1265 1492 1346 excutiunt,
1520 1278 1560 1331 ut
1575 1263 1661 1333 Saul
1689 1279 1722 1335 et
1743 1268 1805 1336 alii
1837 1270 2127 1359 innumerabiles,
2179 1287 2284 1359 Nulla

254 1373 339 1443 bere
379 1367 558 1437 custodem
594 1366 762 1434 adversus
795 1364 987 1434 Diabolum
1021 1391 1094 1436 non
1128 1350 1246 1437 iu'vari
1295 1360 1794 1456 enimesthominisperlecta
1812 1372 1935 1446 virtus.
1987 1378 2285 1463 Sedmultisecoe

254 1498 274 1542 a
292 1473 365 1540 lilio
389 1467 470 1546 Dei,
496 1489 638 1535 manere
654 1460 790 1536 hostem
807 1463 893 1546 Dei,
924 1480 958 1536 et
975 1467 1019 1535 ab
1036 1492 1076 1537 eo
1092 1469 1208 1540 abiici.
1295 1467 1484 1535 sentiemes
1499 1469 1649 1537 redeunt
1665 1469 1709 1536 ad
1727 1469 1860 1557 Deum,
1884 1479 2003 1563 agnito
2022 1484 2221 1577 placatore,
2247 1509 2284 1564 ut

355 1570 465 1642 Recte
479 1564 549 1637 hoc
564 1567 685 1651 Stoici,
709 1567 829 1635 omnia
847 1569 942 1636 nasci
959 1563 1143 1640 hominum
1161 1595 1244 1639 cau·
1294 1567 1465 1652 Samson,
1489 1564 1622 1652 David,
1648 1567 1841 1641 Manasses.
1889 1573 1958 1648 Hic
1974 1587 2084 1673 magis
2100 1590 2206 1661 etiam
2222 1597 2284 1664 de-

255 1697 313 1759 sa,
344 1668 509 1741 homines
530 1692 613 1738 vero
637 1682 678 1738 ut
699 1668 812 1738 Deum
837 1669 1024 1740 celebrent.
1085 1671 1246 1742 Fuerunt
1293 1670 1488 1760 plorandae
1503 1681 1586 1737 sunt
1601 1664 1822 1744 ethnicorum
1839 1680 2015 1758 tenebrae.
2058 1685 2284 1766 Herculesin

255 1774 375 1862 magni
394 1771 461 1838 viri
479 1782 513 1838 et
542 1770 647 1838 utiles
662 1769 795 1861 patriae
820 1769 951 1840 Fabius
973 1785 1007 1840 et
1022 1770 1160 1863 Scipio:
1184 1775 1244 1841 sed
1295 1772 1400 1840 rebus
1421 1770 1583 1840 secundis
1601 1768 1716 1840 Deum
1740 1797 1815 1842 non
1833 1777 1988 1865 invocat,
2010 1810 2074 1855 nec
2091 1796 2203 1863 cernit
2225 1821 2284 1865 ar-

257 1887 392 1970 quanto
407 1872 554 1940 fuissent
571 1870 857 1960 praestantiores,
883 1871 914 1939 si
928 1872 967 1940 in
981 1872 1052 1940 illis
1066 1873 1173 1956 tantis
1189 1899 1246 1942 re-
1295 1887 1428 1942 matum
1452 1894 1488 1939 se
1510 1894 1582 1938 esse
1604 1867 1670 1940 hoc
1686 1875 1813 1943 robore
1835 1879 1945 1948 animi
1962 1885 2141 1960 divinitus.
2195 1894 2282 1966 ldeo

256 1973 507 2063 ausgerenais
527 1969 641 2041 Deum
662 1973 900 2057 invocassent,
926 1988 961 2044 et
976 1974 1165 2044 sensissent
1181 1977 1243 2044 ad·
1294 1975 1401 2066 paulo
1431 1986 1509 2062 pust
1540 1985 1675 2043 tantum
1701 1976 1806 2049 decus
1827 1981 1977 2069 amittit,
2009 1989 2136 2061 deinde
2161 1996 2199 2063 in
2224 2023 2284 2066 ae-

256 2100 330 2147 esse
353 2077 478 2144 ducem
512 2085 546 2143 et
577 2074 847 2162 gubernatorem
875 2086 1053 2144 tantorum
1084 2078 1246 2145 certami-
1294 2075 1431 2144 rumnis
1453 2075 1541 2142 iacet
1564 2073 1751 2154 stacheo,
1783 2079 1858 2149 sine
1881 2085 2105 2174 opitulatore.
2155 2094 2229 2167 Nec
2252 2101 2283 2168 ei

251 2202 363 2260 uum,
397 2200 436 2244 ac
461 2173 626 2242 victorias
654 2173 885 2246 contulissent
911 2177 955 2243 ad
982 2180 1246 2267 propagandam
1296 2178 1489 2269 quidquam
1513 2169 1673 2243 ethnicae
1695 2177 1882 2267 religiones
1904 2205 2065 2275 prosunt.
2117 2194 2168 2267 At
2182 2197 2284 2270 Sam.

255 2279 454 2349 doctrinam
477 2277 520 2344 de
545 2272 642 2358 Deo,
674 2275 719 2343 de
743 2272 810 2343 Dei
830 2275 1074 2357 invocatione,
1107 2280 1245 2350 devita
1295 2276 1388 2360 soni,
1414 2273 1544 2343 Davidi
1566 2278 1708 2365 prodest
1727 2275 1913 2369 Evangelii
1934 2291 2085 2380 noticia,
2111 2302 2204 2389 quod
2231 2316 2283 2370 te-

257 2394 409 2450 acterna.
461 2373 560 2463 Quid
583 2375 711 2444 attinet
728 2375 885 2461 vincere,
911 2378 940 2445 si
963 2401 1084 2468 pacem
1106 2392 1245 2450 tantum
1295 2393 1408 2448 statur
1432 2377 1606 2445 divinitus
1637 2379 1765 2468 respici
1791 2384 1969 2473 adflictos,
1999 2406 2040 2468 ut
2062 2418 2163 2488 saepe
2188 2399 2284 2473 canit

256 2483 377 2558 luxus,
409 2477 597 2558 libidines,
630 2475 799 2559 avaricia,
834 2479 997 2567 superbia
1023 2480 1246 2549 comitentur.
1294 2476 1430 2569 David,
1456 2491 1497 2546 ut
1520 2478 1557 2545 in
1573 2477 1724 2548 Psalmis
1744 2481 1893 2556 dicitur:
1922 2488 2049 2562 lnvoca
2063 2521 2118 2567 me
2135 2501 2173 2568 iu
2188 2504 2282 2573 cala.

256 2579 337 2651 lure
362 2578 470 2667 igitur
495 2576 724 2645 anteferimus
752 2572 807 2646 his
841 2579 1070 2649 bellatoribus
1096 2594 1246 2666 nostros,
1295 2582 1435 2661 mitate,
1456 2592 1489 2647 et
1505 2579 1651 2668 eripiam
1667 2595 1708 2650 te.

236 2710 239 2715 ·
255 2679 441 2763 Davidem,
468 2676 887 2762 Macabaeumetsimiles,
913 2681 975 2772 qui
990 2681 1027 2748 in
1043 2681 1127 2772 ipsis
1144 2708 1245 2774 prae·
1388 2678 1529 2748 Audisti
1545 2677 1756 2772 Symmache
1769 2684 1932 2759 distincta
1948 2694 2130 2768 doctrinae
2144 2723 2283 2791 genera,

255 2785 314 2854 liis
326 2779 441 2851 Deum
457 2778 689 2862 invocabant,
715 2791 748 2847 et
773 2779 956 2870 religionis
971 2805 1073 2851 verae
1096 2787 1245 2854 tuendae
1295 2805 1478 2875 quaecum
1504 2781 1608 2848 ambo
1627 2783 1717 2851 natis
1735 2787 1778 2854 ad
1801 2789 2097 2865 immortalitatem
2121 2825 2281 2875 necessa-

255 2906 359 2956 πω,
374 2881 601 2951 dimicabant.
1294 2885 1348 2952 ria
1369 2881 1457 2965 sint,
1483 2882 1585 2953 lateri
1605 2905 1743 2955 necesse
1771 2903 1823 2959 est
1848 2894 2006 2965 mutilam
2031 2921 2103 2968 esse
2128 2919 2280 2978 vestram

225 2970 241 3027 '²
357 2982 543 3053 Praeterea
576 2980 801 3050 excellentem
840 2982 1006 3055 virtutem
1043 2985 1245 3055 destitutam
1294 2983 1511 3067 doctrinam,
1537 3006 1626 3075 quae
1650 3009 1794 3075 prorsus
1810 2991 1968 3082 ignorat,
1993 3006 2167 3091 quomodo
2184 3007 2279 3078 Deus

256 3084 411 3156 excubiis
429 3099 464 3153 et
488 3082 645 3151 custodia
663 3083 727 3150 lilii
750 3080 836 3166 Dei,
869 3086 1067 3178 plerunque
1083 3086 1246 3156 diabolus
1295 3085 1450 3176 placatus
1465 3083 1526 3169 sit,
1548 3079 1640 3152 nihil
1656 3089 1816 3160 adlirmat
1830 3096 2008 3171 defuturo
2023 3103 2164 3189 iudicio,
2188 3104 2280 3179 nihil

257 3188 303 3257 de
320 3197 412 3252 statu
428 3184 602 3251 deturbat.
650 3181 733 3250 ldeo
747 3185 846 3253 vides
862 3185 899 3253 iu
916 3182 1072 3256 historiis
1090 3211 1247 3256 summos
1295 3190 1338 3255 de
1365 3186 1545 3254 voluntate
1572 3186 1637 3255 Dei
1667 3212 1745 3281 erga
1778 3195 1952 3269 adflictos.
2015 3200 2176 3276 Haecin
2206 3213 2281 3280 3010

256 3289 354 3357 viros
367 3285 439 3354 fere
455 3305 579 3350 omnes
593 3282 791 3370 insignibus
803 3285 1012 3374 quibusdam
1027 3280 1168 3380 probris
1184 3291 1247 3356 de-
1294 3284 1490 3374 Evangelio
1510 3288 1697 3357 traduntur
1718 3293 1810 3381 quod
1826 3289 1984 3366 Ecclesia
2008 3307 2171 3376 omnium
2195 3325 2282 3382 tem-

255 3390 426 3460 lormatus
449 3404 533 3453 esse.
590 3381 790 3452 Meministi
813 3383 1023 3477 Symmache
1052 3411 1107 3456 res
1136 3402 1247 3476 gestas
1296 3402 1422 3477 porum
1450 3388 1640 3476 profitetur.
1700 3392 1859 3478 Agnosce
1882 3394 1991 3484 igitur
2016 3409 2180 3478 tenebras
2199 3437 2282 3494 esse,

257 3485 526 3568 Themistoclis,
551 3497 584 3553 et
605 3507 695 3576 quae
709 3485 754 3552 de
769 3506 809 3551 eo
833 3487 1020 3574 praeconia
1035 3488 1156 3558 fecerit
1174 3503 1247 3558 tota
1296 3483 1517 3558 ethnicorum
1543 3489 1747 3576 religiones,
1779 3505 1813 3562 et
1835 3497 2039 3589 obtempera
2055 3511 2134 3575 voci
2151 3509 2219 3581 Dei
2239 3519 2283 3586 de

257 3587 421 3672 Graecia,
446 3585 611 3656 videlicet
624 3582 730 3655 huius
743 3585 850 3655 uuius
866 3586 935 3654 viri
950 3588 1120 3673 consiliis,
1136 3590 1247 3660 victos
1295 3590 1393 3660 coelo
1409 3592 1548 3658 sonanti
1565 3615 1605 3660 ac
1621 3593 1861 3682 praecipienti,
1886 3613 1927 3669 ut
1940 3597 2071 3671 Filium
2084 3607 2281 3699 audiamus,

257 3714 331 3762 esse
344 3688 478 3773 Persas,
503 3699 539 3756 et
553 3701 725 3756 servatam
742 3684 941 3762 Graeciam.
992 3689 1089 3779 Quid
1108 3688 1248 3761 homini
1296 3715 1374 3760 cum
1398 3692 1446 3760 ait
1467 3706 1629 3762 aeternus
1647 3690 1750 3763 Pater
1775 3696 1819 3764 de
1834 3695 1991 3772 Christo:
2018 3702 2087 3775 llic
2103 3723 2153 3778 est
2181 3713 2277 3785 filius

255 3803 371 3886 potest
395 3786 506 3861 tribui
530 3788 718 3877 gloriosius
739 3811 779 3857 ac
797 3790 936 3860 maius?
975 3787 1024 3861 Et
1043 3806 1161 3863 tamen
1185 3818 1247 3862 cu·
1295 3815 1393 3860 meus
1421 3793 1586 3877 dilectus,
1618 3789 1713 3862 hunc
1745 3798 1874 3872 audite.
1937 3801 2038 3876 Hanc
2065 3833 2182 3878 vocem
2209 3810 2277 3885 Dei

215 3971 217 3979 ,
255 3895 370 3965 mulat
393 3886 458 3962 has
484 3891 606 3960 laudes
632 3891 784 3979 scriptor
811 3886 979 3964 historiae
1006 3889 1247 3988 Thucydides,
1295 3906 1397 3963 testes
1413 3893 1575 3984 Apostoli
1592 3895 1656 3965 toti
1672 3898 1750 3965 orbi
1774 3902 2012 3996 tradiderunt,
2038 3911 2279 3985 confirmatam

255 3996 317 4092 qui
342 4007 477 4064 tantam
502 3991 541 4059 in
564 3987 802 4063 Themistocle
827 3993 900 4061 vim
929 3995 1082 4085 ingenii,
1111 4010 1246 4066 tantam
1294 3995 1415 4063 multis
1429 3997 1637 4066 coelestibus
1651 3999 1771 4085 signis.

255 4097 475 4187 sagacitatem
499 4115 539 4160 ac
561 4094 784 4182 prudentiam
808 4093 916 4161 luisse
934 4097 1039 4181 dicit,
1065 4099 1163 4168 utin
1187 4119 1247 4166 su·
1397 4094 1575 4166 Hactenus
1599 4122 1637 4166 ex
1661 4101 1903 4173 doctrinamm
1931 4110 2118 4195 generibus
2147 4119 2282 4202 gravis-

255 4200 339 4268 bitis
355 4192 521 4287 periculis
537 4191 719 4259 celerrime
734 4193 921 4262 consilium
947 4199 1100 4285 reperire
1118 4213 1244 4289 posset,
1294 4197 1382 4266 sime
1399 4211 1577 4268 ostensum
1596 4213 1647 4268 est
1663 4204 1916 4291 necessariam,
1944 4235 2062 4280 veram
2091 4227 2126 4283 et
2151 4217 2283 4288 saluta-

256 4313 290 4369 et
304 4293 495 4392 defuturis
509 4291 728 4360 coniecturas
744 4286 890 4363 haberet
906 4297 1146 4394 certissimas,
1159 4313 1193 4368 et
1207 4301 1245 4367 in
1294 4322 1367 4367 rem
1394 4321 1467 4366 esse
1489 4295 1665 4369 Ecclesiae
1687 4302 1893 4373 doctrinam.
1947 4310 2083 4400 Quarto
2112 4321 2282 4391 accedunt

256 4399 362 4469 rebus
376 4392 537 4462 obscuris
551 4391 703 4459 maxime
724 4392 877 4475 videret,
904 4397 990 4485 quid
1006 4399 1194 4486 prodesset.
1294 4401 1428 4483 clausio,
1456 4424 1546 4493 quae
1560 4416 1677 4471 tamen
1701 4427 1775 4472 non
1791 4420 1874 4478 sunt
1891 4408 1983 4481 levia
2005 4429 2063 4484 aut
2078 4415 2218 4488 infirma
2233 4436 2283 4489 te-

356 4495 426 4566 Hic
441 4492 586 4562 divinus
606 4491 662 4560 vir
683 4506 761 4583 pust
780 4493 964 4563 victoriam
986 4498 1057 4567 sibi
1070 4498 1163 4568 ‘adeo
1188 4501 1245 4569 in·
1293 4502 1456 4571 stimonia
1473 4517 1612 4572 nostrae
1628 4503 1820 4591 religionis,
1838 4508 2000 4585 videlicet
2013 4532 2181 4606 perpetua
2196 4545 2282 4590 con-

254 4601 382 4684 dulsit,
407 4595 651 4689 utaliquando
667 4594 842 4664 sedeusin
860 4591 1034 4686 vehiculo,
1060 4615 1246 4692 aquatuor
1293 4604 1444 4673 servatio
1469 4600 1663 4686 Ecclesiae,
1685 4619 1719 4673 et
1739 4611 1908 4679 autoritas
1930 4617 2093 4701 testium,
2115 4622 2177 4711 qui
2199 4623 2282 4693 inde

254 4703 361 4773 nudis
375 4698 586 4770 mulieribus
598 4696 635 4765 in
652 4696 768 4767 lorum
785 4692 995 4776 traheretur.
1031 4698 1068 4772 0
1082 4705 1245 4793 petulan-
1292 4728 1403 4796 usqne
1427 4707 1471 4774 ab
1487 4704 1589 4773 initio
1608 4706 1787 4776 acerrimis
1803 4712 2089 4786 dimicationibus
2111 4744 2284 4814 propaga·

254 4805 341 4876 tiam
357 4816 454 4872 tauta
469 4800 603 4891 ingenii
618 4802 849 4890 praestantia,
876 4804 983 4872 tantis
1005 4807 1110 4874 rebus
1127 4805 1243 4892 gestis,
1293 4819 1419 4877 verunt
1434 4804 1683 4893 Evangelium.
1735 4807 1881 4881 Vestrae
1903 4812 2113 4908 Symmache
2132 4825 2283 4914 religio-

253 4920 350 4979 tanta
367 4903 478 4994 gloria
500 4901 794 4992 indignissimam.
846 4900 942 4990 Quid
961 4899 1044 4974 huic
1060 4907 1138 4976 viro
1160 4932 1244 4999 pro·
1292 4931 1372 4992 ues,
1398 4921 1458 4976 aut
1474 4930 1594 4975 recens
1611 4908 1774 4979 inventae
1789 4928 1881 4999 sunt,
1904 4930 1964 4987 aut
1979 4918 2131 4990 incertos
2147 4918 2283 4997 hahent

253 5008 321 5090 tuit
345 5005 515 5075 excellens
537 5003 706 5094 sapientia
729 5027 769 5073 ac
789 5004 921 5093 virtus,
945 5029 1087 5076 excusso
1110 5025 1243 5080 rectore
1292 5023 1449 5088 autores,
1483 5020 1517 5076 et
1541 5010 1700 5103 quotidie
1726 5012 1815 5081 aliae
1839 5033 2052 5104 nascuntur,
2085 5024 2174 5094 aliae
2200 5052 2284 5098 exo·

254 5106 352 5188 Deo,
386 5128 607 5199 quaequam
640 5106 688 5173 sit
711 5105 851 5176 infirma
878 5120 913 5177 et
938 5107 1059 5196 fugax,
1091 5112 1243 5181 maxime
1290 5110 1459 5181 lescentes
1482 5111 1673 5186 intereunt.
1724 5110 1772 5183 Et
1789 5113 1928 5186 infinita
1953 5120 2208 5199 dissimilitudo
2231 5146 2284 5201 est

252 5211 448 5284 ostendunt
463 5199 550 5273 haec
567 5198 709 5272 heroica
732 5207 902 5299 exempla.
955 5205 1002 5280 Ut
1024 5209 1064 5278 in
1078 5209 1243 5296 Hercule,
1291 5234 1364 5280 non
1381 5212 1495 5280 solum
1512 5215 1663 5297 rituum,
1689 5216 1750 5285 sed
1768 5217 1879 5287 multo
1894 5223 2005 5311 magis
2019 5226 2230 5315 opinionum
2249 5248 2284 5304 et

254 5311 459 5385 Alexandro
481 5322 516 5376 et
542 5304 621 5374 aliis
649 5304 788 5392 multis,
819 5332 925 5400 quam
949 5311 1110 5382 ardentes
1138 5314 1241 5385 initio
1290 5314 1493 5384 sententiae.
1544 5311 1716 5386 Chaldaei
1735 5316 1853 5404 iguem
1869 5323 2006 5394 colunt:
2035 5325 2199 5424 Aegyptii
2218 5338 2284 5403 ho.

251 5417 403 5507 impetus
415 5410 461 5481 ad
473 5410 639 5480 virtutem
654 5407 810 5493 fuerunt,
826 5412 956 5503 quibus
967 5413 1151 5509 aliquanto
1164 5429 1244 5509 post
1288 5438 1381 5502 vem,
1394 5416 1490 5504 feles,
1509 5430 1705 5512 serpentes:
1731 5415 1960 5512 Lampsaceni
1969 5422 2154 5520 Priapum:
2182 5433 2284 5507 The-
