4732 6030
167 280 243 358 tos

169 451 417 546 suspiciamus,
458 462 518 522 aut
549 444 734 543 pulchrius
761 449 857 544 quod
887 447 1155 538 investigemus,

167 570 229 626 aut
248 555 436 623 iucundius
452 554 547 647 quod
570 542 831 642 cognoscamus.
883 548 1036 621 Videtur
1058 549 1152 618 enim

166 658 233 751 ipsi
249 671 395 726 naturae
411 656 528 724 studio
544 654 666 740 luisse,
691 677 769 723 rara
787 677 876 747 quae
892 675 973 721 suae
989 651 1151 740 benigni·

164 757 245 830 tatis
262 780 428 839 munera,
453 769 486 826 et
502 780 576 824 non
593 756 804 827 mediocrem
821 753 907 825 boni
926 753 1013 839 viru,
1040 753 1075 821 in
1095 752 1153 820 in·

164 859 262 932 timis
285 852 476 929 herbarum
498 857 665 927 medullis
689 857 880 927 recondere
911 869 944 927 et
967 856 1153 939 occultare,

166 985 238 1053 quo
262 960 374 1028 bonos
390 975 425 1030 et
445 960 574 1027 alacres
595 959 690 1029 viros
715 960 759 1026 ad
775 958 1029 1051 inquirendum
1048 979 1151 1024 acue·

165 1078 220 1132 ret
253 1075 287 1131 et
323 1085 447 1130 eorum
477 1060 591 1129 studia
625 1074 658 1131 et
698 1060 911 1128 industriam
946 1058 1151 1131 liberalibus

164 1163 335 1255 praemiis
359 1175 615 1231 remuneraret:
631 1163 950 1255 quemadmodum
967 1161 1035 1227 vici
1050 1159 1152 1250 prin·

165 1265 280 1356 cipes,
307 1288 428 1332 eorum
445 1263 565 1333 virtuti
588 1264 649 1356 qni
673 1264 710 1332 in
732 1262 982 1333 certaminibus
1006 1261 1151 1354 praesti-

116 1386 119 1391 ·
163 1378 309 1448 terunt,
332 1364 523 1458 exqrrisitos
541 1360 695 1434 honores
719 1360 849 1433 habere
866 1366 989 1434 solent.
1040 1360 1152 1432 Cuius

163 1468 222 1537 rei
239 1467 391 1556 locuples
409 1465 505 1536 testis
519 1463 696 1536 Hesiodus
714 1479 781 1551 est,
809 1467 975 1562 antiquae
992 1464 1072 1533 lidei
1090 1488 1152 1531 va-

165 1581 239 1648 tes,
274 1569 337 1660 qul
367 1569 530 1660 deplorat
562 1564 725 1638 homines
757 1568 937 1657 ignorare,
979 1581 1151 1662 quantum

164 1670 252 1738 boni
267 1669 304 1737 in
322 1669 437 1738 malva
454 1682 488 1740 et
502 1670 628 1740 albuco
643 1671 864 1741 reconditum
884 1671 940 1761 sit.
991 1665 1036 1738 Et
1053 1667 1152 1738 Mer-

164 1771 284 1839 curius
299 1771 359 1839 ille
374 1771 532 1842 Deorum
548 1774 737 1862 apparitor,
765 1769 880 1865 Ulyssi
895 1771 990 1862 moly
1005 1766 1152 1838 herbam

163 1887 470 1957 commonstrans,
508 1873 625 1964 inquit
658 1870 865 1942 hominibus
893 1871 1036 1941 difficile
1067 1892 1151 1958 esse,

164 1995 242 2047 eam
264 1974 444 2056 invenire,
469 1972 548 2043 Diis
563 1990 677 2043 autem
697 1999 770 2043 non
789 1973 884 2044 item.
934 1969 1031 2040 Haec
1044 1969 1154 2059 igitur

162 2076 288 2167 procul
313 2075 358 2144 ab
373 2074 533 2144 omniurn
551 2076 663 2144 oculis
680 2076 718 2143 in
741 2073 902 2144 extremis
923 2098 1041 2144 rerum
1065 2074 1151 2142 late-

163 2175 241 2244 bris
262 2177 419 2244 abstrusa
446 2177 697 2266 pervestigare,
731 2190 764 2247 et
787 2198 954 2265 magnoin
978 2176 1061 2244 inde
1084 2168 1152 2242 hu·

163 2300 290 2346 manae
313 2277 469 2346 societati
489 2279 644 2346 fructum
672 2294 704 2347 ct
733 2278 802 2346 sibi
824 2277 1029 2369 sapientiam
1051 2276 1153 2345 colli-

163 2399 264 2467 gere,
289 2392 340 2448 est
366 2380 534 2469 praeclari
555 2392 588 2447 et
610 2380 728 2469 magni
752 2379 831 2451 viri.
884 2378 980 2468 Quid
1002 2403 1085 2447 vero
1108 2381 1152 2445 de

161 2488 381 2568 promarum
404 2481 539 2549 naturis
563 2494 595 2549 et
611 2481 800 2552 virtutibus
823 2481 956 2558 dicam,
982 2505 1068 2573 quas
1085 2480 1152 2547 viri

165 2579 298 2649 Medici
327 2581 495 2670 singulari
523 2583 656 2672 ingenii
683 2583 876 2653 acrimonia
898 2598 931 2654 et
951 2581 1151 2651 incredibili

136 2682 338 2751 industria
372 2687 628 2775 perpendentes
656 2684 896 2754 invenerunt?
926 2685 1055 2780 quibus
1079 2697 1151 2752 taur

165 2784 351 2875 splendida
377 2786 431 2852 vis
455 2798 597 2878 tamque
618 2785 905 2876 incomparabilis
923 2788 1034 2855 virtus
1049 2786 1153 2868 inest,

164 2899 204 2954 ut
222 2881 313 2954 nibil
328 2887 373 2955 sit
392 2886 428 2954 in
445 2888 550 2954 rebus
566 2880 748 2963 humanis,
774 2887 869 2975 quod
894 2909 973 2952 cum
993 2885 1036 2950 iis
1054 2909 1151 2951 com-

166 2987 281 3077 parari
298 2989 417 3077 possit.
470 2982 518 3053 Et
534 3007 579 3049 ne
599 2983 740 3071 longior
758 3007 868 3074 aequo
888 2984 972 3068 sim,
999 2984 1152 3076 reliquas

163 3088 381 3157 naturalium
399 3106 518 3151 rerum
534 3098 650 3172 partes
666 3085 779 3173 placet
793 3084 934 3152 silentio
952 3085 1153 3176 praeterire,

162 3189 196 3258 si
218 3189 316 3277 prius
333 3188 376 3252 de
401 3180 565 3267 homine,
599 3185 643 3251 de
666 3209 737 3276 quo
760 3200 874 3255 tacere
897 3187 949 3255 fas
978 3204 1152 3255 essenon

159 3301 274 3380 puto,
305 3284 471 3365 dixerim,
500 3309 571 3377 quo
598 3307 618 3352 a
642 3300 768 3354 natura
794 3311 868 3355 non
897 3288 995 3357 aliud
1019 3289 1152 3356 animal

159 3389 292 3459 melius
307 3399 367 3457 aut
380 3386 624 3476 praestantius,
642 3400 703 3457 aut
719 3388 874 3457 divinius
890 3390 1071 3460 conditum
1089 3404 1151 3464 est.

163 3490 220 3561 Ad
245 3512 349 3583 quem
371 3488 703 3578 contemplandum,
736 3487 936 3570 Medicina,
970 3515 1059 3583 quae
1082 3485 1150 3559 hoc

163 3592 203 3660 iu
224 3591 467 3678 cognoscendo
490 3589 686 3658 accuratior
702 3603 738 3659 et
753 3591 960 3685 diligentior
981 3605 1051 3669 est,
1080 3616 1150 3684 quo

163 3690 250 3786 quid
269 3690 496 3759 excellentius
520 3705 553 3759 et
576 3691 727 3759 melius?
760 3717 900 3777 omnem
929 3693 1060 3781 ingenii
1077 3694 1149 3760 vim

163 3810 198 3865 ct
222 3793 331 3861 animi
356 3792 467 3862 robur
489 3792 679 3876 convertit,
706 3817 828 3862 omues
844 3795 917 3862 eius
940 3809 1054 3886 partes
1070 3818 1149 3883 per-

162 3896 299 3976 lustrat,
321 3893 458 3983 singula
477 3895 634 3963 membra
650 3916 805 3962 seorsum
823 3897 966 3986 propius
982 3897 1166 3977 intuetur,

161 4009 199 4066 el
218 3996 290 4064 acri
305 3995 437 4065 iudicio
456 3995 643 4077 examinat,
669 3994 895 4088 singulosque
913 3998 986 4063 citas
1004 3997 1151 4083 angulos

160 4109 341 4191 perreptat
356 4111 389 4166 et
405 4096 596 4183 cognoscit,
623 4108 658 4164 et
675 4096 711 4164 in
729 4096 928 4165 admirabili
947 4096 1007 4163 illa
1024 4110 1055 4163 et
1073 4095 1151 4163 viva

160 4196 324 4288 corporis
337 4191 483 4267 humani
500 4198 771 4287 compositione,
797 4197 915 4267 omnia
934 4195 1151 4283 singulatim,

159 4299 278 4370 veluti
314 4299 529 4369 luculentum
564 4313 597 4369 et
632 4299 769 4369 illustre
803 4299 935 4368 nobilis
969 4293 1151 4366 architecti

158 4401 363 4476 aedificium
394 4401 568 4495 perquirit
602 4414 636 4470 et
664 4401 824 4493 inspicit,
868 4400 989 4493 ibique
1012 4413 1090 4490 apte
1117 4413 1152 4469 ct

160 4504 342 4595 eleganter
356 4504 522 4594 disposita
540 4501 745 4587 admiratur,
771 4503 799 4570 si
816 4526 906 4595 quae
919 4502 1045 4571 vitium
1061 4502 1152 4569 lece-

159 4619 265 4691 runt,
292 4617 409 4687 notat,
436 4619 620 4697 totumque
643 4599 709 4673 hoc
733 4605 865 4673 animal
886 4607 928 4672 ad
949 4628 990 4672 eo
1013 4601 1151 4692 perple-

158 4712 247 4779 'xum
261 4721 296 4778 et
311 4707 513 4791 sinuosum,
533 4720 662 4777 utnon
685 4706 815 4775 iniuria
833 4704 977 4774 Momus
998 4705 1029 4772 ei
1054 4706 1152 4773 sene-

161 4822 254 4880 stras
278 4810 459 4878 addendas
477 4807 671 4892 censuerit,
697 4831 766 4900 quo
784 4830 822 4876 ca
839 4831 928 4900 quae
939 4806 1037 4877 intus
1058 4818 1151 4884 sunt,

160 4910 326 5000 cognosci
345 4924 498 5001 possent,
525 4910 657 5002 lynceis
673 4909 785 4977 oculis
801 4909 976 4999 perspicit.
1028 4907 1068 4978 si
1083 4905 1150 4994 igi-

160 5028 224 5084 tur
246 5012 344 5105 quis,
374 5013 470 5105 quod
502 5006 780 5100 pulcherrimum
810 5022 842 5078 et
867 5006 1150 5078 honestissimum

160 5128 232 5193 est,
260 5115 485 5206 semetipsum
502 5114 597 5181 intus
613 5113 698 5183 etin
717 5124 795 5181 cute
815 5133 1023 5200 cognoscere
1043 5109 1152 5199 cupit,

161 5215 275 5286 veluti
301 5209 547 5310 labyrinthum
571 5215 808 5304 ingressuros,
843 5212 1058 5281 Medicinam
1084 5215 1151 5279 du-

161 5342 257 5400 cem,
281 5343 346 5388 ceu
361 5312 491 5387 'l'hesei
507 5315 623 5400 filum,
647 5329 829 5409 sequetur,
851 5316 879 5384 si
894 5336 1012 5383 errore
1030 5313 1151 5403 impli-

161 5421 235 5490 cari
268 5433 302 5490 et
327 5445 346 5489 a
370 5444 454 5488 vero
477 5418 604 5486 deduci
626 5440 698 5488 non
719 5417 823 5503 velit,
860 5429 894 5485 et
917 5414 1066 5483 minimo
1089 5437 1151 5482 ne-

105 5620 108 5633 .
211 5526 391 5593 illectura.
418 5526 523 5594 Orsa.
551 5513 632 5592 Von.
661 5512 744 5592 xl.

657 270 820 351 DECL.
854 273 913 349 IN
941 264 1185 348 LAUDEM
1221 266 1397 344 ARTIS
1432 266 1705 346 MEDICAE.

2118 288 2190 364 194

1205 441 1306 534 goeio
1333 465 1425 527 rem,
1455 465 1523 536 qua
1550 439 1643 514 nibil
1666 444 1866 536 cognitione
1893 446 2129 544 splendidius,
2154 478 2189 534 et

1206 545 1436 638 inquisitione
1462 546 1606 627 melius,
1633 561 1668 618 et
1689 550 1923 622 oblectatione
1942 559 2084 627 suavius
2102 586 2189 631 eou-

1205 647 1314 741 scqui.
1366 647 1423 715 De
1438 671 1506 740 qua
1522 673 1627 740 quam
1645 644 1838 722 honorifice
1853 669 1987 727 veteres
2001 660 2073 741 illi,
2101 666 2188 748 veri,

1204 749 1315 819 sarrcti
1340 763 1374 819 et
1397 751 1571 839 'sapientes
1595 744 1757 822 homines
1782 753 1990 845 iudicarint,
2017 761 2095 832 luce
2116 767 2189 836 cla-

1203 851 1278 920 rius
1296 862 1358 922 est.
1406 847 1583 921 Homerus
1606 851 1702 922 enim
1727 867 1822 925 vates
1842 856 1918 927 sine
1936 863 2045 932 dubio
2067 889 2187 937 rerum

1203 948 1439 1020 humanarum
1460 953 1710 1042 peritissimus,
1734 980 1845 1025 tanaim
1867 958 2066 1048 Medicum,
2091 970 2187 1037 mul·

1202 1054 1247 1122 tis
1269 1053 1347 1120 aliis
1365 1047 1569 1124 hominibus
1595 1069 1766 1145 praestare
1787 1062 1941 1132 censuit:
1967 1072 2061 1158 quod
2080 1065 2187 1142 Poeta

1204 1153 1365 1252 acerrimi
1383 1153 1507 1223 iudicii
1523 1179 1706 1248 nunquam
1723 1159 1883 1244 dixisset,
1909 1165 1938 1232 si
1956 1190 2028 1236 non
2044 1169 2189 1243 vidisset

1202 1270 1341 1326 tantum
1366 1271 1527 1347 oportere
1550 1258 1660 1328 tribui
1687 1271 1757 1327 tam
1783 1260 1931 1348 eleganti
1949 1291 2065 1338 rerum
2084 1286 2188 1342 natu-

1202 1382 1261 1427 rae
1285 1356 1491 1448 cognitioni.
1544 1355 1642 1446 Quid
1664 1363 1758 1456 quod
1775 1358 1932 1433 Homero
1955 1393 2026 1440 non
2050 1385 2187 1444 tantiam

1203 1461 1428 1544 vetustiores,
1455 1461 1514 1529 sed
1532 1460 1636 1529 etiarn
1654 1462 1832 1552 graviores
1847 1465 1932 1551 viri,
1961 1468 2112 1543 Medicis
2129 1477 2187 1544 di-

1202 1562 1305 1630 vinos
1327 1556 1482 1630 honores
1506 1556 1729 1654 habuerunt,
1752 1588 1882 1660 eosque
1909 1571 2135 1644 beneficentia
2155 1595 2190 1648 et

1203 1663 1321 1732 studio
1343 1663 1381 1731 in
1405 1687 1591 1733 numerum
1615 1662 1772 1736 Deorum
1795 1670 2024 1747 sustulerunt.
2081 1675 2189 1765 Quod

1203 1764 1356 1853 graviter
1386 1764 1529 1855 quidem
1561 1765 1615 1833 illi
1649 1781 1681 1836 et
1709 1781 1910 1847 constanter
1938 1775 2095 1848 fecerunt
2129 1780 2189 1871 (ut

1204 1888 1325 1933 eorarm
1349 1865 1482 1934 ferebat
1506 1866 1648 1959 religio)
1672 1868 1877 1943 iudicabant
1898 1875 1994 1947 enim
2020 1877 2075 1948 illi
2096 1875 2188 1952 hanc
2231 1866 2233 1873 Α

1204 1964 1410 2057 sapientiam
1448 1990 1520 2035 non
1557 1962 1766 2057 humanam,
1798 1977 1858 2042 sed
1887 1977 2069 2049 coelestem
2106 2007 2190 2067 esse,

1204 2079 1380 2159 quactum
1397 2091 1541 2137 arcanas
1558 2094 1676 2141 rerum
1693 2071 1859 2160 virtutes,
1887 2077 1924 2146 in
1946 2079 2030 2172 ipsis
2043 2096 2189 2154 naturae
2261 2150 2267 2158 .

1206 2169 1304 2238 venis
1327 2171 1526 2241 reconditas
1548 2186 1582 2242 et
1602 2174 1779 2244 abstrusas
1805 2179 1985 2262 evolvere,
2013 2196 2045 2252 et
2068 2185 2104 2254 in
2133 2188 2189 2256 lu-

1204 2280 1278 2341 cem
1296 2274 1451 2362 prolerre
1468 2288 1600 2365 posset,
1627 2300 1741 2370 neque
1755 2271 1922 2366 hominis,
1948 2288 2005 2352 sed
2022 2281 2088 2355 Dei
2106 2312 2190 2374 esse,
2297 2330 2301 2337 ·

1204 2387 1300 2444 tanta
1319 2368 1525 2444 hominibus
1542 2380 1726 2447 commoda
1747 2380 1893 2451 adferre.
1928 2383 2047 2472 Quare
2063 2392 2188 2459 merito

1204 2477 1298 2566 apud
1315 2500 1374 2545 eos
1391 2477 1428 2544 in
1446 2477 1571 2546 divino
1585 2471 1721 2547 honore
1739 2495 1858 2564 erant,
1883 2507 1902 2552 a
1919 2488 2049 2576 quibus
2066 2491 2188 2559 divina

1204 2577 1371 2646 beneficia
1387 2579 1640 2669 percipiebant.
1691 2576 1762 2649 Eos
1774 2606 1876 2668 vero,
1903 2585 1964 2677 qui
1981 2589 2025 2656 de
2040 2588 2116 2659 iure
2133 2617 2188 2660 re-

1203 2680 1446 2768 spondebant,
1473 2682 1666 2770 plurimum
1692 2685 1978 2779 admirabantur,
2006 2703 2039 2760 et
2062 2695 2189 2764 rnecito

1204 2780 1367 2872 quidem,
1402 2781 1480 2873 quis
1501 2782 1595 2850 enim
1613 2797 1683 2852 tam
1705 2800 1843 2854 sanctos
1860 2787 2012 2859 iustitiae
2029 2799 2190 2865 custodes

1205 2905 1277 2949 non
1301 2883 1572 2971 magnifaceret?
1613 2881 1692 2953 sea
1724 2899 1840 2954 tamen
1867 2912 1970 2957 nemo
1992 2894 2105 2962 callum
2130 2895 2190 2964 lo-

1204 2983 1408 3072 risperitum
1433 2985 1528 3050 coelo
1552 2983 1717 3072 dignatus
1738 3001 1806 3072 est,
1827 3013 1949 3058 verum
1972 2993 2016 3061 iis
2037 3021 2188 3089 quorum

1204 3106 1329 3171 magna
1345 3098 1379 3152 et
1394 3083 1541 3153 celebris
1557 3084 1709 3155 iustitiae
1726 3100 1757 3156 et
1771 3092 1957 3181 aequitatis
1973 3096 2095 3185 opinio
2111 3101 2191 3193 fuit,

1204 3180 1294 3253 hanc
1311 3184 1528 3275 provinciam
1547 3187 1762 3272 detulerunt,
1783 3204 1822 3259 ut
1840 3195 1931 3280 apud
1948 3194 2080 3269 inleros
2098 3203 2191 3272 inter

1204 3285 1347 3353 umbras
1380 3309 1500 3354 causas
1523 3303 1783 3377 cognoscerent.
1851 3291 1904 3362 De
1932 3272 2221 3373 btatnmaocis‘

1204 3399 1362 3456 veterum
1385 3386 1558 3457 iudicium
1582 3389 1687 3459 etiam
1706 3392 1836 3461 [aludis
1854 3411 2015 3466 testatum
2033 3418 2101 3487 est,
2128 3406 2188 3497 qui

1201 3482 1411 3557 Promethea
1436 3489 1594 3559 nobilem
1618 3514 1702 3560 sane
1722 3487 2010 3568 Mathematicnm
2034 3499 2189 3577 Caucaso

1202 3589 1410 3678 alligarunt,
1445 3590 1478 3659 ci
1494 3615 1558 3680 pro
1574 3585 1817 3679 honestissima
1838 3599 2026 3689 drscrplrna
2048 3609 2191 3692 tradita,

1202 3689 1465 3760 solicitudinem
1482 3704 1517 3762 st
1532 3691 1708 3761 miseriam
1726 3713 1945 3785 reponente.
1996 3701 2117 3795 Neque
2133 3702 2188 3775 his

1203 3792 1316 3861 maior
1332 3786 1447 3860 honor
1461 3786 1690 3880 Philosophis
1704 3787 1857 3866 habitus.
1909 3797 2002 3868 Hinc
2017 3803 2188 3875 nimirum

1204 3893 1319 3982 palam
1350 3909 1419 3968 est,
1458 3892 1553 3958 inter
1579 3887 1842 3962 honestissimas
1859 3895 2063 3990 disciplinas
2090 3908 2190 3997 prin-

1203 3992 1316 4081 cipem
1340 3990 1458 4057 locum
1478 4002 1611 4059 veteres
1635 3988 1836 4065 Medicinae
1856 3997 2010 4086 dedisse,
2036 4019 2075 4074 ut
2098 4009 2190 4078 inte-

1203 4093 1271 4161 rim
1295 4102 1425 4159 taceam
1443 4086 1646 4176 Graeciam,
1675 4097 1871 4165 cumomni
1890 4121 2017 4188 genere
2032 4107 2190 4200 discipli-

1203 4216 1330 4263 narum
1356 4189 1506 4260 maxime
1529 4192 1688 4279 floreret,
1716 4192 1924 4289 Hippocrati
1950 4229 2009 4274 eos
2037 4202 2190 4282 honores

1203 4290 1386 4373 habuisse,
1414 4317 1503 4385 quos
1518 4293 1616 4385 prius
1629 4292 1776 4368 Herculi
1792 4318 1947 4373 monstra
1971 4308 2111 4381 tollenti
2127 4317 2191 4383 de-

1204 4397 1340 4467 tulerat.
1391 4388 1445 4463 Ex
1468 4419 1538 4486 quo
1562 4394 1764 4468 Medicinae
1790 4403 1942 4493 dignitas
1964 4423 1997 4478 et
2022 4413 2191 4500 splendor

1203 4495 1379 4577 aestimari
1399 4498 1521 4578 debet,
1546 4522 1626 4565 cum
1650 4524 1689 4568 ea
1708 4505 1820 4591 regio,
1848 4530 1937 4598 quae
1959 4510 2009 4578 sic
2028 4515 2112 4584 viris
2137 4541 2191 4585 sa-

1202 4600 1382 4692 pientibus
1399 4598 1613 4686 praestabat,
1638 4600 1687 4670 sic
1709 4605 1924 4694 optimarum
1952 4636 2068 4681 rerum
2094 4618 2192 4686 iudi·-

1203 4702 1257 4772 cio
1272 4699 1446 4793 pollebat,
1467 4697 1683 4769 Medicinam
1705 4715 1774 4772 tam
1796 4709 1977 4798 exquisitis
1994 4708 2191 4791 bonoribus

1206 4801 1401 4882 exornarit,
1427 4819 1466 4870 ut
1489 4800 1659 4890 dignitate
1680 4805 1784 4873 etiam
1800 4803 1989 4881 Herculem
2011 4818 2190 4890 minorum

1203 4904 1360 4995 gentium
1376 4899 1491 4971 Deum
1512 4906 1734 4995 adaequaret.
1795 4903 1841 4978 Et
1858 4907 2115 5006 ut'honestate,
2144 4927 2190 4996 ita

1204 5021 1238 5077 et
1261 5004 1413 5077 utilitate
1435 5017 1468 5072 et
1493 5004 1680 5074 dulcedine
1702 5006 1849 5100 reliquis
1866 5015 2064 5107 disciplinis
2089 5024 2190 5110 prael
2269 5035 2276 5081 Γ

1203 5122 1282 5178 stat.
1334 5102 1643 5193 Quemadmodum
1668 5108 1763 5177 enim
1788 5110 1824 5180 in
1840 5109 1987 5189 Platone
2008 5137 2041 5192 et
2058 5123 2192 5196 Derrio-

1204 5207 1359 5292 stbeue,
1386 5220 1420 5276 ct
1446 5207 1605 5276 eiusdem·
1627 5224 1789 5280 monetae
1820 5216 1922 5286 bonis
1949 5224 2191 5312 scriptoribus,

1203 5336 1276 5380 non
1299 5323 1435 5380 tantum
1457 5331 1582 5409 magna
1607 5311 1768 5382 maiestas
1800 5328 1834 5385 et
1865 5319 1988 5408 ingens
2020 5329 2192 5398 sermonis

1204 5412 1391 5506 splendor,
1417 5414 1478 5479 sed
1509 5410 1612 5480 etiam
1637 5409 1897 5506 pulcherrimus
1920 5423 2053 5492 inactus
2079 5440 2112 5495 et
2135 5428 2191 5497 iu-

1532 5514 1578 5583 ta
