4732 6030
234 284 281 359 19
635 274 796 352 DECL.
828 272 906 348 DE
939 273 1359 352 constestants
1392 273 1569 351 ADOL.
1601 273 1858 353 stultus.
2198 279 2251 353 80

230 454 414 539 lecticam,
447 453 509 523 alii
541 447 769 524 Rhetoricam
803 463 947 518 vocant:
999 447 1216 520 Nominibus
1269 450 1373 534 bant,
1409 447 1566 519 studium
1606 447 1720 518 videri
1757 446 2016 519 renascentium
2053 448 2252 528 literarum.

232 557 329 626 enim
348 557 486 627 variant
501 553 688 636 authores,
710 574 821 645 quum
841 575 898 620 ars
911 555 1033 621 eadem
1052 552 1108 622 sit.
1149 550 1215 622 At·
1269 548 1445 645 Equidem
1469 551 1606 643 aliquot
1631 549 1718 618 novi
1738 551 1824 620 recti
1839 548 1963 620 iudicii
1978 552 2095 638 viros,
2118 555 2252 646 quibus

233 683 304 753 que
325 655 385 728 hic
406 656 557 727 docendi
581 658 669 726 ordo
683 654 863 748 quondam
881 654 966 738 fuit,
992 679 1103 747 quum
1119 655 1216 742 vige-
1267 678 1349 724 cum
1363 677 1465 744 saepe
1485 676 1560 721 rem
1583 654 1728 721 eandem
1745 652 1900 732 contuli,
1927 677 2090 742 prorsum
2110 670 2252 724 nostrae

233 773 316 831 rent
337 752 452 828 adhuc
483 758 625 843 literae,
661 758 775 825 donec
800 755 839 823 in
861 756 1017 826 bullatos
1042 758 1215 849 quosdam
1266 754 1475 838 sententiae,
1502 754 1670 823 omnibus
1686 752 1829 822 calculis
1844 754 2109 845 adstipulantes.
2149 756 2252 826 Arni-

235 861 424 949 Magistros
446 860 657 937 incidimus,
690 857 753 949 qui
774 857 872 927 scitis
893 880 964 950 qua
991 858 1085 927 mole
1117 882 1216 927 com-

234 962 489 1033 mentariorum
511 958 749 1030 Grammatica
775 959 930 1051 primum
956 972 1216 1050 oppresserant.

232 1063 301 1136 Sed
322 1064 465 1156 quando
489 1087 527 1133 ea
555 1062 776 1145 revixerunt,
803 1063 846 1130 de
868 1059 1070 1132 Dialecticis
1094 1063 1215 1131 videa·

159 1196 165 1207 ·
232 1189 333 1246 mus,
359 1187 448 1256 qnae
469 1159 640 1233 adhucex
657 1160 873 1245 Tartacetis,
898 1161 1037 1244 Bricot,
1064 1162 1213 1233 Perver-

131 1330 134 1336 .
232 1290 328 1346 sore,
351 1262 491 1350 Eckiis,
514 1262 702 1356 Copulatis
715 1265 841 1333 bursae
856 1265 1006 1349 montis,
1028 1262 1216 1335 Exercitiis

231 1366 383 1437 taurinis
400 1381 434 1447 et
448 1365 606 1449 caninis,
632 1379 667 1434 et
684 1365 763 1434 aliis
780 1361 886 1436 huius
904 1367 1038 1436 farinae
1053 1369 1216 1459 petimus.

231 1468 331 1540 Licet
353 1462 420 1536 hac
442 1481 541 1558 parte
564 1462 655 1535 mihi
680 1467 828 1536 liberius
843 1491 964 1557 agere,
986 1493 1070 1538 nam
1095 1483 1131 1539 et
1153 1470 1215 1537 iis-

231 1573 313 1640 dem
341 1591 404 1657 cgo
427 1592 541 1638 annos
564 1571 635 1638 iam
660 1590 719 1637 sex
742 1582 929 1660 perpetuos
953 1592 1042 1660 pene
1066 1571 1215 1641 detritus

232 1694 325 1740 sum.
376 1667 424 1740 Et
445 1696 555 1763 quum
579 1694 654 1740 rem
675 1671 786 1761 probe
819 1672 1022 1742 meditatam
1054 1665 1215 1756 habeam,

231 1795 306 1841 non
323 1772 390 1842 erit
407 1772 551 1842 difficile
570 1767 657 1840 mihi
682 1773 756 1841 suis
769 1795 845 1841 eam
864 1773 1043 1843 coloribus
1059 1776 1216 1864 pingere,

231 1898 272 1943 ac
301 1874 503 1959 declarare,
541 1897 615 1942 non
649 1896 723 1942 esse
756 1868 987 1959 διαλεκτικὰ,
1031 1898 1123 1966 quae
1156 1876 1213 1943 isti

182 2044 190 2058 ,
232 1976 389 2058 amussi,
418 1975 578 2045 inscitiae
593 1974 759 2064 Magistri
780 1976 1002 2064 profitentur.
1053 1973 1213 2045 Primum

229 2075 433 2161 Dialectica,
448 2091 486 2146 ut
498 2078 582 2161 dixi,
597 2072 786 2147 methodus
796 2080 967 2167 quaedam
985 2089 1037 2147 est
1053 2078 1214 2147 omnium

229 2180 479 2271 quaestionum
497 2178 783 2270 compendiaria,
798 2172 1037 2272 διωκητικήτε
1051 2174 1116 2249 καὶ
1131 2174 1214 2250 δια·

229 2274 389 2376 κριτικῆς
426 2304 496 2372 qua
518 2293 657 2351 constat
676 2282 766 2350 ordo
795 2281 1021 2350 et'iudicium
1044 2282 1215 2373 cuiusque

229 2383 283 2451 rei
306 2384 529 2462 tractandae,
569 2397 609 2455 ut
639 2382 677 2450 in
701 2404 843 2474 quoque
876 2382 1077 2466 videamus,
1114 2383 1214 2474 quid,

229 2497 423 2576 quantum,
452 2483 574 2576 quale,
601 2507 711 2576 quur,
743 2484 941 2575 quomodo:
993 2482 1035 2554 si
1068 2482 1215 2574 simplex

230 2585 293 2669 sit,
317 2586 374 2653 sin
395 2587 638 2676 complexum,
662 2608 787 2653 verum
804 2607 911 2653 nean
931 2584 1070 2654 falsum.
1119 2585 1216 2657 Sim-

229 2685 379 2777 plicium
419 2686 642 2770 discrimina,
685 2686 918 2779 notionesque
950 2686 1011 2756 isti
1044 2710 1107 2779 per
1138 2688 1214 2757 loca

230 2800 329 2857 senta
345 2788 417 2857 situ
432 2800 582 2876 cogunt,
601 2800 811 2880 noctemque
828 2789 1055 2877 profundam.
1106 2786 1216 2858 Com-

229 2889 415 2981 plerorum
450 2888 652 2968 doctrinae,
697 2911 785 2981 quas
820 2891 986 2959 tenebras
1018 2913 1093 2959 non
1122 2891 1216 2960 offu-

230 2992 360 3060 derunt
382 2989 555 3079 argutiisl
605 2988 738 3078 Quales
772 3004 890 3060 sunta
911 2988 1036 3060 Genus
1062 3006 1116 3063 est
1136 3015 1215 3083 spe·

230 3091 322 3173 cies,
366 3089 497 3160 Nullus
536 3105 571 3161 et
603 3116 709 3161 nemo
744 3095 912 3163 mordent
950 3116 987 3162 se
1026 3094 1064 3162 in
1098 3118 1215 3180 sacco,

228 3189 375 3260 Parisiis
397 3205 431 3260 et
453 3189 591 3262 Romae
614 3193 785 3261 venditur
806 3194 917 3283 piper.
976 3191 1112 3266 Arcent
1137 3196 1214 3266 foro

231 3316 295 3364 suo
330 3315 420 3386 quae
455 3317 531 3361 nou
564 3283 811 3385 assequuntur.
870 3293 1022 3364 Librum
1055 3321 1216 3393 κατηγο,-

231 3388 325 3488 ρίων
340 3395 442 3464 aiunt
457 3391 670 3463 Dialecticae
687 3394 819 3465 tabulis
835 3418 910 3463 non
930 3397 1083 3480 censeri,
1105 3420 1214 3488 quum

230 3496 316 3563 inde
333 3519 439 3564 omne
453 3496 640 3564 artificium
656 3496 877 3580 inveniendi,
892 3520 955 3565 ceu
970 3520 988 3564 e
1002 3498 1101 3566 fonte
1116 3497 1214 3582 fluat,

231 3610 265 3666 et
279 3590 499 3694 κατηγορίαι
512 3620 585 3667 non
602 3596 675 3666 sint
692 3598 759 3666 nisi
769 3593 935 3689 μέθοδος
942 3600 1114 3691 quaedam
1130 3599 1214 3667 sim-

228 3698 389 3790 plicium.
449 3695 498 3767 Et
519 3693 577 3767 hic
606 3711 831 3787 argutantur:
865 3698 960 3769 Num
981 3699 1121 3790 singula
1155 3723 1216 3790 ge-

230 3824 314 3869 nera
330 3799 532 3888 generaliss.
550 3800 693 3870 realiter
700 3797 758 3896 (ut
773 3800 1136 3898 vocant)discrepent,
1161 3815 1215 3872 at-

230 3926 298 3995 que
313 3902 358 3969 de
377 3925 418 3970 eo
437 3904 599 3973 nondum
624 3900 719 3972 inter
734 3901 904 3974 Scotistas
924 3903 1019 3994 ipsos
1037 3904 1215 3986 convenit,

229 4003 343 4073 multo
365 4002 484 4072 minus
508 4029 590 4073 cum
609 4004 774 4073 factionis
804 4004 964 4074 diversae
993 4006 1215 4076 nominibus.

231 4103 419 4195 Analytica
441 4105 655 4191 posteriora,
682 4127 762 4171 cum
780 4105 851 4173 sint
868 4107 1081 4194 disponendi
1097 4108 1215 4193 series,

231 4229 271 4274 ac
285 4200 802 4294 utSimpliciusPeripateticus
818 4204 886 4284 ait,
913 4228 1028 4274 canon
1045 4230 1085 4274 ac
1096 4230 1214 4276 amus-

231 4307 279 4375 sis
294 4303 502 4374 artificiosae
517 4304 769 4395 disputationis
786 4301 1132 4400 interMetaphysica
1149 4331 1216 4375 no-

174 4414 178 4425 “
231 4406 295 4478 stri
316 4404 532 4490 retulerunt,
567 4428 695 4496 nempe
723 4427 890 4498 quorem
914 4430 978 4497 per
997 4429 1033 4475 se
1054 4431 1128 4475 non
1151 4409 1215 4477 ad-

1267 864 1329 927 cus
1343 853 1433 925 mihi
1450 855 1626 948 quispiam
1648 869 1787 926 estnon
1803 856 1976 945 vulgaris,
2001 857 2068 926 sub
2084 880 2155 949 quo
2176 858 2252 946 pri·

1268 984 1366 1030 mum
1382 982 1471 1050 puer
1487 968 1711 1048 praeceptore
1734 956 1772 1024 in
1788 956 1916 1028 Suavis
1930 956 2117 1048 Tubingae
2126 1008 2137 1039 ,
2162 956 2252 1030 Dia-

1269 1061 1401 1131 lecticis
1420 1059 1533 1129 merui
1550 1081 1684 1128 annum
1700 1082 1812 1129 unum
1830 1072 1891 1129 aut
1904 1059 2066 1142 alterum,
2080 1057 2251 1131 hactenus

1268 1177 1307 1233 ut
1321 1163 1428 1232 fratre
1441 1184 1579 1252 semper
1595 1160 1807 1233 familiariss.
1816 1183 1912 1245 usus,
1922 1153 1967 1227 F
1961 1158 2150 1231 ranciscus
2160 1157 2252 1231 Sta-

1268 1259 1424 1346 dianus,
1448 1263 1648 1332 eruditione
1663 1286 1704 1331 ac
1722 1260 1815 1332 vitae
1832 1285 1959 1352 genere
1981 1263 2062 1346 tali,
2087 1278 2126 1334 ut
2144 1289 2163 1332 a
2181 1266 2251 1334 bo·

1269 1367 1323 1434 nis
1338 1390 1378 1434 ac
1392 1366 1506 1435 doctis
1521 1363 1689 1433 omnibns
1708 1364 1867 1434 certatim
1879 1364 1980 1453 diligi
1994 1378 2186 1435 mereatur:
2215 1362 2252 1435 Is

1268 1466 1454 1561 Analytica
1482 1465 1677 1556 posteriora
1692 1464 1863 1536 Suevicae
1879 1466 2056 1535 iuventuti
2078 1490 2173 1536 anno
2190 1491 2253 1538 su-

1269 1570 1406 1660 periore
1433 1568 1692 1659 praelecturus,
1717 1592 1736 1635 a
1762 1569 1868 1636 nobis
1884 1559 2074 1637 Themistii
2097 1568 2251 1649 libellos,

1268 1694 1357 1765 quos
1374 1670 1501 1741 Latine
1519 1670 1675 1739 reddidit
1689 1666 1921 1753 Hermolaus,
1936 1670 2080 1760 accepit.
2111 1668 2252 1741 Addidi

1268 1775 1442 1867 quaedam
1468 1796 1487 1841 e
1518 1767 1720 1859 Philopono
1747 1768 1976 1860 transcripta,
2009 1794 2125 1865 neque
2153 1773 2251 1842 enim

1269 1874 1404 1943 Graeca
1427 1873 1547 1942 omnia
1571 1873 1654 1942 satis
1675 1865 1765 1939 mihi
1795 1873 2004 1962 probantur.
2063 1872 2251 1943 Admonui
2306 1877 2308 1879 ’

1268 1977 1413 2066 insuper
1429 1975 1504 2044 illic
1519 1975 1565 2043 ab
1579 1969 1771 2044 Aristotele
1788 1970 1982 2045 Rhetorica
1994 1975 2127 2048 doceri.
2178 1973 2250 2045 Le-

1268 2077 1339 2167 git,
1364 2077 1577 2168 relegitque,
1604 2090 1638 2147 et
1664 2100 1737 2168 quo
1759 2089 1812 2145 est
1836 2076 1989 2159 iudicio,
2014 2077 2179 2168 protinus
2205 2078 2251 2145 ad

1267 2202 1412 2268 scopum
1430 2177 1585 2245 advortit
1600 2177 1779 2258 animum,
1804 2176 1854 2243 ihi
1878 2200 1917 2245 re
1935 2179 2078 2265 penitus
2099 2177 2252 2266 cognita,

1269 2295 1303 2351 et
1328 2304 1392 2370 pro
1416 2279 1606 2349 foelicitate
1629 2277 1764 2366 ingenii
1787 2277 1842 2345 sui
1869 2291 1970 2349 aucta
1994 2280 2252 2372 illustrataque,

1268 2395 1321 2453 tot
1334 2380 1571 2463 notabilibus,
1584 2378 1867 2469 acceptionibus,
1883 2380 2174 2451 distinctionibus
2190 2404 2251 2448 cx-

1270 2481 1483 2566 auctoratis,
1499 2505 1637 2551 causam
1651 2482 1841 2571 integram,
1857 2481 1966 2551 veluti
1983 2481 2250 2575 recuperatorio

1267 2585 1399 2656 iudicio
1425 2583 1599 2665 restituit,
1634 2576 1774 2652 scholae
1803 2583 2011 2673 simpliciter
2035 2609 2074 2655 ac
2098 2584 2251 2654 candide

1268 2709 1438 2756 summam
1454 2685 1505 2754 rei
1520 2679 1564 2755 τὸ
1578 2680 1680 2778 ἄλφα
1698 2680 1762 2755 καὶ
1777 2708 1808 2753 ω
1823 2686 2033 2756 traditurus.
2084 2682 2142 2756 Ad
2164 2682 2251 2754 haec

1267 2789 1359 2857 male
1373 2800 1533 2877 precatus
1548 2786 1669 2873 nugis,
1687 2786 1818 2855 obnixe
1831 2809 1851 2854 a
1864 2810 1921 2855 me
1936 2789 2139 2873 contendit,
2165 2785 2251 2856 Aci-

1267 2889 1385 2961 stoteli
1411 2889 1597 2979 purgando
1611 2888 1722 2957 socias
1737 2910 1864 2957 manus
1884 2889 2092 2959 adiicerem:
2128 2888 2251 2960 Cona-

1268 3008 1387 3064 turum
1414 2992 1536 3058 omnia
1558 3013 1631 3059 sese
1651 3012 1717 3079 pro
1742 2992 1899 3074 viribus,
1936 2994 1990 3063 uti
2020 2992 2151 3063 artium
2177 2990 2250 3058 ele-

1268 3108 1384 3163 menta
1400 3093 1556 3161 vindicta
1573 3090 1812 3159 Barbarorum
1836 3092 2085 3168 liberarentur.
2135 3091 2250 3162 Primi

1267 3194 1424 3265 nominis
1438 3193 1573 3276 studia,
1598 3214 1617 3259 a
1635 3192 1799 3259 sordibus
1816 3191 1924 3283 recipi
1942 3219 2015 3261 non
2031 3218 2151 3285 posse,
2178 3192 2249 3263 nisi

1269 3294 1424 3386 purgatis
1441 3290 1700 3360 adulescentiae
1714 3289 1938 3362 rudimentis.
1992 3292 2032 3360 ld
2045 3295 2119 3363 fere
2136 3318 2250 3386 quen-

1268 3420 1336 3488 que
1352 3394 1390 3462 in
1404 3393 1550 3461 summis
1567 3414 1689 3481 posse,
1716 3390 1813 3485 quod
1838 3390 1876 3458 in
1894 3390 2027 3461 infimis
2044 3395 2249 3468 assueverit.

1271 3497 1310 3565 ln
1327 3516 1481 3580 summa,
1507 3493 1627 3563 omnia
1651 3492 1719 3563 sibi
1743 3494 1787 3561 de
1805 3493 2057 3585 grandioribus
2078 3494 2250 3583 polliceri,

1267 3598 1297 3668 si
1314 3597 1525 3667 exercendae
1540 3597 1707 3667 iuventae
1721 3596 1812 3665 ratio
1828 3594 1956 3664 melior
1973 3595 2137 3670 iniretur.
2166 3595 2251 3666 Pla-

1268 3701 1341 3770 cuit
1356 3699 1460 3767 amici
1475 3698 1684 3781 consilium,
1709 3713 1744 3768 et
1761 3696 1946 3785 negocium
1963 3722 2034 3768 una
2052 3699 2251 3769 literarium

1267 3799 1501 3892 suscepimus,
1526 3797 1588 3871 Dii
1604 3800 1739 3893 reliqua
1757 3799 1963 3873 secundent.
2000 3799 2104 3871 Nune
2119 3823 2250 3894 quaeso

1268 3926 1329 3972 vos
1353 3901 1476 3996 quanti
1508 3903 1623 3973 facitis
1648 3898 1756 3972 huius
1778 3902 1846 3971 viri
1871 3901 2063 3986 iodicium,
2096 3925 2177 3972 cum
2211 3901 2250 3969 in

1267 4005 1346 4073 aliis
1364 4003 1562 4095 disciplinis
1577 4001 1622 4076 od
1640 4001 1851 4100 παρέργως,
1878 4014 1955 4071 tum
1978 4003 2015 4072 in
2041 4000 2106 4072 hoc
2122 4027 2250 4092 genere

1266 4130 1405 4176 summa
1424 4129 1503 4175 cum
1526 4107 1631 4176 laude
1660 4128 1773 4173 anctos
1795 4105 1925 4195 opinor
1952 4106 2072 4175 decem
2097 4103 2251 4175 versati?

1266 4207 1345 4277 Hoc
1366 4230 1467 4296 egero
1491 4208 1672 4275 vobiscum
1696 4219 1799 4292 teste,
1823 4220 1929 4298 atque
1952 4231 1992 4275 eo
2016 4231 2099 4276 sane
2123 4207 2251 4290 iurato,

1267 4333 1341 4376 non
1360 4330 1433 4376 esse
1456 4307 1494 4374 in
1514 4301 1571 4376 his
1587 4306 1739 4395 vulgatis
1759 4308 1958 4388 stromatis,
1986 4312 2081 4402 quod
2103 4306 2250 4399 probari

1267 4409 1431 4502 cuiquam
1455 4422 1593 4498 praeter
1608 4422 1813 4495 personatos
1831 4413 2001 4504 quosdam
2025 4410 2250 4501 professores,

229 4509 377 4578 modum
393 4507 591 4589 difficilem,
618 4530 658 4575 ac
672 4506 763 4576 mire
778 4507 903 4576 utilem
919 4508 1045 4577 studiis
1070 4501 1215 4581 honeste
1266 4505 1425 4607 yoltodc
1437 4513 1581 4600 μᾶλλον
1593 4505 1616 4601 ἢ
1628 4504 1875 4606 φιλοσόφους,
1903 4525 2019 4604 queat.
2057 4509 2167 4581 lratas
2184 4508 2251 4580 ha-

230 4608 441 4692 tractandis,
483 4623 518 4679 et
551 4607 734 4677 difficilem
759 4621 794 4679 et
825 4610 987 4680 inutilem
1016 4611 1215 4686 redderent.
1266 4615 1367 4681 heam
1379 4610 1520 4695 Musas,
1545 4613 1583 4679 ni
1598 4607 1684 4681 haec
1699 4613 1746 4681 ita
1762 4617 1947 4695 damnem,
1972 4627 2014 4682 ut
2027 4636 2092 4703 pro
2108 4614 2158 4682 eis
2173 4636 2251 4681 me-

77 4739 87 4757 ⁸
194 4710 390 4781 'Hoccine
416 4722 466 4779 est
499 4711 589 4780 illud
614 4711 741 4780 docere
764 4713 861 4804 quod
895 4711 1050 4781 iactant?
1100 4709 1216 4788 Haec·
1267 4713 1355 4782 liora
1375 4713 1704 4806 foelicioraquevos
1722 4715 1887 4806 amplecti
1905 4712 2022 4786 velim.
2080 4712 2251 4806 Alioqui

228 4813 308 4884 cine
331 4824 415 4882 sunt
439 4812 515 4883 sine
540 4811 670 4906 quibus
693 4835 843 4905 pensum
867 4814 936 4882 arti
958 4813 1085 4906 cuique
1112 4838 1214 4885 suum
1267 4817 1419 4885 liberum
1441 4837 1504 4904 per
1527 4840 1584 4882 me
1606 4816 1732 4909 cuique
1747 4816 1872 4896 fuerit,
1899 4838 2070 4906 quorsum
2085 4817 2142 4884 vel
2164 4838 2250 4884 usus

231 4912 335 4985 reddi
350 4913 502 5006 nequit?
530 4911 708 4985 Haeccine
723 4929 824 4999 sunt,
850 4939 938 5008 quae
961 4928 1034 4985 tam
1056 4917 1216 5007 splendi-
1266 4931 1387 5000 vocat,
1411 4918 1468 4984 vel
1484 4917 1670 5004 ingenium
1683 4914 1793 4988 trahit
1816 4917 1927 5008 sequi.
1980 4916 2043 4988 Sat
2069 4917 2141 4985 scio
2164 4918 2250 4984 nul-

228 5016 285 5088 dis
300 5011 554 5106 Philosophiae
570 5015 683 5087 titulis
701 5017 976 5089 auctionantur?
1016 5013 1066 5087 At
1081 5035 1215 5111 quanto
1267 5020 1340 5089 hun
1356 5018 1464 5086 fuisse
1480 5020 1656 5104 seculum,
1681 5044 1795 5111 neque
1814 5015 2032 5089 Graecorum
2049 5041 2163 5110 neque
2178 5016 2249 5087 La-

230 5116 381 5189 minoris
398 5117 606 5187 didicissent
625 5132 718 5189 recte
744 5144 883 5211 sapere,
910 5144 1017 5214 quam
1042 5120 1212 5211 desipere.
1267 5120 1442 5204 tinorum,
1468 5123 1561 5214 quod
1583 5141 1657 5191 non
1675 5123 1721 5191 sit
1736 5121 1871 5210 egregie
1895 5135 2065 5212 nugatum
2088 5115 2250 5209 philoso-

229 5220 299 5292 Sed
323 5214 473 5288 cohibeo
495 5218 674 5305 animum,
698 5245 866 5315 nequem
884 5225 940 5291 vel
956 5222 1133 5290 bonorum
1156 5224 1215 5294 ni·
1266 5217 1429 5310 phando,
1468 5237 1599 5292 veteres
1626 5224 1808 5315 aliquanto
1837 5248 1942 5316 quam
1965 5223 2050 5292 novi
2074 5222 2249 5304 foelicius.

229 5322 299 5393 mia
315 5321 460 5392 libertas
474 5319 640 5393 offendat.
692 5321 876 5396 Vosame
892 5324 1132 5395 adulescentes
1146 5320 1214 5395 hoc
1267 5322 1387 5412 Quare
1418 5324 1544 5393 afferas
1577 5327 1620 5393 ad
1654 5348 1693 5392 ea
1728 5326 1860 5410 studia,
1892 5337 2053 5417 oportet,
2088 5324 2250 5401 animum

227 5448 340 5496 unum
357 5421 414 5515 agi
429 5422 577 5516 putetis,
601 5422 727 5498 utilius
743 5442 853 5520 quant
865 5429 963 5523 quod
982 5424 1071 5498 otim
1085 5438 1214 5498 tracta·
1264 5448 1381 5497 acrem
1399 5438 1587 5506 eteorum,
1610 5425 1738 5496 deinde
1755 5424 1966 5518 Magistrum
1979 5421 2148 5497 adhibeas
2162 5425 2251 5497 boni
