4732 6030
2159 275 2206 344 10

681 268 843 345 DECL.
874 269 949 345 DE
982 271 1243 352 ARTIBUS
1275 274 1689 353 LIBERALlBUS.

164 450 247 520 illos
265 445 397 518 eminet
409 441 651 538 Augustinus,
678 446 742 540 qui
757 445 888 515 dialexi
903 469 966 515 ceu
982 443 1157 514 Mercurii
1205 453 1301 522 locos
1325 450 1546 542 populariter
1567 451 1757 524 instruens,
1809 445 1857 520 Et
1878 451 1923 519 de
1947 446 2199 532 Grammatico,

167 553 242 636 alis,
265 549 315 622 ita
328 548 505 619 Platonici
522 549 595 617 vim
609 548 722 618 animi
736 548 905 616 excelsam
920 561 1059 627 vocant,
1088 543 1157 616 hu·
1204 553 1415 637 Dialectica,
1454 548 1665 633 Rhetorica,
1703 551 1844 641 Logicis
1875 552 2011 624 artibus
2044 562 2196 622 tantum.

165 675 269 722 mana
298 675 485 742 superans,
519 650 641 719 divina
672 649 855 741 proximus
886 650 1014 739 attigit.
1073 647 1155 718 Non
1204 652 1377 726 Chordae.
1392 656 1474 723 illae
1495 670 1565 723 tres
1581 655 1617 720 in
1634 649 1734 745 chely
1749 649 1984 747 symphonae,
2008 651 2194 721 Musarum

163 755 272 824 audio
296 755 467 846 quosdam
491 753 583 821 male
607 753 751 822 feriatos
773 747 956 836 homines,
988 750 1050 843 qul
1074 776 1155 820 cum
1204 759 1313 827 trium
1330 758 1453 827 ludus:
1481 756 1709 850 Polymneia²
1734 756 1790 825 cui
1807 779 1938 823 nomen
1956 767 2196 823 estamemo.

96 892 101 899 ¹
165 848 406 955 ἀγράμματοι
435 850 499 926 καὶ
529 853 690 946 ἄμουσοι
711 854 830 923 literas
854 854 960 941 vulgo
987 853 1156 937 iactitent,
1204 861 1274 944 ria,
1305 859 1426 928 literas
1456 855 1572 929 habet.
1629 855 1787 946 Euterpe
1809 854 2066 939 'Dialecticam,
2098 856 2195 948 quod

165 955 232 1027 hoc
246 953 380 1027 habent
395 958 569 1047 primum,
593 970 634 1027 ut
649 980 669 1025 a
682 953 884 1024 Dialecticis
900 980 1006 1047 quam
1021 953 1156 1043 longis·
1204 963 1295 1029 mira
1317 961 1451 1030 sciendi
1474 961 1640 1051 cupidine
1661 960 1865 1050 rapiantur,
1891 959 1953 1050 qui
1975 957 2014 1024 in
2037 970 2197 1025 contem.

165 1060 252 1146 sime
282 1059 410 1130 absint.
462 1056 537 1148 Age
566 1059 657 1127 belle
689 1058 826 1126 ridetur
854 1053 941 1124 haec
964 1070 1036 1126 tota
1056 1057 1156 1125 fexa
1205 1063 1361 1155 platione
1385 1064 1528 1152 degunt.
1588 1061 1814 1150 Melpomene
1837 1061 1957 1129 forum
1981 1058 2195 1141 demulcens,

165 1161 331 1245 Socrate,
362 1185 437 1228 non
467 1161 506 1228 in
537 1157 671 1249 Gorgia
702 1171 840 1228 tantum
871 1174 904 1227 et
926 1153 1062 1239 Lache,
1095 1160 1155 1226 sed
1203 1161 1443 1236 Rhetoricam.
1497 1160 1599 1250 Quae
1629 1172 1747 1230 rosum
1777 1176 1828 1233 est
1858 1161 2032 1250 cognitio,
2063 1160 2196 1250 pendet

165 1263 335 1334 omnibus
366 1286 453 1353 pene
483 1261 792 1332 dissertationibus
816 1258 986 1330 Platonis.
1039 1259 1156 1330 Habet
1205 1268 1321 1337 omnis
1345 1291 1364 1334 e
1388 1264 1608 1343 numeraria,
1634 1287 1739 1356 quarn
1761 1276 1891 1332 vocant
1912 1256 2196 1332 Arithmeticam.

166 1363 408 1436 Grammatico
431 1379 472 1434 ut
493 1366 595 1434 docte
616 1363 793 1455 loquaris,
818 1356 904 1431 haec
927 1375 967 1430 ut
989 1385 1090 1447 vere,
1115 1374 1155 1431 ut
1204 1368 1381 1451 sienim,
1407 1383 1449 1438 ut
1469 1367 1584 1435 visum
1610 1363 1771 1448 Platoni,
1797 1364 1915 1456 aliqua
1936 1387 2054 1433 rerum
2079 1362 2195 1453 prima

159 279 183 348 9

167 1466 457 1546 discriminatim,
481 1479 522 1535 ut
543 1480 696 1549 certum,
722 1477 762 1534 ut
783 1464 956 1547 solidum,
980 1465 1075 1556 quod
1092 1458 1154 1531 en-

166 1564 400 1662 thymemata,
429 1568 644 1662 syllogismi,
678 1562 815 1649 theses,
845 1565 979 1650 finitio,
1012 1566 1155 1655 partitio

165 1671 391 1739 commodum
414 1666 592 1742 exhibent.
644 1667 692 1738 Et
715 1691 857 1762 syncera
880 1682 964 1737 sunt
987 1681 1021 1736 et
1043 1669 1155 1752 firma,

164 1795 255 1865 quae
279 1771 319 1839 in
340 1765 433 1840 hanc
454 1772 564 1840 aleam
587 1770 824 1854 conveniunt,
856 1770 1076 1861 minimeque
1098 1770 1153 1837 fu-

163 1888 250 1944 cata.
301 1868 453 1943 Daedali
474 1887 606 1942 statuas
628 1874 810 1964 quondam
827 1871 982 1959 suspexit
998 1870 1155 1962 antiqni-

163 1989 235 2055 tas,
266 1997 343 2043 non
370 1973 415 2043 de
443 1974 624 2042 adsciticia
654 1972 785 2063 specie,
818 1988 858 2040 ut
879 1967 1081 2042 Pausanias.
1094 1971 1154 2053 ait,

164 2078 227 2145 sed
258 2076 414 2163 ingenua
438 2075 592 2166 quadam
610 2075 749 2155 forma,
789 2074 846 2140 cui
871 2072 976 2160 plane
999 2065 1155 2168 γνήσιον

165 2172 350 2259 hocerat,
375 2176 621 2243 admirandam
644 2175 773 2243 referre
798 2174 874 2262 ipso
898 2175 1025 2242 decore
1046 2175 1154 2242 maie·

163 2290 299 2362 statem,
325 2287 360 2346 et
371 2277 626 2379 propemodum
639 2276 730 2344 illud
740 2275 898 2343 melioris
911 2276 1017 2344 seculi
1035 2274 1155 2349 θεῖον.

162 2378 338 2450 Fortassis
361 2390 397 2447 et
413 2379 459 2447 de
476 2378 607 2448 nostris
622 2376 825 2448 Dialecticis
840 2377 908 2446 tale
924 2377 1094 2470 quiddam
1108 2379 1154 2445 li·

164 2481 276 2566 cebit,
307 2479 446 2551 Stoicos
469 2480 569 2564 dico,
601 2480 695 2549 aridi
718 2493 803 2548 sunt
823 2503 863 2548 ac
886 2478 999 2548 ieiuni
1020 2504 1153 2549 sermo·
1195 2485 1198 2488 ’

112 2628 116 2635 -
147 2607 265 2667 nem,
290 2581 459 2651 foecundi
479 2605 596 2651 sensa:
629 2606 751 2650 verum
768 2576 970 2650 haecalias.
1022 2578 1155 2652 Omni-

164 2710 212 2755 no
234 2687 279 2753 de
302 2683 379 2776 ipso
404 2684 540 2753 sciendi
564 2707 685 2753 amore
700 2682 892 2754 Dialectica
909 2683 1003 2753 inter
1019 2685 1154 2774 primo-

164 2811 218 2856 res
233 2785 362 2856 artium
379 2786 553 2856 recenseri
571 2810 645 2854 non
660 2800 789 2855 temere
803 2786 903 2857 solet.
955 2783 1076 2873 Quare
1091 2810 1153 2855 va·

163 2889 259 2959 leant
290 2881 500 2978 ἀντίτεχνοι
523 2888 596 2955 suis
628 2887 876 2974 complicibus,
915 2893 1088 2958 τοιοῦτον
1110 2883 1153 2958 τὸ

161 2984 364 3086 βαρβαρὸν
377 2985 495 3084 γένος,
518 2998 559 3054 ut
573 3009 652 3054 cum
660 2981 833 3074 Euripide
847 2987 978 3054 dicam:
1001 2987 1153 3057 liberum

163 3106 215 3163 est
238 3091 336 3159 enim
351 3089 480 3180 cuique
494 3100 555 3157 aut
568 3088 703 3156 bonum
719 3109 793 3155 esse
808 3103 869 3158 aut
885 3089 1028 3156 malum.
1079 3089 1153 3158 Vos

133 3199 137 3205 ‘
162 3193 226 3286 qui
240 3185 492 3281 Philosophiae
507 3213 638 3257 nomen
653 3189 798 3258 dedistis
813 3190 1065 3276 adolescentes,
1093 3194 1152 3284 qui

80 3303 85 3313 '
162 3294 250 3364 boni
266 3314 358 3374 esse,
384 3291 447 3384 qui
463 3313 584 3382 sapere
599 3293 741 3360 dextrae
756 3291 885 3377 menti,
912 3294 972 3385 qui
988 3295 1153 3382 prodesse

155 3394 248 3465 ¹olim
264 3391 420 3483 Reipub.
440 3393 671 3477 contenditis,
695 3393 733 3460 in
751 3393 922 3464 elementa
939 3394 1152 3465 Dialecticae

161 3495 371 3566 incumbite.
421 3475 746 3584 Nullo⁰pharmaco
769 3497 881 3584 magis
905 3510 965 3566 aut
990 3512 1151 3586 vegetum

162 3613 222 3668 aut
245 3619 341 3680 acre,
375 3596 474 3665 nulla
498 3592 685 3665 harmonia
709 3597 811 3665 reddi
832 3612 946 3689 potest
968 3599 1150 3687 ingenium

164 3699 371 3789 elegantius.
422 3692 507 3765 Bias
522 3711 684 3788 rogatus,
710 3698 796 3790 quid
815 3715 903 3769 esset
917 3701 1044 3793 cuique
1059 3701 1153 3771 inter

162 3803 274 3893 prima
304 3799 426 3878 dulce,
469 3802 672 3890 respondit,
715 3801 802 3892 quid
830 3803 1030 3893 proprium.
1087 3800 1152 3873 Est

162 3918 278 3973 autern
309 3901 367 3970 vel
397 3899 549 3969 maxime
578 3902 720 3992 propria
754 3898 893 3972 homini
918 3905 1151 3988 ratiocinatio,

161 3998 327 4088 διάλεξις,
340 4004 590 4095 contemplatio
600 4004 770 4095 cuiusque
781 3999 874 4100 [rei]
886 4007 1047 4093 diligens.
1076 4006 1149 4074 lam

163 4130 290 4200 quaeso
321 4104 407 4198 quid
439 4129 481 4173 eo
511 4106 679 4175 suavius?
730 4103 881 4176 Varium
911 4104 1040 4175 Poetae
1061 4104 1152 4174 Pro-

163 4224 255 4279 teum
279 4208 437 4296 lingunt,
464 4209 624 4277 omnium
645 4206 715 4274 sibi
730 4231 849 4276 rerum
865 4207 985 4277 vultus
1001 4209 1151 4296 formas-

162 4335 230 4404 que
252 4322 443 4401 aptantem.
496 4307 580 4397 Quo
603 4308 774 4377 nimirum
798 4324 997 4379 commento
1018 4310 1152 4379 intelli-

163 4412 298 4501 gentiae
328 4424 470 4481 nostrae
497 4406 799 4500 metamorphosin
825 4411 864 4478 in
886 4435 1009 4480 omnes
1031 4437 1150 4504 rerum

163 4512 292 4604 species
306 4513 516 4600 significant.
560 4511 739 4583 Discernit
752 4526 870 4583 autem
885 4515 1016 4604 species
1030 4538 1150 4583 rerum

163 4613 267 4685 unica
276 4610 478 4696 Dialectica,
500 4628 668 4706 perpetua
682 4628 716 4684 et
730 4615 937 4684 inconcussa
950 4618 1024 4685 veri
1036 4617 1150 4684 scien-

160 4719 223 4790 tia.
277 4712 391 4802 Quam
413 4717 540 4787 vellem
557 4712 643 4785 haec
659 4717 821 4806 pluribus
835 4740 937 4803 agere
952 4719 1072 4787 liceret
1087 4741 1151 4808 per

161 4815 308 4898 horam,
334 4840 404 4907 quo
424 4819 534 4907 magis
548 4820 730 4910 perspicue
745 4820 847 4889 vobis
859 4817 1050 4889 Dialectica
1066 4844 1151 4908 pro-

162 4923 317 4991 baretur.
370 4915 432 4987 Sat
450 4921 559 4990 fuerit
580 4921 764 5001 adiecisse,
789 4920 975 5002 Neminem
991 4946 1009 4989 a
1024 4922 1151 4991 condi·

163 5024 209 5093 tis
235 5020 348 5090 literis
370 5042 526 5113 unquam
550 5023 625 5091 ullo
647 5023 847 5113 sapientum
869 5023 1025 5109 iudicio,
1057 5024 1151 5093 inter

162 5123 370 5193 candidatos
397 5123 596 5194 studiorum
627 5125 797 5217 cuiusque
828 5124 965 5214 generis
995 5149 1151 5207 censum,

161 5221 269 5299 huius
285 5236 472 5313 expertem.
521 5224 590 5296 Sed
605 5250 726 5297 aurem
736 5224 912 5320 Cynthius
926 5227 1026 5296 vellit
1043 5251 1150 5296 oran-

148 5328 208 5413 ti,
234 5339 269 5396 et
284 5328 452 5394 admonet
465 5347 643 5417 superesse
657 5325 899 5400 Rhetoricam.
951 5327 1051 5417 Quid
1067 5353 1149 5397 vero

159 5429 246 5499 itta?
296 5425 381 5497 Pars
401 5425 633 5512 Dialectieae,
665 5433 837 5523 quosdam
858 5443 1149 5520 argumentorum

1203 1471 1303 1541 notio
1326 1471 1457 1540 inserta
1479 1482 1531 1538 est
1554 1480 1680 1537 natura
1696 1467 1876 1535 mentibus
1892 1460 2100 1547 hominum,
2125 1486 2195 1556 qua

1204 1574 1308 1643 liceat
1331 1573 1403 1656 uti,
1429 1571 1486 1640 vel
1508 1572 1553 1639 ad
1575 1569 1831 1639 universalium
1854 1565 2192 1656 contemplationum
2279 1555 2282 1558 ’

1204 1675 1378 1768 principia
1403 1673 1623 1763 agnoscenda
1646 1665 1754 1742 aare?
1765 1661 1969 1764 πρόληψιν,
2006 1681 2047 1736 ut
2070 1667 2193 1735 doctus

1205 1778 1259 1846 vir
1285 1773 1464 1865 Epicurus
1487 1781 1619 1854 vocat,
1647 1773 1701 1841 vel
1728 1774 1773 1840 ad
1794 1771 2015 1860 vestigandas
2039 1767 2196 1856 singula·

1204 1878 1299 1946 rium
1320 1892 1454 1966 partes,
1479 1898 1608 1967 quaeso
1634 1898 1722 1966 quae
1741 1872 1897 1957 estatio,
1922 1895 2028 1964 quam
2046 1869 2194 1947 ordinis,

1205 2003 1310 2073 quam
1336 1977 1475 2047 numeri
1491 1976 1637 2066 regula?
1670 2000 1739 2068 qua
1755 1975 1897 2043 videtur
1913 1974 1951 2041 in
1967 1993 2196 2064 unoquoque,

1204 2081 1290 2175 quid
1307 2080 1482 2170 primum,
1504 2079 1588 2171 quid
1607 2093 1819 2159 extremum,
1847 2077 1933 2169 quid
1948 2098 2079 2158 unum,
2105 2093 2195 2165 quae

1204 2184 1325 2254 multa.
1386 2179 1486 2269 Quae
1499 2194 1540 2250 ut
1561 2204 1635 2248 non
1660 2193 1791 2248 temere
1817 2178 1932 2248 solent
1955 2175 2119 2265 magistra
2140 2175 2194 2242 fe-

1203 2285 1284 2355 rula
1309 2284 1457 2366 discier,
1496 2281 1545 2352 ita
1567 2297 1692 2352 natura
1715 2281 1816 2371 prius
1839 2292 2000 2371 percepta
2015 2277 2196 2347 tenemus.

1204 2386 1359 2458 Laratan
1379 2385 1497 2467 aiunt,
1522 2384 1682 2477 quisquis
1694 2383 1756 2450 ille
1772 2382 1859 2466 tuit,
1885 2375 2106 2475 Pythagorae
2120 2376 2214 2447 Do-¹

1205 2502 1299 2573 otor,
1322 2487 1451 2557 dixisse
1473 2486 1629 2553 animam
1645 2507 1793 2554 numero
1814 2495 1963 2551 matrem
1979 2503 2070 2562 esse,
2094 2479 2196 2547 vide·

1204 2591 1304 2673 licet,
1353 2613 1424 2682 quo
1464 2587 1677 2675 signiticaret
1714 2585 1935 2674 congenitam
1981 2579 2196 2650 numerandi

1204 2692 1384 2762 scientiam
1407 2691 1536 2758 animis
1560 2688 1778 2759 mortalium.
1829 2682 1878 2756 Et
1901 2685 1985 2753 licet
2005 2685 2049 2753 de
2064 2705 2195 2773 puero-

1203 2819 1284 2864 rum
1314 2792 1465 2861 rudibus
1491 2792 1641 2880 ingeniis
1664 2790 1862 2880 periculum
1883 2788 2015 2868 facere,
2047 2807 2093 2852 an
2119 2806 2193 2850 non

1203 2895 1358 2988 primum
1383 2909 1452 2978 est,
1483 2894 1578 2985 quod
1599 2892 1688 2960 scire
1713 2892 1878 2958 videntur
1899 2908 2086 2985 numerus,
2118 2907 2194 2972 par,

1203 3000 1318 3088 impar
1339 2996 1495 3076 luditur,
1527 2994 1612 3061 item
1636 2992 1747 3059 cubus
1769 2990 1907 3082 primns
1929 2999 1964 3055 et
1986 3000 2194 3077 postremus.

1205 3096 1448 3187 Quamobrem
1480 3096 1519 3161 in
1544 3092 1748 3161 erudiendis
1770 3092 1890 3183 pueris
1911 3111 1930 3158 a
1955 3110 2105 3157 numero
2130 3109 2194 3155 au-

1203 3199 1412 3292 spicandum
1430 3210 1547 3266 censet
1564 3194 1686 3281 Plato,
1712 3218 1782 3287 quo
1799 3191 1944 3261 excultis
1962 3189 2007 3258 iis
2021 3212 2112 3281 quae
2128 3212 2194 3256 na-

1203 3316 1281 3371 tura
1306 3300 1429 3368 insunt
1452 3297 1670 3380 seminariis,
1700 3295 1810 3387 recipi
1836 3306 1970 3363 caetera
1993 3290 2193 3382 promptius

1202 3414 1344 3498 queant.
1410 3397 1458 3470 Et
1491 3395 1708 3493 Pythagoras
1741 3421 1882 3466 omnem
1916 3387 2194 3484 philosophandi

1202 3501 1381 3575 rationem'
1409 3528 1427 3570 e
1462 3516 1587 3571 natura
1616 3501 1744 3571 mentis
1774 3496 1951 3568 humanae
1975 3507 2194 3585 cognatoque

1202 3608 1320 3678 studio
1345 3606 1528 3686 derivans,
1554 3603 1731 3696 principia
1752 3593 2004 3688 Philosophiae
2026 3617 2194 3666 numeros

1202 3709 1331 3800 posuit.
1386 3706 1481 3777 Tum
1507 3705 1567 3799 qui
1594 3704 1797 3796 praestitere
1821 3701 2001 3794 quondam
2021 3695 2193 3784 sapientia

1201 3810 1320 3899 magni
1352 3809 1441 3893 viri,
1473 3803 1516 3878 τὸ
1541 3803 1721 3902 ἀριθμεῖν
1742 3824 1951 3879 numerare,
1984 3821 2048 3886 pro
2075 3791 2195 3887 philo-

1202 3909 1348 4003 sophari
1372 3913 1549 3979 dixerunt.
1601 3906 1790 3973 Abenzoar
1808 3923 1911 3968 nosse
1923 3898 2046 3990 inquit
2059 3896 2194 3979 omnia,

1202 4014 1264 4104 qui
1289 4013 1374 4078 sciat
1399 4029 1597 4093 numerare.
1654 4000 1703 4073 Et
1724 4002 1848 4073 Neocli
1871 3999 1973 4070 Plato
1996 3999 2193 4092 quaerenti,

1201 4136 1265 4180 cur
1278 4106 1386 4179 homo
1402 4107 1699 4197 sapientissimum
1714 4103 1857 4187 animal,
1883 4101 2076 4192 respondit,
2102 4124 2193 4193 quo-

1201 4214 1298 4283 niam
1321 4233 1489 4281 numeros
1514 4208 1648 4281 calleat.
1717 4205 1790 4275 lam
1814 4229 1905 4296 quae
1925 4227 2050 4272 arcana
2073 4202 2192 4271 venati

1200 4316 1351 4384 maiores
1376 4337 1394 4381 e
1419 4312 1495 4401 pari
1518 4336 1558 4380 ac
1581 4309 1732 4400 impari,
1758 4331 1847 4400 quae
1865 4298 2030 4376 sublimia
2049 4330 2089 4374 ex
2106 4328 2191 4386 uno,

1201 4417 1362 4500 duobus,
1388 4415 1521 4497 tribus,
1547 4427 1717 4506 quatuor,
1742 4409 1921 4503 quinque,
1945 4432 2021 4491 sex,
2048 4421 2192 4496 septem,

1200 4532 1236 4589 et
1256 4541 1397 4588 rursum
1421 4542 1461 4585 ex
1482 4510 1611 4584 horum
1633 4511 1896 4600 congressibus,
1929 4511 2005 4577 dics
2027 4507 2193 4577 defecerit

1200 4621 1375 4713 explicare
1398 4631 1598 4689 conantem.
1652 4609 1835 4686 Accedunt
1855 4614 1898 4681 ad
1920 4633 2089 4680 numeros
2111 4610 2191 4680 lite-

1201 4747 1279 4808 rae,
1313 4734 1442 4800 sortes,
1473 4719 1690 4807 aenigmata,
1716 4713 1944 4797 nomismata,
1971 4725 2005 4783 et
2026 4705 2216 4801 huiusce·x

1200 4824 1298 4893 modi
1321 4846 1396 4891 non
1420 4843 1551 4912 paucae
1571 4817 1862 4889 commerciorum
1882 4829 2000 4886 notae.
2051 4812 2124 4882 Nec
2141 4826 2192 4882 est

1200 4939 1240 4994 ut
1259 4925 1368 5019 Syros
1391 4937 1453 4992 aut
1468 4918 1664 4991 Phoenicas
1685 4942 1876 4986 memorem
1900 4916 2002 4986 vobis
2026 4909 2193 4984 authores

1201 5028 1353 5097 numeri.
1403 5021 1539 5095 Eadem
1558 5021 1678 5113 generi
1697 5013 1883 5088 hominum
1902 5018 1992 5087 ratio
2012 5018 2105 5086 idem
2123 5012 2192 5083 boc

1200 5130 1335 5222 ubique
1363 5139 1534 5218 praestat,
1569 5137 1610 5193 ut
1639 5122 1774 5212 signet,
1814 5121 2007 5200 discernat,
2046 5119 2190 5193 iudicet,

1200 5254 1290 5324 quae
1321 5254 1450 5302 usurae
1481 5226 1631 5296 veniunt
1661 5251 1680 5295 e
1711 5224 1926 5293 numeraria.
1982 5220 2192 5314 Sequuntur

1202 5356 1278 5401 eam
1302 5334 1501 5425 ponderum
1522 5352 1563 5396 ac
1581 5326 1865 5417 magnitudinum
1884 5345 2087 5399 mensurae,
2115 5317 2190 5404 pla·

1200 5459 1285 5521 nae,
1319 5435 1523 5526 solidaeque
1545 5430 1696 5521 figurae,
1727 5453 1859 5521 aequa,
1892 5426 2013 5517 iniqua
2039 5439 2192 5510 propor-
