4732 6030
102 429 314 511 licultatem,
335 438 376 496 ut
396 426 501 516 louge
519 426 656 498 minore
670 428 853 521 impendio
872 431 966 501 bona
983 456 1089 525 quarn

51 526 71 557 ‘'
103 530 196 599 mala
229 549 293 597 vos
324 551 460 619 sperem
494 544 724 603 assecuturos.
787 530 960 622 Deligunt
988 534 1090 603 vobis

103 643 345 722 praeceptores
367 629 474 699 vestri
500 655 590 723 quae
612 655 652 700 ex
675 656 742 702 usu
758 648 808 704 est
828 635 934 718 scire,
960 636 1089 704 frivola

26 763 32 772 ·
101 745 310 812 secernunt,
342 744 447 824 atque
469 732 495 800 ii
518 730 648 802 Latina
673 736 839 827 quidem,
874 737 981 806 simul
1008 760 1088 805 cum

100 832 242 905 Latinis
252 829 387 901 Graeca
406 833 514 917 disci,
540 847 573 904 et
589 835 737 919 debent,
763 850 798 908 et
811 839 914 907 facile
927 852 1088 929 possunt.

101 932 215 1004 Modo
239 935 427 1003 succisivas
448 935 583 1028 aliquot
608 931 713 1018 horas
731 936 876 1008 Graecis
898 943 998 1032 date,
1024 962 1088 1029 ego

100 1036 181 1107 taxo
205 1037 324 1107 studio
347 1060 387 1105 ac
412 1036 534 1106 labore
559 1061 658 1122 meo,
691 1062 737 1107 ne
757 1065 863 1132 opera
883 1065 952 1118 ,vos
975 1054 1088 1111 vestra

560 358 562 362 ι
648 252 828 332 ouon
860 253 938 330 ou
969 254 1395 335 MAXIMILtANo
1427 261 1583 342 caus,

2082 270 2132 341 26

1951 471 1999 511 an.
2017 447 2112 518 1519.

1953 539 2124 569 m

1179 435 1246 509 No.
1264 436 1298 507 3.

1157 531 1329 562 m
1420 560 1423 566 ,

1286 651 1289 661 ’
1334 632 1409 725 Ite
1437 637 1777 726 Maximiliono
1806 642 1931 732 Caes.

1209 814 1357 888 separatim
1379 815 1465 880 edita,
1485 815 1538 871 vid.
1559 815 1713 896 EPP·.V⁰¹'
1737 819 1760 874 l.
1785 839 1810 887 p.
1830 821 1893 888 69·,
1919 823 1965 875 ubi
1985 823 2126 894 epistolam

1244 887 1470 950 nuncupatoriam
1481 885 1513 939 ad
1529 885 1751 968 Herabarmerum
1766 888 1897 947 dedimus.
1931 891 2036 951 Rc'cusa
2055 891 2127 963 apud

1241 952 1355 1077 tata:
1368 952 1577 1095 tutata
1590 955 1836 1096 'ttlalfftlzt
1849 957 2001 1080 l'at·⁵⁶⁷·
2038 960 2124 1014 Μ·

100 1137 304 1210 frustretur.
357 1135 484 1208 Statim
511 1139 606 1206 enim
639 1140 684 1209 ab
713 1142 817 1212 initio
844 1144 1087 1213 difficultatem
1140 1187 1266 1254 Oratio
1303 1177 1476 1277 funem
1519 1181 1625 1254 dicta
1658 1182 1742 1255 divo
1782 1179 2124 1259 Maximinum

100 1239 155 1309 rei
184 1237 444 1309 Grammaticae
475 1240 690 1358 optimorum
718 1238 906 1364 authorum
937 1246 1088 1315 lectione
1140 1287 1294 1357 cumr,-
1344 1280 1622 1380 Wittengerw
1648 1306 1673 1354 a
1696 1283 1792 1358 phil,
1813 1287 2111 1362 Melancmhone

100 1341 330 1431 temperabo,
354 1353 393 1409 ut
413 1343 509 1433 quod
524 1341 598 1410 1lhc
613 1345 752 1432 regula,
776 1341 834 1414 luc
851 1348 1007 1437 exempla
1022 1349 1087 1416 do·
1301 1335 1314 1377 '
1534 1409 1595 1458 an,
1624 1382 1736 1461 1519,
2112 1339 2125 1381 '

103 1456 216 1513 ceant.
278 1435 432 1512 Accedet
469 1444 585 1512 obiter
620 1445 659 1512 in
698 1442 910 1517 authoribus
945 1449 1087 1518 interim

101 1544 198 1636 quod
222 1544 266 1611 ad
289 1566 422 1628 mores,
455 1545 510 1612 vel
533 1560 651 1613 rerum
674 1562 885 1618 secretarum
906 1551 1087 1619 scientiam
1140 1525 1190 1613 Si
1207 1563 1377 1633 unquam,
1393 1536 1839 1630 IllustrtsstmiPrineipes.
1855 1538 2035 1630 Magistri,
2051 1539 2125 1614 Re·
2235 1633 2239 1640 Ι

100 1644 269 1735 pertinet:
301 1645 421 1714 omnia
441 1646 472 1714 'si
498 1647 734 1733 contuleritis,
761 1648 999 1741 pulcherrime
1022 1653 1087 1721 ab·
1140 1659 1270 1721 ctorem
1303 1640 1594 1731 praeslanllsssslml
1628 1641 1716 1725 Viri,
1757 1663 1856 1710 ⁰²⁸⁰⁸
1888 1643 2017 1734 aliqulss
2050 1668 2123 1714 ¹1⁰ss

99 1746 238 1815 solvent
252 1746 374 1814 orbem
391 1747 601 1817 studiorum.
652 1748 733 1821 Erit
747 1753 842 1821 enim
861 1777 964 1824 curae
986 1749 1088 1839 mihi,
1140 1745 1247 1815 modo
1263 1743 1449 1812 universae
1465 1739 1699 1822 Germaniae,
1725 1745 1785 1810 ⁸011
1804 1745 1952 1812 0m¹15¹10
1969 1744 2035 1814 [0ῑῖ
2048 1743 2125 1815 Ell-

100 1861 142 1916 ut
163 1871 227 1939 pro
256 1870 409 1940 requae
443 1849 610 1919 videntur
641 1851 831 1941 diligenter
864 1858 1086 1923 admoneam.
1140 1868 1247 1935 ropae
1279 1846 1424 1912 acerbus
1451 1844 1618 1912 accidisse
1648 1845 1760 1912 videri
1786 1859 1920 1936 potest,
1949 1841 2007 1914 hic
2034 1860 2127 1917 certe
2164 1864 2167 1869 ’

98 1946 298 2017 Homerum
314 1942 488 2017 habemus
500 1950 540 2016 iu
556 1951 740 2037 manibus,
756 1950 928 2022 habemus
943 1953 1088 2023 etPauli
1140 1948 1254 2014 multo
1267 1944 1437 2027 maxime,
1458 1946 1581 2035 optimi
1599 1944 1774 2035 Principis
1795 1948 1870 2014 divi
1886 1945 2125 2016 Maximiliani

97 2044 301 2140 Epistulam
318 2049 363 2116 ad
381 2047 519 2121 Titum.
569 2047 640 2118 Hic
662 2066 816 2143 spectare
831 2056 934 2123 vobis
958 2056 1088 2140 licebit,
1140 2046 1303 2116 interitus
1318 2044 1639 2136 publicisomnium
1656 2042 2045 2141 lachrymisdeflendus
2061 2062 2125 2119 est.

100 2163 278 2243 quantum
294 2148 465 2218 sermonis
482 2152 697 2240 proprietas,
724 2156 768 2222 ad
787 2155 1015 2244 intelligenda
1026 2179 1088 2225 sa·
1139 2147 1230 2243 Nam
1244 2160 1395 2237 ‘treplut
1420 2160 1469 2217 0⁵¹
1495 2149 1916 2238 lerrl⁵¹1¹¹11⁵0m¹¹ium‚
1944 2152 2007 2243 qui
2031 2147 2125 2221 Ger·

99 2250 442 2342 crorummysteria,
467 2251 648 2320 conferatt‘
665 2255 751 2346 quid
764 2256 848 2325 item
868 2257 1008 2331 intersit
1029 2258 1086 2325 in-

101 2365 156 2423 ter
187 2352 395 2441 interpretes
416 2350 548 2423 Graece
578 2355 717 2440 doctos,
753 2371 787 2426 et
819 2357 991 2428 indoctos.
1043 2358 1086 2428 ln

99 2453 179 2523 aliis
196 2466 280 2523 nota
294 2453 386 2521 mala
402 2474 467 2542 pro
491 2454 593 2523 bonis
608 2456 802 2542 ducantur,
827 2460 864 2528 in
890 2456 958 2530 hoc
978 2484 1088 2550 nego-

99 2555 155 2625 cio
171 2555 305 2625 diutius
320 2555 406 2624 citra
423 2555 594 2624 iacturam
611 2556 762 2648 ineptire
778 2584 852 2630 non
873 2562 966 2634 licet.
1017 2559 1087 2632 Ca-

98 2655 227 2749 pessite
243 2678 324 2744 ergo
341 2679 425 2725 sana
449 2659 582 2740 studia,
608 2671 642 2728 et
660 2663 755 2752 quod
778 2686 797 2730 a
822 2660 930 2734 Poeta
950 2665 1084 2734 dictum

99 2773 169 2842 est,
201 2759 320 2826 animo
342 2757 492 2828 volvite:
530 2756 730 2830 Dimidium
760 2763 844 2834 facti
868 2766 931 2857 qui
958 2768 1087 2855 coepit,

97 2854 216 2929 babet.
276 2857 407 2949 Sapere
434 2861 583 2942 audete,
617 2876 752 2930 veteres
785 2865 934 2934 Latinos
968 2868 1085 2946 colite,

99 2959 234 3032 Graeca
254 2958 525 3048 amplexamini,
550 2959 626 3026 sine
647 2963 776 3052 quibus
793 2961 922 3032 Latina
946 2969 1086 3037 tractari

95 3076 192 3131 recte
207 3070 402 3151 nequeunt.
450 3054 505 3149 Ea
528 3082 592 3148 pro
610 3062 770 3129 omnium
794 3064 976 3135 literarum
1006 3091 1085 3152 usu,

96 3160 283 3251 ingenium
297 3158 548 3244 alent'mitius‚
573 3184 612 3228 ac
635 3162 828 3252 elegantius
850 3168 1087 3262 undequaque

96 3263 260 3341 reddent.
320 3257 446 3329 Paucis
470 3261 573 3330 annis
604 3264 766 3351 prodiere
787 3267 824 3334 iu
855 3267 988 3353 lucem,
1024 3272 1084 3364 qui

98 3363 202 3433 vobis
226 3375 260 3430 et
284 3361 443 3452 exemplo
466 3375 499 3431 et
522 3363 665 3433 stimulo
693 3367 781 3436 siut:
827 3367 963 3439 Videor
988 3372 1083 3439 enim

96 3465 219 3533 videre
234 3457 324 3530 mihi
340 3463 466 3532 tacitus
481 3463 616 3558 aliquot
639 3467 727 3536 locis
750 3471 973 3540 reflorescere
991 3471 1083 3542 Ger-

95 3563 273 3645 maniam,
308 3564 483 3660 planeque
507 3567 668 3637 morihus
699 3583 732 3638 ct
757 3574 939 3642 communi
963 3569 1083 3643 homi-

94 3692 183 3737 num
199 3688 305 3735 sensu
319 3666 521 3747 mitescere,
540 3681 574 3737 et
591 3671 691 3761 quasi
706 3670 872 3756 cicurari,
887 3699 977 3769 quae
994 3675 1084 3745 Bar-

94 3768 192 3840 baris
210 3769 296 3837 olim
313 3767 512 3859 disciplinis
532 3769 658 3856 effera,
682 3773 800 3843 nescio
820 3776 906 3869 quid
928 3778 1083 3847 immane

95 3872 197 3953 solita
217 3883 268 3938 est
284 3869 429 3959 spirare.
484 3867 639 3938 Proinde
657 3873 818 3946 locabitis
831 3901 990 3967 operam,
1007 3905 1081 3949 non

50 4050 53 4054 Α
95 3975 201 4042 modo
220 3973 408 4040 commodo
423 3983 559 4055 vestro,
584 3996 698 4064 eoque
713 3977 757 4043 ad
772 3992 931 4067 posteros
951 4005 1080 4072 propa·

96 4078 230 4164 gando,
266 4074 327 4141 sed
361 4072 509 4140 omnino
534 4073 667 4162 gloriae
695 4098 770 4144 non
794 4080 1083 4149 intermoriturae

95 4175 272 4264 Principis
290 4174 451 4243 omnium
469 4197 641 4243 consensu
660 4177 805 4267 optimi,
832 4181 892 4271 qui
909 4176 1002 4248 nihil
1019 4183 1082 4250 ad-

96 4278 252 4346 serendis
268 4276 372 4345 bonis
389 4276 501 4345 literis
518 4272 623 4347 habet
638 4279 766 4367 potius.
791 4277 966 4372 Equidem
985 4286 1081 4374 quod

98 4379 141 4447 ad
177 4404 230 4446 me
260 4378 404 4461 attinet,
433 4373 525 4445 nihil
549 4401 623 4447 non
649 4381 830 4466 connitar,
862 4407 907 4451 ne
930 4384 1081 4454 defuisse

98 4479 153 4547 vel
169 4480 375 4569 pientissimi
392 4478 569 4568 Principis
583 4481 777 4565 voluntati,
804 4485 858 4551 vel
880 4486 1006 4556 studiis
1021 4512 1082 4555 ve-

96 4580 179 4650 stris
194 4581 313 4670 optimi
331 4577 522 4650 Auditores
536 4583 668 4655 videar.
720 4580 838 4676 Atque
855 4581 922 4655 hoc
938 4611 994 4654 me
1014 4612 1081 4655 no-

30 4681 34 4688 ’
95 4682 194 4750 mine
219 4682 315 4750 vobis
332 4680 529 4752 Clarissimi
546 4684 634 4768 viri,
660 4681 872 4756 Academiae
889 4687 1082 4771 Saxonicae

93 4782 300 4872 Principes,
331 4786 455 4852 addico
473 4808 512 4852 ac
529 4785 703 4869 devoveo,
725 4803 881 4859 vestrum
905 4793 973 4859 erit
993 4793 1081 4861 adu-

39 4928 43 4936 ·
64 4916 68 4924 ·
95 4884 300 4954 lescentiarn
315 4909 427 4953 meam
445 4887 550 4953 bonis
564 4887 675 4956 literis
693 4907 946 4971 consecratam,
974 4895 1081 4961 mini-

95 5012 152 5055 me
185 4987 289 5053 malis
325 4989 458 5056 artibus
490 4988 684 5073 imbutam,
725 4994 877 5085 denique
910 4995 948 5061 in
976 4996 1079 5061 fidem

94 5103 251 5157 vestram
275 5087 398 5155 sedulo
414 5092 711 5175 commendatam,
738 5095 889 5185 benigue
905 5097 1080 5165 officiose-

94 5215 162 5283 que
178 5190 269 5261 tueri
286 5215 326 5259 ac
343 5211 559 5264 conservare.
612 5190 706 5264 Dixi.

1139 2249 1254 2318 manis
1274 2249 1540 2339 imperaverunt
1554 2247 1781 2340 Principum,
1807 2252 1921 2321 multo
1935 2253 2125 2343 sapientis·

1139 2352 1249 2420 simus
1276 2364 1310 2421 et
1340 2351 1573 2434 fortissimus,
1603 2353 1646 2420 ad
1680 2347 1747 2420 hoc
1770 2375 1810 2421 eo
1840 2367 2018 2445 tempore,
2054 2379 2125 2448 quo

1139 2456 1300 2523 nondum
1323 2452 1419 2521 aliud
1452 2452 1521 2520 fuit
1551 2453 1608 2519 vel
1640 2456 1862 2532 commodius
1892 2455 2125 2525 declarandae
2203 2456 2208 2461 ’

1140 2557 1263 2624 virtuti
1284 2552 1534 2639 Caesarianae,
1562 2553 1618 2621 vel
1643 2556 1754 2642 magis
1777 2557 2030 2642 necessarium,
2062 2582 2124 2626 cu·

1139 2657 1194 2727 ius
1217 2657 1278 2725 ille
1299 2656 1484 2744 ambiguos
1504 2677 1604 2724 casus
1625 2656 1796 2746 sapientia
1819 2680 1880 2725 sua
1903 2669 2124 2749 temperaret.

1139 2755 1246 2846 Quod
1263 2758 1358 2826 euim
1372 2758 1441 2827 fuit
1456 2758 1612 2827 seculum
1629 2759 1673 2826 ab
1689 2758 1766 2849 ipso
1786 2756 2000 2829 Germaniae
2014 2782 2124 2849 regno

1139 2862 1318 2940 dedicato,
1354 2884 1424 2952 quo
1459 2861 1514 2926 vel
1541 2856 1720 2928 Ecclesiae
1755 2883 1839 2949 opes
1871 2861 2124 2950 periculosiore

1139 2963 1217 3031 loco
1242 2963 1394 3044 luerint,
1427 2960 1482 3027 vel
1506 2960 1641 3027 turbidi
1664 2962 1791 3027 modus
1818 2963 1956 3029 certius
1976 2963 2122 3031 exitium

1138 3065 1323 3130 universae
1338 3058 1524 3150 Europae,
1549 3061 1680 3128 nedum
1699 3057 1913 3129 Germaniae
1932 3065 2124 3152 portende-

1138 3164 1235 3233 rint?
1284 3161 1417 3230 Horret
1439 3161 1579 3229 auimus
1601 3162 1733 3229 dicere:
1760 3159 2035 3233 Crudelissimus
2057 3188 2125 3234 no·
2215 3240 2219 3247 ,

1138 3264 1244 3333 minis
1276 3258 1471 3333 Christiani
1503 3258 1615 3333 hostis
1641 3261 1758 3332 Turca
1792 3264 1954 3336 imminet
1990 3264 2122 3338 ltaliae.

1138 3364 1252 3438 Roma
1276 3364 1316 3435 in
1337 3364 1463 3433 mediis
1484 3365 1652 3437 fluctibus
1674 3358 1923 3457 ἄλαόσκοπος,
1948 3392 2037 3460 quac
2060 3371 2123 3438 de-

1137 3470 1242 3539 bebat
1256 3467 1421 3538 universo
1440 3467 1535 3552 orbi,
1562 3468 1667 3536 nobis
1682 3472 1798 3537 autem
1815 3470 1986 3553 maxime,
2010 3470 2122 3540 veluti

1137 3572 1315 3665 quoddam
1340 3569 1579 3653 domicilium,
1603 3582 1637 3637 et
1663 3593 1725 3637 arx
1746 3569 2006 3659 trepidantibus
2026 3573 2122 3641 salu-

1136 3674 1214 3745 tari.
1268 3668 1408 3741 Galliae
1426 3671 1567 3765 quaein
1583 3670 1820 3739 armisannos
1837 3672 1906 3741 iam
1926 3673 1999 3742 fere
2015 3673 2123 3767 quin-

1136 3773 1302 3868 quaginta
1320 3796 1338 3842 a
1354 3771 1484 3843 Carolo
1502 3796 1613 3865 usque
1629 3784 1754 3841 octavo
1769 3772 1840 3860 agit
1854 3774 2010 3856 assidua,
2025 3797 2121 3840 nun-

1135 3901 1241 3969 quam
1258 3900 1374 3967 neque
1388 3876 1537 3944 maiores
1553 3873 1676 3950 animi,
1702 3896 1767 3940 nec
1783 3896 1860 3960 spes
1874 3873 2119 3961 impotentior,
2225 3962 2227 3967 Ι

1135 4001 1249 4067 neque
1269 3977 1405 4042 occasio
1427 3975 1596 4059 amplior,
1628 3994 1744 4060 neque
1766 3972 1908 4039 fortuna
1930 3974 2122 4064 indulgeu-

1135 4077 1205 4143 tior
1219 4074 1297 4141 fnit.
1348 4071 1478 4160 Reguli
1496 4068 1710 4139 Germaniae
1726 4072 1854 4161 passim
1879 4075 2033 4164 patriae,
2058 4100 2120 4144 ve-

1134 4199 1263 4269 raeque
1287 4171 1521 4244 Germanicae
1543 4173 1684 4240 virtutis
1707 4173 1950 4261 immemores,
1981 4178 2119 4247 intesti-

1134 4278 1190 4346 nis
1224 4277 1327 4347 bellis
1359 4298 1419 4343 sua
1454 4275 1664 4344 labefactare
1697 4289 1899 4365 coeperunt.
1956 4276 2036 4348 Hoc
2056 4279 2119 4349 illo

1134 4396 1292 4470 tempore
1309 4377 1468 4446 sublatus
1485 4390 1535 4446 est
1552 4400 1591 4444 ex
1613 4376 1724 4444 oculis
1741 4377 1928 4469 mediaque
1946 4377 2120 4450 luceCae·

1133 4507 1209 4565 sar,
1236 4475 1404 4570 orphanis
1414 4491 1531 4568 pater,
1554 4479 1654 4547 cetius
1669 4479 1902 4566 prudentia-et
1916 4481 2120 4552 incredibili

1133 4583 1376 4652 moderatione
1400 4580 1529 4663 animi,
1562 4593 1601 4649 ut
1630 4580 1854 4648 foelicissimo
1876 4584 2036 4672 prosectu
2060 4610 2120 4652 eo-

1133 4711 1201 4778 que
1215 4708 1324 4774 prope
1340 4707 1444 4773 supra
1463 4682 1587 4764 fidem,
1610 4682 1648 4748 in
1665 4677 1760 4763 hunc
1782 4705 1893 4773 usque
1913 4685 2006 4753 diem
2027 4682 2120 4754 Ger-

1134 4787 1269 4855 maniae
1294 4787 1416 4854 laudes
1441 4806 1595 4875 opesque
1618 4797 1739 4852 auctae
1763 4797 1862 4852 sunt:
1891 4786 1938 4854 ita
1958 4787 2028 4854 nisi
2054 4787 2117 4855 illo
2143 4837 2146 4849 .

1134 4891 1209 4979 ipso
1223 4888 1356 4957 arbitro
1374 4898 1407 4954 et
1431 4898 1626 4964 servatore,
1651 4896 1742 4953 stare
1765 4908 1839 4952 non
1864 4899 1993 4955 temere
2017 4902 2119 4979 pote·

1133 5002 1231 5060 runt.
1285 4988 1367 5059 lure
1389 4988 1497 5076 igitur
1518 4987 1710 5055 dolendum
1734 5001 1785 5054 est
1810 4989 1937 5056 amisso
1960 4986 2119 5074 Caesare,

1133 5107 1167 5161 et
1184 5094 1280 5159 hono
1296 5090 1480 5181 Principe,
1505 5102 1538 5157 et
1554 5090 1648 5156 bono
1665 5087 1763 5171 viro,
1791 5114 1861 5181 quo
1879 5091 1960 5159 vivo
1977 5105 2017 5160 ut
2035 5093 2118 5183 pul-

1133 5189 1305 5262 cherrime
1339 5192 1538 5260 floruerunt
1571 5187 1785 5258 Germaniae
1819 5195 2021 5275 commoda,
2068 5194 2116 5262 ita

1028 5350 1035 5357 .
1133 5309 1291 5376 mortuo,
1324 5317 1397 5361 non
1427 5306 1574 5383 possunt
1604 5316 1678 5360 non
1699 5292 1758 5361 illa
1784 5317 2025 5365 emarcescere.
2079 5289 2114 5362 O

1133 5396 1369 5467 miserabilem
1391 5393 1545 5486 Reipub.
1574 5408 1744 5480 mortem,
1776 5420 1798 5464 o
1819 5396 1941 5464 acerba
1964 5391 2115 5461 Germa·
