4732 6030
87 225 160 301 241
634 220 792 300 nncu.
826 223 902 303 oa
936 223 1139 303 unane.
1170 216 1231 293 m
1263 214 1589 297 unssonuu.
2051 234 2129 312 eu

88 398 152 495 qui
180 397 338 471 discendi
362 398 537 469 rationem
561 399 726 483 tradunt,
751 412 785 470 et
805 425 920 473 meam
941 413 1083 471 senten·
1122 392 1391 466 ,dissimilitudo
1419 392 1507 476 erit,
1536 417 1651 489 neque
1682 397 1792 489 magis
1817 400 1911 472 inser
1932 426 1969 475 ,e
1993 406 2125 483 dmg„

89 504 176 571 tiam
200 502 371 584 audiatis,
397 501 476 585 cui,
500 499 571 569 uisi
590 500 876 572 doctissimorum
894 498 1081 572 homiuum
1133 495 1328 566 sententiae
1357 510 1462 567 eruut
1493 518 1533 565 ex
1568 496 1676 567 variis
1706 500 1793 571 locis
1824 518 1990 576 autorum
2022 512 2124 585 nullo

86 603 286 674 testimonia
306 603 563 692 suffragantur,
589 625 665 672 uon
680 606 821 694 postulo
837 617 877 674 ut
893 607 1061 676 accedatis
1070 630 1079 691 ;
1133 597 1265 667 iudicio
1281 612 1342 669 aut
1356 597 1493 674 delectu
1508 599 1766 690 transscriptae.
1818 600 1981 701 Denique
1997 611 2124 685 intuta

86 707 142 776 siu
164 720 282 774 autem
307 718 342 775 et
361 702 647 796 locupletissimis
668 704 814 775 testibus
831 707 936 775 fldem
952 708 1078 793 fecero,
1131 699 1291 769 oratioue
1315 701 1414 769 velut
1433 699 1528 787 aegri
1551 701 1698 770 somniis
1720 727 1831 775 vanae
1848 707 2026 797 fingentur
2041 738 2123 806 spe-

86 819 121 877 et
141 806 357 897 gravissimis
374 805 590 897 argumentis
608 809 815 894 ostendero,
838 808 1077 900 promiscuam
1130 802 1215 887 cies,
1242 800 1305 871 ubi
1326 827 1400 872 nou
1423 826 1483 892 pes
1500 823 1573 871 non
1592 814 1696 893 caput
1711 807 1774 874 trni
1792 821 1852 877 est.
1905 809 1995 881 Cum
2012 817 2122 905 igitur

84 907 184 977 illam
218 907 425 1002 variumque
454 907 642 977 lectionem
670 932 745 980 non
775 911 923 1000 perinde
955 912 1076 983 iuvare
1130 896 1214 972 haec
1245 904 1468 973 incommoda
1496 926 1612 972 secum
1644 905 1767 976 afferat
1796 909 1855 977 illa
1887 916 2119 991 tumultuaria

81 1010 220 1095 studia,
254 1025 293 1082 ut
315 1009 460 1102 quidam
483 1009 700 1097 existimant,
733 1007 824 1081 nihil
847 1015 915 1084 erit
937 1015 1075 1107 opinor,
1128 1003 1249 1084 lectio,
1273 1006 1358 1098 quial
1379 1007 1521 1077 tandem
1544 1005 1594 1074 rei
1609 1020 1679 1090 est,
1707 1032 1771 1076 cur
1785 1034 1858 1078 nou
1875 1012 2118 1102 ingrediamur

81 1108 252 1181 ctrrmihi
271 1112 458 1205 quisquam
476 1103 966 1185 haecmonehtisuccenseat.
1016 1115 1076 1188 si.
1126 1107 1309 1176 meliorem
1326 1108 1480 1201 aliquam
1499 1106 1638 1193 legendi
1657 1109 1858 1180 rationem?
1884 1138 1947 1183 cur
1961 1140 2034 1187 non
2049 1122 2116 1192 do-

81 1226 142 1283 cot
155 1213 266 1303 igitur
281 1212 468 1303 prudentia
482 1225 532 1282 est
546 1225 681 1283 certum
695 1214 826 1285 alicubi
839 1217 1073 1306 domicilium,
1124 1208 1360 1279 “humorum
1384 1204 1571 1277 hominum
1598 1211 1791 1299 praeceptis
1810 1215 2117 1308 obtemperemus?

79 1328 213 1385 certam
235 1317 372 1395 sedem,
399 1326 511 1385 certos
531 1309 663 1384 habere
685 1317 796 1402 lares,
821 1318 868 1386 ita
891 1320 928 1388 in
946 1320 1072 1389 studiis
1125 1305 1248 1402 Neque
1262 1312 1355 1380 enim
1373 1310 1492 1400 ignom
1510 1321 1561 1377 0⁵¹
1577 1310 1678 1378 V⁰¹tl⁸
1696 1315 1866 1385 mnemia
1882 1314 1994 1388 Plinii
2012 1346 2115 1411 prae-

79 1438 224 1487 neceese
245 1426 298 1487 est
317 1416 477 1486 animum
499 1410 631 1487 habere
647 1435 761 1490 certos
777 1424 947 1513 quosdam
966 1436 1071 1492 ωηο.
1124 1410 1303 1503 cipientis,
1327 1426 1367 1483 ut
1391 1412 1446 1483 sui
1468 1410 1639 1503 cuiusque
1655 1413 1793 1501 generis
1808 1430 1949 1489 autores
1962 1422 2116 1514 diligen.

79 1540 159 1598 res,
182 1521 225 1588 ad
251 1541 339 1612 quos
361 1542 417 1604 se,
441 1541 651 1618 quacunque
673 1524 717 1590 de
740 1544 778 1589 re
800 1524 990 1613 disputatio
1012 1524 1071 1593 in·
1122 1526 1176 1582 ¹01
1191 1514 1384 1604 656ῦῦῐοῑὶ
1411 1513 1564 1584 mullum
1580 1511 1676 1581 enlm
1693 1525 1734 1584 1¹¹
1750 1515 1818 1602 all,
1842 1519 2029 1609 legendnm
2049 1544 2112 1616 est,

81 1618 225 1704 ciderit,
252 1620 398 1706 referat,
417 1643 506 1713 quos
520 1620 662 1710 penitus
677 1636 780 1693 notos
794 1619 939 1711 babeat,
952 1651 1070 1719 quos·
1122 1637 1197 1683 ¹¹⁰⁰
1220 1618 1351 1699 mullas
1377 1616 1474 1710 qu⁰d
1496 1614 1547 1684 ⁸¹⁰
1567 1614 1813 1707 actlpfffldum
1834 1631 2113 1702 e⁸⁸0¹1t¹t¹0dm

80 1744 150 1813 que
166 1724 209 1790 de
225 1721 394 1817 omnibus
406 1721 757 1793 rebusincousiliuus
769 1721 946 1801 adhibeat.
986 1726 1069 1798 Nou
1122 1717 1229 1801 blial,
1264 1741 1366 1809 saepe
1397 1716 1622 1811 mullumque
1655 1719 1777 1795 Oadem
1808 1743 1882 1790 etse
1914 1724 2113 1818 relegenda,

79 1837 179 1892 vacat
193 1837 311 1894 311le
326 1823 400 1907 illi,
425 1822 543 1917 quiin
559 1825 726 1894 omnibus
741 1820 1069 1898 chartisexcmien-
1121 1840 1187 1886 nec
1218 1836 1290 1888 0380
1323 1814 1594 1889 distrahendum
1626 1819 1785 1890 animum
1815 1825 1985 1897 valleidle
2010 1846 2112 1903 aulo-

78 1922 136 1992 dis
156 1949 300 2016 operam
320 1923 447 2009 sumit,
470 1924 615 1993 incertis
634 1926 816 2020 aliquibus
836 1928 973 2019 scriptis
990 1942 1070 1999 tan·
1121 1941 1212 1992 rum·
1266 1918 1364 1988 illem
1388 1917 2112 2021 m⁰ss0130¹¹fl⁰³2⁰³¹¹¹⁸⁰¹¹¹¹¹¹¹¹¹8⁰¹¹¹¹⁸2

77 2024 188 2116 tisper
208 2023 442 2109 commorari,
467 2025 553 2095 dum
576 2040 611 2097 et
630 2026 773 2119 penitus
793 2051 832 2098 ea
855 2032 1070 2118 cognoverit,
1120 2018 1256 2112 inquil,
1285 2020 1467 2091 lmmfflfl
1496 2045 1535 2090 ²⁰
1564 2021 1734 2091 ¹¹¹¹¹¹¹¹¹¹¹¹
1766 2040 1926 2116 ⁰P⁰l¹²¹s
1959 2033 1990 2101 δί
2023 2035 2112 2106 velis

75 2139 112 2196 et
137 2126 185 2195 ita
212 2125 413 2211 imbiberit,
436 2137 478 2197 nt
498 2124 603 2217 plane
623 2128 664 2197 iu
685 2149 784 2198 suam
804 2142 968 2200 naturam
990 2157 1069 2202 ver·
1119 2121 1253 2215 aliquid
1284 2119 1444 2208 trabere,
1476 2124 1573 2215 quod
1603 2122 1642 2192 in
1666 2125 1785 2196 animo
1807 2128 1958 2202 fideliter
1979 2136 2112 2210 sedeat.

76 2227 170 2300 terit.
223 2226 346 2321 Neque
365 2226 461 2296 enim
480 2227 557 2296 lieri
573 2242 707 2318 potest,
734 2243 774 2301 ut
789 2231 837 2302 ait
853 2229 1069 2326 Xenophon,
1119 2219 1202 2292 Nou
1226 2219 1437 2314 Delphicum
1463 2225 1576 2296 ullum
1603 2227 1785 2297 oraculum
1811 2233 1930 2303 verius
1953 2258 2029 2306 esse
2051 2263 2112 2308 ex-

76 2329 184 2399 simul
211 2343 246 2399 et
268 2329 380 2398 multa
402 2327 577 2420 quispiam
598 2329 724 2415 faciat,
758 2334 951 2428 eademque
975 2350 1068 2407 recte
1118 2325 1324 2413 periemiui,
1352 2324 1383 2397 si
1408 2342 1522 2398 vestra
1545 2328 1661 2396 studia
1687 2330 1730 2398 ad
1757 2331 1910 2404 calculos
1934 2341 2108 2412 vocabitis

75 2430 180 2502 faciat
204 2430 339 2500 omnia:
366 2430 558 2499 nonenim
581 2445 695 2522 potest
716 2437 1067 2509 semensintendere
1119 2438 1154 2497 et
1182 2428 1499 2510 ratiocinabimiui‚
1537 2442 1710 2518 quantum
1735 2431 1825 2499 lucri
1853 2435 2013 2509 attulerit
2041 2443 2108 2510 ali-

78 2533 119 2601 in
133 2533 282 2606 diversa.
334 2529 454 2621 Quare
471 2557 553 2601 cum
570 2534 688 2627 aliqua
709 2536 752 2602 de
771 2560 808 2605 re
825 2551 884 2607 aut
901 2538 1065 2608 iuattcan-
1119 2532 1262 2619 quando
1285 2552 1379 2598 unus
1400 2544 1504 2599 autor
1521 2537 1576 2597 ter·
1598 2542 1658 2598 aru
1679 2535 1988 2619 quatuodecim,
2014 2544 2108 2613 etad

77 2636 162 2704 dum
187 2649 255 2718 est,
281 2648 343 2703 aut
366 2634 575 2718 dicendum,
600 2651 675 2705 tum
701 2640 842 2707 demum
858 2642 986 2709 sudant.
1002 2642 1066 2726 illi,
1118 2629 1154 2698 id
1173 2631 1359 2700 conferetis
1376 2656 1426 2714 ea,
1451 2654 1596 2724 quaeest
1613 2631 1828 2701 multisaliis
1844 2634 1975 2707 libellis
1992 2640 2108 2713 obiter
2176 2644 2185 2661 ‘

75 2758 117 2805 ac
131 2738 288 2806 sentiunt
302 2735 340 2803 in
356 2748 451 2805 tanta
468 2737 568 2825 copia
585 2761 692 2827 quam
710 2739 783 2807 sint
800 2740 933 2832 inopes.
971 2741 1064 2831 Quia
1118 2730 1283 2822 inspectis
1305 2732 1343 2799 in
1368 2734 1488 2802 auimo
1513 2727 1711 2806 haeserunt.
1780 2733 1988 2826 lntclligetis
2010 2743 2107 2813 enim

74 2838 171 2906 enim
194 2839 330 2907 nullam
353 2850 482 2905 certam
507 2837 760 2925 supellectilem
785 2836 938 2923 hubent,
970 2848 1066 2913 stude
1117 2835 1232 2905 mull⁰
1264 2833 1445 2903 ¹¹b⁰¹¹⁰¹fs
1475 2835 1610 2903 ¹¹⁰⁰¹¹¹⁸
1639 2858 1701 2902 ¹⁰⁵
1731 2859 1773 2904 ²¹
1801 2861 1876 2908 ¹¹¹¹⁰
1905 2840 1968 2910 ¹¹¹⁰
1995 2842 2105 2931 ¹¹br⁰2

75 2940 286 3030 depromant
317 2960 407 3027 quae
438 2956 522 3003 usus
548 2935 677 3021 poscit,
710 2937 782 3004 itur
804 2941 846 3004 ad
874 2939 1064 3010 bibliotha-
1117 2958 1223 3026 quam
1246 2959 1287 3005 ex
1305 2935 1442 3025 reliqua
1458 2948 1529 3005 tota
1545 2929 1759 3005 bibliotheca
1779 2941 1982 3030 percepisse.
2033 2942 2106 3016 Ac·

74 3064 171 3124 cam,
204 3047 427 3130 quaeruntur
455 3033 607 3116 indices,
642 3049 849 3106 mutuantur
874 3042 1066 3129 dsiugulis
1116 3037 1209 3107 tedii
1229 3031 1320 3115 buc,
1347 3038 1441 3128 quod
1465 3036 1555 3105 sicut
1576 3035 1662 3103 alias
1684 3052 1774 3107 artes
1798 3039 1949 3113 imitatio
1972 3046 2104 3135 docuit,

71 3139 262 3212 autoribus
276 3132 503 3203 sententiolas
519 3134 671 3227 aliquot,
697 3161 783 3228 quas
799 3164 878 3208 cerm
896 3143 934 3209 in
951 3144 1063 3212 lucem
1116 3133 1164 3206 lla
1186 3137 1227 3205 5¹1
1249 3132 1305 3205 his
1327 3136 1457 3207 1¹⁰⁸lrl⁵
1480 3136 1624 3219 sludlss,
1651 3138 1720 3207 ”lsi
1744 3142 1786 3208 ad
1806 3141 1951 3235 aliquod
1967 3164 2103 3219 certum

71 3240 282 3332 proferunt,
317 3235 400 3327 quia
428 3235 626 3329 plerunque
645 3237 737 3309 male
758 3235 948 3314 cohaerent
969 3246 1063 3316 furta
1115 3238 1293 3328 exemplar
1330 3236 1525 3327 dirigamus
1557 3237 1734 3324 animum,
1784 3238 1876 3311 nihil
1915 3248 2105 3323 efficiemus

71 3341 155 3423 illa,
189 3362 253 3407 nec
271 3338 363 3406 inter
383 3357 419 3403 se
441 3336 686 3424 consentiunt,
712 3337 872 3412 invenias
895 3344 1063 3441 pleraque
1115 3339 1264 3429 dignum
1291 3340 1407 3410 laude.
1458 3337 1600 3408 Videtis
1628 3340 1722 3409 enim
1751 3365 1810 3411 eos
1842 3346 1905 3437 qui
1934 3351 2105 3442 sculpere,

72 3442 137 3511 illa
167 3436 260 3511 nihil
287 3438 400 3507 facere
425 3431 517 3532 πρὸς
540 3435 635 3517 ἔπος.
693 3438 818 3535 Neque
839 3468 924 3514 vero
947 3446 1063 3538 legere
1114 3441 1176 3535 qui
1197 3440 1359 3531 pingere,
1384 3440 1448 3535 qui
1470 3464 1594 3511 canere
1615 3440 1773 3527 discunt,
1800 3444 1928 3535 eligere
1949 3451 2104 3545 aliquem

71 3566 109 3615 se
132 3552 235 3634 putet
253 3552 413 3608 autorem
438 3539 485 3623 is,
510 3539 571 3631 qui
591 3541 706 3611 obiter
720 3555 858 3615 tantum
873 3547 1062 3641 inspexerit
1114 3540 1339 3631 magistrum,
1375 3543 1475 3612 cuius
1503 3564 1577 3611 esse
1606 3564 1712 3632 quam
1739 3544 1901 3617 similimi
1929 3554 2104 3627 studeant.

72 3669 110 3715 ac
125 3620 343 3714 salutaverit.
395 3638 484 3709 Nam
498 3643 797 3732 quemadmodum
814 3647 935 3733 aiunt,
958 3649 1061 3719 amici
1113 3640 1236 3736 Neque
1262 3668 1346 3713 vero
1374 3636 1636 3733 exiguuthanc
1667 3644 1887 3733 diligentiam
1916 3650 2104 3726 inferiores

73 3768 213 3816 sensum
244 3737 465 3833 deprehendi
492 3765 566 3809 nou
597 3766 719 3836 posse,
751 3746 1061 3841 priusquam-cum
1114 3758 1223 3827 artes,
1248 3755 1282 3813 et
1306 3768 1380 3813 non
1402 3744 1564 3830 flagitant
1579 3746 1725 3814 eandem
1742 3740 1808 3815 hae
1825 3751 1996 3821 maximae
2009 3756 2102 3826 vitae

50 3870 114 3918 ,eo
137 3844 269 3917 multos
284 3843 367 3914 salis
382 3842 521 3911 modios
536 3845 670 3927 ederis,
697 3847 744 3916 ita
762 3848 824 3917 diu
841 3852 1062 3945 multumque
1114 3859 1148 3916 et
1178 3846 1412 3933 regendarum
1433 3841 1654 3930 Rerumpuh·
1683 3858 1792 3925 artes,
1825 3849 1863 3915 in
1887 3850 2017 3941 quibus
2037 3880 2104 3930 yos

71 3942 257 4018 habendos
279 3942 384 4014 estin
401 3945 565 4013 manibus
581 3958 704 4031 autor,
730 3948 859 4018 iterum
873 3966 980 4043 atque
996 3953 1061 4022 ite·
1115 3945 1315 4025 versamini.
1369 3943 1450 4011 Non
1466 3943 1559 4032 enisu
1574 3941 1657 4009 sutis
1672 3943 1868 4033 intelligitis
1883 3952 1968 4043 quid
1984 3958 2103 4026 oneris
2210 3948 2213 3955 ’

71 4072 155 4119 rum
170 4047 407 4126 evolvendus,
432 4047 518 4115 dnm
536 4047 595 4116 fiat
612 4046 696 4117 satis
711 4049 932 4120 familiariter
946 4066 1063 4135 notus,
1114 4043 1334 4127 sustineatis,
1359 4043 1388 4110 si
1402 4064 1476 4109 non
1490 4042 1650 4131 cogitatis
1666 4036 1729 4112 has
1745 4045 1864 4118 literas
1877 4054 1920 4120 ad
1937 4078 2024 4146 quas
2038 4061 2102 4127 ad-

71 4151 164 4221 dum
191 4148 287 4219 illius
314 4147 526 4227 sententiae,
557 4146 656 4217 illius
682 4150 788 4220 verba
812 4151 862 4220 sic
885 4152 1062 4222 insideant
1114 4142 1221 4215 bibiti
1249 4144 1350 4224 estis,
1381 4144 1633 4232 comparandas
1664 4168 1737 4215 csse
1759 4159 1834 4217 tum
1858 4155 1903 4222 ad
1927 4157 2102 4246 privatam
2146 4152 2154 4159 ’
2199 4198 2205 4215 ·

71 4249 162 4335 tibi,
185 4262 226 4320 ut
245 4274 324 4320 eum
349 4272 439 4341 opus
455 4262 522 4334 est,
548 4271 622 4318 non
639 4250 764 4341 procul
780 4255 985 4323 accersenda
1002 4267 1063 4325 eut
1115 4247 1223 4318 vitam
1243 4258 1336 4316 recte
1353 4244 1625 4330 instituendam,
1651 4260 1727 4316 tum
1744 4251 1788 4317 acl
1805 4253 1961 4327 civitates
1976 4283 2102 4349 regen-

70 4353 274 4447 quaerenda
296 4352 386 4437 sint,
407 4351 468 4421 sed
488 4351 584 4420 ultro
604 4373 642 4419 se
665 4352 731 4422 tibi
751 4352 916 4426 offerant.
965 4352 1063 4427 Con.
1115 4351 1195 4433 das,
1220 4349 1263 4416 ad
1281 4347 1412 4416 iudicia
1429 4349 1598 4431 tenenda,
1622 4350 1871 4440 adreligiones
1887 4380 2104 4433 conservan-

69 4471 147 4541 tra,
171 4454 472 4548 quemadmodum
494 4452 705 4523 immodicus
727 4454 844 4541 cibus,
870 4458 954 4551 quia
978 4481 1065 4527 con·
1115 4454 1198 4534 das,
1222 4449 1377 4543 denique
1396 4451 1439 4517 ad
1464 4472 1586 4518 omncs
1604 4449 1694 4519 vitae
1710 4465 1825 4542 partes
1843 4459 2102 4545 gubernandas.

70 4555 180 4650 coqui
210 4580 285 4625 non
308 4568 442 4646 potest,
476 4553 514 4621 iu
537 4554 666 4624 crudos
687 4550 854 4627 humores
876 4560 1065 4649 degenerat
1116 4552 1237 4641 Quare
1264 4551 1292 4619 si
1318 4551 1408 4619 aliae
1432 4550 1643 4634 mediocres,
1682 4566 1715 4622 et
1738 4567 1905 4650 tauquam
1930 4569 2105 4637 secundae

71 4656 232 4753 quinon
254 4660 362 4728 modo
384 4679 459 4725 non
481 4654 583 4724 alunt
604 4679 750 4747 corpus,
781 4661 841 4728 sed
865 4661 1063 4731 naturalem
1115 4655 1235 4724 classis
1261 4666 1352 4722 artes
1382 4651 1513 4742 percipi
1543 4654 1627 4719 uon¹
1643 4669 1807 4742 possunt,
1842 4660 1912 4759 nisi
1940 4666 1983 4732 ad
2007 4681 2102 4738 certa

71 4760 180 4831 etiam
202 4782 347 4830 succum
368 4755 611 4848 strangulant,
635 4757 683 4827 ita
707 4783 785 4829 cum
807 4761 920 4833 molta
939 4761 1065 4851 legeris
1116 4753 1326 4846 exemplaria
1358 4776 1483 4821 manus
1511 4753 1702 4841 dirigatur,
1733 4772 1865 4849 quanto
1895 4762 2014 4834 minus
2039 4764 2103 4838 has

71 4862 232 4933 fortassis
247 4862 326 4947 liet,
349 4874 389 4931 ut
404 4859 654 4930 confusaneam
671 4863 848 4953 quandam
866 4864 1063 4935 doctrinam
1116 4856 1333 4928 difficiliores
1348 4878 1622 4947 consequemur,
1648 4856 1718 4924 nisi
1733 4866 2021 4950 proposuerimus
2036 4895 2105 4939 uu-

72 4962 142 5035 tibi
165 4984 366 5055 compares,
392 4962 452 5030 sed
478 4961 539 5030 illa
558 4959 667 5049 magis
684 4955 864 5037 hebetabit
880 4988 920 5035 ac
937 4966 1066 5036 obruet
1115 4960 1171 5030 bls
1193 4958 1347 5051 aliquem
1369 4958 1414 5027 ad
1438 4956 1666 5041 imitandum,
1691 4982 1796 5050 quem
1822 4975 1894 5034 tota
1917 4982 2034 5039 mente
2052 4986 2106 5043 at-

74 5067 260 5157 ingeninm
276 5068 381 5159 quain
399 5061 583 5154 perpoliet.
635 5058 734 5131 Nihil
750 5065 845 5132 enim
861 5069 965 5153 certi,
991 5090 1064 5136 nou
1117 5085 1186 5154 que
1209 5074 1282 5131 toto
1305 5059 1425 5128 animo
1449 5058 1667 5137 intueamur,
1693 5059 1757 5152 qui
1772 5079 1867 5153 regat
1882 5070 2003 5138 omnia
2019 5097 2106 5142 con-

74 5190 153 5253 res,
179 5192 253 5238 non
278 5167 403 5249 verba,
426 5164 465 5233 in
487 5175 584 5234 tanta
608 5165 776 5235 varietate
798 5167 958 5239 lectionis
981 5167 1066 5238 reli·
1117 5162 1196 5232 silia
1221 5173 1362 5245 nostra,
1395 5160 1450 5229 vel
1472 5160 1701 5242 indicendo,
1735 5166 1789 5233 vel
1811 5168 1915 5237 etiam
1940 5170 1979 5240 iu
1998 5175 2106 5244 rebus

32 5352 36 5359 ¹
74 5294 186 5365 quum
201 5270 266 5341 tibi
281 5267 394 5340 facies.
432 5262 545 5334 Verba
559 5267 795 5363 undequaque
812 5269 1066 5340 emendicando
1117 5263 1293 5356 gerendis.
1361 5260 1490 5332 Nonne
1521 5262 1749 5352 gravissimus
1768 5264 1887 5341 -Poeu
1917 5270 2106 5361 Vergilius,

72 5376 213 5457 erunt,
230 5370 368 5465 quoties
397 5366 514 5437 dicere
545 5366 759 5456 institueris,
792 5394 944 5464 quorum
976 5372 1066 5441 mira
1118 5392 1198 5438 eum
1229 5365 1426 5455 siguificare
1456 5363 1580 5450 vellet,
1616 5389 1707 5458 quae
1736 5383 1825 5441 esset
1855 5373 1987 5464 optima
2016 5377 2108 5447 ratio

134 5479 314 5544 Marassa.
334 5475 437 5540 Orsa.
466 5472 548 5537 Ver..
565 5471 630 5544 Xl.
1427 5465 1472 5537 16
