4732 6030
157 296 232 377 755
549 292 709 371 DECL.
742 284 818 367 DE
852 287 1053 369 DICTO:
1097 285 1380 368 ATTENDE
1408 284 1698 370 LECTIONI
1723 291 1808 367 erc,
2126 234 2213 381 'ido

163 485 242 546 sunt
261 471 405 564 politiae
424 470 523 548 illae,
550 465 757 559 priusquam
774 467 950 558 negligere
966 461 1063 537 hunc
1079 459 1157 538 the·
1208 465 1289 535 ficio
1315 464 1461 535 additur
1477 461 1684 556 promissioi
1715 462 1789 553 Qui
1804 466 1900 536 bona
1917 469 2135 544 conscientia
2149 475 2214 545 le*

165 597 309 648 saurum
327 582 527 661 coeperunt
1209 578 1315 657 gunt,
1348 567 1507 649 discunt,
1549 563 1775 651 custodiunt,
1817 569 2081 661 amplectuntur
2113 570 2214 650 hanc

268 671 515 763 Hierosolyma
541 682 576 740 ct
597 668 739 753 floruit,
766 681 799 738 et
815 669 958 739 urbium
981 681 1055 740 toto
1071 668 1157 737 orbe
1208 668 1352 737 unicam
1367 665 1546 737 Ecclesiae
1564 666 1782 750 doctrinam,
1808 663 1848 737 bi
1867 685 1970 758 sunt,
1996 676 2059 767 qui
2074 691 2108 747 et
2122 679 2212 749 dili·

41 823 46 836 .
169 791 343 848 terrarum
359 768 597 863 pulcherrima
620 770 707 854 luit,
732 772 845 840 donec
862 767 1075 841 bibliotheca
1090 768 1158 840 Dei
1208 783 1298 858 gunt
1326 766 1462 848 Deum,
1495 780 1529 838 et
1565 791 1585 836 a
1616 761 1693 836 Deo
1733 760 1943 859 diliguntur.
2012 774 2212 853 Doctrinae

167 876 245 947 init.
304 871 431 943 Postea
460 895 540 941 cum
566 872 677 941 libros
704 871 844 940 divinos
868 871 1076 961 negligeret,
1107 871 1157 939 ita
1210 872 1361 941 tuendae
1393 892 1513 939 curam
1543 867 1649 937 nobis
1679 874 1903 943 commendat
1932 875 2027 948 filius
2051 875 2140 967 Dei,
2176 898 2214 957 et

169 978 283 1047 deleta
299 989 373 1060 est,
399 987 439 1043 ut
460 997 534 1041 non
552 974 666 1042 solum
689 973 846 1042 aedificia
860 972 1026 1043 incendio
1044 972 1158 1065 perie-
1209 971 1444 1063 promissione
1467 969 1587 1039 addita
1610 990 1677 1038 nos
1699 973 1930 1059 consolatur,
1952 1000 2018 1048 nec
2042 977 2211 1056 malthae

159 1078 259 1162 rint,
285 1079 345 1146 sed
362 1074 466 1145 ctiam
483 1087 556 1144 tota
571 1095 655 1163 gens
671 1073 839 1165 dissipata
857 1075 920 1159 sit,
944 1075 1032 1145 etin
1049 1099 1090 1144 eo
1103 1073 1158 1142 lo·
1211 1072 1453 1141 consolatione
1476 1070 1600 1142 terreri
1620 1085 1755 1141 mentes
1779 1078 1900 1144 autad
1922 1079 2208 1170 desperationem

170 1204 211 1249 co
227 1202 323 1246 nunc
338 1178 517 1247 latronum
533 1197 656 1266 specus
670 1175 753 1246 sint.
789 1172 886 1245 ldem
899 1175 1027 1247 accidit
1042 1173 1159 1244 omni·
1211 1173 1323 1263 adigi:
1350 1173 1395 1242 de
1414 1195 1455 1242 eo
1470 1172 1587 1242 officio
1605 1170 1786 1265 loquitur,
1817 1180 1911 1268 quod
1929 1176 2089 1252 Ecclesia
2105 1208 2210 1276 prae-

171 1282 238 1351 bus
250 1279 400 1349 urbibus
413 1276 517 1346 Asiae
532 1289 567 1346 et
582 1272 770 1360 Graeciae,
795 1277 979 1369 inquibus
996 1300 1075 1346 cum
1092 1275 1160 1343 llo-
1210 1285 1302 1344 stare
1327 1287 1362 1344 et
1383 1285 1498 1366 potest
1520 1285 1554 1344 et
1570 1272 1693 1354 debet,
1724 1288 1760 1345 et
1775 1276 1847 1367 pii,
1873 1279 1935 1372 qui
1952 1284 2153 1357 eruditione
2172 1301 2209 1359 et

170 1394 287 1452 rentes
302 1375 479 1448 Ecclesiae
493 1376 837 1469 quondamfuerint,
862 1377 1006 1448 desertis
1021 1376 1160 1461 studiis,
1211 1374 1399 1464 prudentia
1437 1374 1738 1460 antecelluerunt,
1778 1378 1946 1450 omnibus
1985 1389 2208 1476 temporibus

172 1484 268 1573 ipsae
282 1481 388 1550 nrbes
403 1499 542 1548 mersae
556 1491 649 1548 sunt.
694 1475 844 1567 Quoties
860 1478 970 1567 igitur
979 1479 1017 1547 in
1034 1473 1090 1548 his
1103 1501 1161 1545 re·
1211 1477 1362 1546 fideliter
1383 1473 1644 1568 praestiterunt.
1698 1473 1775 1546 Hac
1798 1478 2090 1573 interpretatione
2109 1490 2209 1580 cogi-

171 1582 337 1674 gionibus
359 1580 426 1650 iter
448 1579 581 1664 facitis,
612 1591 646 1648 et
662 1579 873 1670 oppidorum
894 1580 1053 1664 moenia,
1079 1601 1160 1647 coe·
1213 1589 1302 1658 tata,
1336 1578 1381 1645 ad
1404 1600 1469 1646 nos
1497 1577 1592 1667 ipsos
1617 1572 1708 1646 banc
1728 1581 1937 1651 sententiam
1959 1593 2205 1662 accommode-

106 1736 109 1743 ,
172 1699 229 1756 tus
252 1677 460 1764 hominum,
494 1678 653 1770 politiae,
687 1680 818 1771 templa
843 1679 989 1764 videtis,
1012 1680 1160 1769 cogitate
1213 1701 1308 1773 mus3
1344 1678 1454 1747 simus
1477 1691 1510 1746 et
1532 1700 1597 1746 nos
1620 1680 1799 1759 custodes,
1834 1681 1981 1754 lectores
2007 1700 2040 1757 et
2073 1714 2207 1785 propa.

104 1804 108 1809 ’
172 1783 375 1866 vobiscum,
407 1774 492 1850 haec
515 1792 737 1865 ornamenta,
769 1776 838 1848 Dei
858 1780 1076 1870 benignitate
1097 1781 1161 1849 ad·
1213 1792 1350 1869 gatores
1366 1778 1548 1848 doctrinae
1562 1801 1637 1848 non
1652 1778 1792 1868 ignavi,
1811 1805 1886 1852 non
1900 1783 2072 1858 infideles.

173 1881 244 1955 huc
266 1884 399 1971 integra
417 1903 508 1964 esse,
533 1894 574 1951 ut
593 1881 666 1949 sint
678 1874 916 1950 bibliothecae
937 1882 1100 1965 divinae,
1127 1894 1162 1951 et
1313 1877 1475 1951 Recitavi
1498 1882 1684 1965 mandata,
1718 1905 1808 1974 quac
1833 1885 2050 1979 praecipiunt
2074 1889 2203 1962 lectio·

173 1998 214 2056 ut
245 1983 361 2053 studia
395 1979 553 2051 coelestis
588 1982 770 2052 doctrinae
799 1983 978 2066 colantur,
1017 1982 1159 2053 credite.
1213 2002 1312 2065 nem,
1339 1980 1469 2074 quibus
1487 1982 1624 2050 moveri
1646 2005 1769 2052 omnes
1784 1984 1926 2056 debent.
1976 1986 2120 2062 Moveat
2135 2015 2203 2063 au-

174 2085 300 2156 Servat
313 2079 399 2152 haec
414 2082 545 2174 oppida
559 2078 673 2162 Deus,
700 2104 774 2152 non
788 2096 829 2152 ut
843 2083 915 2152 sint
927 2084 1162 2174 voluptatum,
1213 2093 1284 2149 tem
1314 2104 1377 2151 vos
1405 2094 1440 2151 et
1469 2083 1634 2172 cogitatio
1665 2083 1710 2152 de
1737 2085 1872 2174 duplici
1903 2087 2038 2176 lructu,
2070 2093 2207 2167 scilicet

57 2190 60 2196 “
173 2187 295 2270 luxus,
327 2184 492 2253 avaritiae
516 2195 551 2250 et
579 2182 728 2252 aliarum
753 2183 987 2274 cupiditatum
1019 2182 1161 2264 cubilia,
1214 2181 1357 2272 publico
1379 2194 1412 2252 et
1435 2183 1583 2271 privato.
1644 2181 1683 2253 si
1705 2185 1902 2274 negligatur
1924 2189 2046 2277 lectio,
2079 2207 2115 2264 et
2130 2220 2206 2266 non

63 2286 65 2291 ’
174 2288 236 2356 sed
248 2300 289 2358 ut
304 2284 376 2355 sint
391 2283 572 2355 doctrinae
598 2282 835 2355 invocationis
858 2297 895 2355 ct
915 2284 1162 2357 celebrationis
1214 2283 1350 2354 discant
1379 2284 1539 2353 doctores
1569 2283 1726 2369 assidue,
1758 2287 1994 2358 ministerium
2019 2293 2204 2384 publicum

106 2394 109 2401 '
173 2388 240 2460 Dei
257 2386 449 2458 domicilia.
1214 2384 1448 2473 extinguitur,
1482 2383 1581 2453 cuius
1609 2383 1791 2455 interitum
1821 2403 2020 2481 sequuntur
2039 2407 2204 2466 aeternae

270 2483 332 2557 Ac
353 2508 498 2578 prorsus
518 2509 597 2555 cnm
612 2482 718 2556 Pauli
735 2483 905 2554 concione
928 2485 1091 2576 congruit
1106 2486 1162 2555 di·
1213 2507 1364 2575 poenae,
1389 2498 1423 2556 et
1445 2485 1578 2554 excidia
1596 2485 1842 2557 universarum
1867 2491 2039 2579 gentium,
2063 2508 2104 2565 ut
2121 2493 2201 2565 Ho-

175 2601 269 2661 rtum
288 2580 441 2667 Christi,
466 2587 562 2679 quod
586 2597 678 2656 extat
694 2587 788 2677 apud
806 2583 973 2657 loannem
996 2588 1034 2657 in
1050 2587 1162 2679 capite
1213 2586 1336 2658 seael.
1354 2586 1500 2657 dicitur:
1519 2583 1617 2674 Quia
1631 2600 1672 2656 tn
1687 2589 1869 2659 scientiam
1880 2593 2059 2683 repulisti,
2083 2597 2202 2688 repel-

175 2700 301 2784 quarto
333 2689 486 2757 decimo:
525 2684 564 2758 si
600 2688 680 2780 quis
713 2686 830 2777 diligit
850 2711 924 2773 me,
962 2710 1161 2759 sermonem
1214 2685 1282 2754 lam
1307 2700 1361 2771 te,
1394 2709 1439 2756 ne
1461 2685 1657 2758 sacerdotio
1673 2689 1830 2779 iungaris
1852 2688 1953 2769 mihi.
2005 2692 2201 2769 ltareiecta

175 2814 294 2862 meum
316 2788 484 2884 servabit,
510 2800 545 2857 et
559 2785 664 2858 Pater
680 2810 779 2859 meus
793 2786 919 2877 diliget
935 2813 1033 2874 eum,
1060 2803 1095 2860 et
1117 2791 1160 2858 ad
1214 2801 1265 2856 est
1288 2787 1401 2857 tribus
1422 2787 1573 2857 levitica.
1638 2786 1699 2860 Sic
1720 2792 1839 2862 reiecti
1862 2793 1996 2865 suntin
2012 2797 2092 2866 aliis
2112 2799 2200 2867 locis

175 2915 255 2963 eum
269 2891 454 2962 veniemus
471 2903 505 2960 et
518 2888 738 2959 mansionem
753 2890 847 2979 apud
864 2913 945 2959 eum
959 2891 1139 2966 faciemus.
1214 2902 1334 2979 postea
1362 2887 1481 2977 ignavi
1507 2884 1688 2981 Episcopi.
1752 2891 1881 2964 Puniet
1911 2894 2017 2984 igitur
2035 2893 2133 2969 Dens
2162 2912 2198 2970 et

278 2989 322 3060 ln
339 2985 403 3061 bac
418 2989 621 3062 dulcissima
635 2989 805 3061 concione
821 2991 915 3061 filius
929 2988 998 3061 Dei
1014 3016 1088 3063 non
1104 3015 1162 3061 so-
1214 3003 1351 3058 nostras
1374 2989 1551 3079 regiones,
1584 2990 1615 3058 si
1637 3014 1700 3081 per
1720 2991 1913 3082 ignaviam,
1942 2996 1973 3066 si
1995 3011 2196 3090 contemptu

176 3092 252 3161 lum
274 3092 460 3182 praecipit,
489 3106 530 3161 ut
554 3091 737 3163 doctrinae
761 3093 922 3164 custodes
946 3093 1076 3178 simus,
1098 3094 1160 3188 sed
1214 3091 1396 3160 doctrinae
1431 3103 1465 3160 et
1502 3090 1626 3161 iudicii
1660 3093 1776 3162 divini
1801 3095 1989 3168 lectionem
2018 3122 2197 3170 sacrorum

177 3192 282 3261 etiam
305 3191 403 3259 addit
426 3191 694 3280 promissionem
717 3193 988 3284 amplissimam,
1018 3195 1161 3284 diligia
1214 3193 1389 3262 librorum
1408 3191 1625 3263 abiiciamus.
1684 3193 1790 3281 Quod
1813 3221 1858 3266 ne
1879 3197 1957 3285 fist,
1988 3199 2120 3293 singuli
2133 3223 2199 3272 nos

176 3291 254 3363 Deo
278 3285 386 3360 huius
411 3290 592 3360 doctrinae
616 3294 794 3378 custodes,
818 3316 948 3388 eosque
963 3291 1030 3365 Dei
1047 3297 1162 3366 domi·
1214 3293 1308 3384 ipsos
1327 3291 1539 3383 cogitatione
1563 3293 1803 3383 mandatorum
1826 3295 1911 3379 Dei,
1944 3323 2142 3386 poenarum
2165 3316 2201 3374 et

177 3393 300 3463 cilium
319 3414 400 3464 esse.
453 3389 576 3484 Neque
589 3390 753 3480 cogitari,
775 3414 891 3485 neque
905 3394 1018 3485 expeti
1036 3396 1162 3464 melius
1213 3392 1451 3485 praemiorum
1465 3397 1508 3465 ad
1522 3389 1737 3480 diligentiam
1755 3392 2001 3467 exuscitemus.
2058 3400 2201 3474 Infinita

166 3494 366 3589 'quicquam
384 3504 516 3585 potest,
539 3515 653 3585 neque
665 3492 852 3586 quicquam
868 3516 941 3563 esse
955 3495 1080 3564 melius
1095 3495 1162 3565 ulli
1214 3497 1258 3563 de
1280 3488 1346 3564 hac
1367 3520 1405 3566 re
1427 3495 1539 3565 oratio
1567 3514 1639 3561 esse
1665 3506 1797 3583 posset:
1827 3494 1887 3565 sed
1913 3497 1998 3587 quia
2019 3494 2106 3572 haec
2121 3504 2199 3595 ipsa

76 3684 82 3696 ,
178 3580 358 3665 creaturae
374 3605 507 3686 potest,
529 3617 636 3686 quam
659 3592 736 3663 fieri
749 3616 827 3664 cam
843 3588 911 3664 Dei
929 3595 1161 3670 domicilium.
1213 3596 1503 3665 commonefactio
1526 3596 1625 3685 saepe
1656 3593 1828 3684 repetitur
1854 3594 1905 3665 ab·
1922 3597 2024 3684 aliis,
2063 3615 2098 3673 et
2130 3625 2197 3692 ego

83 3775 87 3781 ,
176 3693 280 3766 Hanc
295 3695 564 3788 promissionem
588 3717 718 3791 qtaaeso
738 3715 841 3787 saepe
864 3695 1048 3768 vobiscum
1063 3697 1161 3789 cogi·
1213 3709 1357 3788 propter
1396 3695 1673 3768 imbecillitatem
1701 3694 1837 3787 prolixe
1864 3694 2005 3780 dicendi
2032 3699 2195 3772 laborem

28 3803 34 3810 '
176 3810 267 3884 tate,
289 3797 332 3869 ut
347 3821 408 3878 vos
424 3798 467 3868 ad
492 3797 759 3880 custodiendos,
787 3797 957 3888 legendos
975 3811 1009 3869 et
1032 3802 1161 3893 propa·
1211 3798 1304 3867 terre
1319 3822 1393 3867 uon
1408 3821 1570 3889 possum,
1594 3821 1655 3867 ero
1672 3797 1827 3868 brevior.
2037 3885 2038 3889 Ἰ

173 3901 309 3988 gendos
327 3898 438 3970 libros
455 3893 634 3970 Ecclesiae
647 3898 857 3972 accendatis.
1059 3914 1062 3918 ·
1312 3895 1518 3970 Disiautem
1533 3901 1578 3970 de
1589 3896 1731 3990 publica
1745 3896 2074 3983 utilitatelectionis,
2092 3898 2194 3990 quod

275 3997 348 4071 Nec
358 4024 442 4070 vero
458 4000 600 4084 dubito,
624 3999 713 4093 quin
727 4001 921 4074 multorum
934 3999 1065 4072 animis
1078 4000 1161 4091 plu·
1211 3998 1345 4071 scilicet
1366 4000 1509 4072 lectioni
1525 4014 1560 4070 et
1578 3999 1696 4073 studio
1715 4012 1874 4071 servetur
1889 3999 2068 4091 publicum
2082 3997 2196 4066 mini·

173 4101 304 4173 rimnm
327 4103 510 4192 profutura
529 4101 573 4171 sit
587 4096 695 4170 huius
713 4101 907 4172 sententiae
921 4104 1043 4173 crebra
1063 4100 1161 4190 eogi-
1210 4101 1374 4182 sterium,
1406 4126 1477 4196 quo
1498 4097 1668 4172 Deus-est
1689 4101 1828 4186 efficax,
1863 4113 1898 4170 et
1921 4100 1988 4170 sibi
2014 4114 2196 4171 aeternam

172 4204 278 4283 tatio,
305 4202 334 4271 si
352 4216 444 4272 recte
460 4214 494 4270 et
510 4202 629 4270 dextre
646 4223 723 4269 eam
739 4201 950 4292 intelligent.
999 4201 1160 4273 Pertinet
1210 4200 1403 4275 Ecclesiam
1423 4202 1569 4293 colligit.
1629 4198 1704 4271 lam
1729 4214 1764 4273 et
1784 4198 1948 4290 privatim
1968 4224 2031 4271 sua
2046 4199 2197 4293 quisquc

173 4318 289 4373 autem
315 4297 383 4369 hoc
405 4324 546 4395 quoque
568 4301 612 4370 ad
628 4324 745 4371 meum
762 4303 936 4388 officium,
968 4304 1159 4374 admonere
1209 4303 1338 4376 mentis
1361 4304 1477 4375 fructu
1498 4315 1690 4377 moveatur.
1747 4299 1925 4372 Lectione
1939 4301 2142 4371 accenditur
2162 4313 2196 4370 et

172 4425 236 4472 vos
251 4404 295 4472 dc
311 4425 392 4470 vera
406 4401 640 4471 enarratione.
1004 4469 1015 4487 ,
1209 4406 1318 4478 alitur
1331 4405 1539 4488 luxdivins,
1563 4405 1602 4473 in
1618 4405 1724 4474 corde
1736 4402 2014 4496 uniuscuiusque
2034 4414 2198 4473 croscum

275 4501 402 4588 Multi,
432 4504 526 4597 quod
553 4502 747 4571 dolendum
766 4513 801 4572 et
817 4501 1076 4595 deplorandum
1096 4516 1159 4589 est,
1209 4528 1333 4578 omnes
1363 4508 1530 4586 virtutes,
1564 4503 1696 4594 agnitio
1719 4502 1806 4589 Dei,
1842 4503 1968 4585 timor,
2001 4504 2105 4588 fides,
2138 4502 2196 4571 di·

172 4618 252 4676 ante
270 4606 355 4676 haec
371 4618 529 4696 tempora
545 4603 592 4673 ita
609 4598 677 4674 hoc
690 4600 824 4675 dictum
835 4598 967 4676 Christi
983 4604 1157 4694 interpre.
1209 4608 1329 4691 lectio,
1362 4608 1516 4691 iustitia,
1546 4605 1751 4691 tolerantia,
1784 4605 1942 4688 castitas,
1964 4604 2118 4698 denique
2138 4625 2196 4673 sa-

171 4709 233 4777 tati
257 4721 356 4792 sunt,
388 4733 462 4779 non
484 4719 524 4779 ut
547 4709 727 4797 prodesset
750 4706 946 4793 mentibus,
980 4709 1041 4777 sed
1063 4705 1156 4777 utin
1208 4709 1341 4803 pientia
1356 4710 1397 4783 in
1410 4707 1675 4800 gubernatione.
1728 4701 1781 4775 Ac
1797 4703 1827 4775 si
1841 4704 1923 4797 quis
1937 4705 2085 4795 cogitat,
2108 4704 2196 4775 satis

171 4810 449 4899 desperationem
467 4833 525 4880 eas
545 4810 755 4891 adduceret,
777 4809 941 4880 dixerunt
955 4809 1049 4879 enirn
1070 4808 1156 4898 legis
1207 4833 1281 4882 esse
1305 4813 1412 4882 semel
1436 4824 1541 4903 atque
1562 4809 1690 4880 iterum
1716 4806 1839 4896 legisse
1862 4829 1967 4875 unam
1985 4804 2196 4898 atquealtc·

168 4935 290 4981 vocem
322 4935 413 4998 esse,
449 4913 663 5002 flagitantem
695 4894 881 4999 integram*
901 4911 1155 4981 obedientiam:
1207 4938 1282 4983 rsm
1314 4912 1505 5002 pagellam,
1544 4904 1603 4979 hic
1637 4931 1782 4999 prorsus
1815 4905 1996 4977 doctrinae
2032 4906 2194 4977 coelestis

167 5037 273 5105 quam
298 5037 376 5082 cum
401 5038 506 5083 nemo
529 5025 697 5105 praestet,
730 5006 796 5080 hae
818 5036 903 5081 voce
924 5037 1047 5083 omnes
1066 5037 1153 5083 con·
1206 5014 1505 5105 magnitudinem,
1539 5035 1605 5080 nec
1626 5025 1781 5082 nostram
1804 5007 2101 5090 imbecillitatem,
2127 5030 2194 5077 nec

166 5112 336 5184 damnari.
375 5112 470 5183 llaec
487 5113 729 5203 interpretatio
742 5136 818 5182 non
832 5114 981 5206 quadrat
994 5116 1038 5184 ad
1057 5109 1152 5184 hune
1205 5114 1302 5186 illam
1334 5115 1493 5186 discendi
1520 5113 1695 5185 rationem
1724 5109 1934 5181 considerat.
1993 5109 2194 5189 -Barbarica

162 5217 292 5291 locum.
335 5211 417 5286 Alia
433 5228 484 5283 est
500 5213 672 5285 sententia
691 5209 797 5286 huius
810 5214 1001 5289 concionis.
1043 5214 1151 5285 Prae·
1202 5216 1406 5305 imaginatio
1422 5231 1490 5302 cst,
1516 5215 1546 5284 si
1563 5214 1643 5307 quis
1659 5235 1733 5285 non
1746 5211 1884 5282 assidua
1900 5209 2052 5280 lectione
2068 5233 2194 5284 acceu-

161 5334 299 5411 ceptnm
316 5316 528 5411 proponitur
543 5315 765 5386 custodiendi
782 5315 911 5404 libros,
936 5330 970 5388 et
990 5317 1151 5388 discendi
1200 5319 1353 5389 dendam
1377 5333 1530 5390 mentem
1561 5328 1596 5385 et
1620 5312 1824 5405 augendam*
1840 5312 2037 5384 doctrinam
2070 5311 2194 5382 existi-

158 5421 356 5492 doctrinom
378 5421 560 5493 coelestem
577 5417 670 5487 bona
686 5418 917 5502 conscientia,
944 5413 1077 5490 ethuic
1093 5419 1149 5489 of·
1196 5433 1281 5494 mat
1339 5420 1445 5494 Scitis
1469 5420 1517 5488 ita
1539 5416 1710 5509 scriptum
1732 5436 1822 5497 esse,
1854 5408 2092 5504 Evangelium
2118 5435 2195 5486 esse
