4732 6030
241 237 317 316 nr
682 213 840 294 nucu
879 206 957 287 nu
987 204 1171 285 n1cro
1193 203 1397 291 raum:
1437 202 1590 286 unns
1619 204 1731 287 usr
1755 227 1841 291 arc
2195 217 2280 294 aaa
2315 176 2318 181 ’

242 427 356 489 strum
379 403 496 479 lesum
518 391 702 472 Christum
728 387 941 482 placatorem
963 379 1167 471 constituit,
1200 396 1235 455 et
1282 396 1461 456 certamen
1476 395 1511 454 et
1526 380 1565 451 iu
1580 379 1691 452 aciem
1704 379 1835 466 mittit,
1856 381 1921 454 nbi
1934 381 2074 458 aliosin
2090 387 2161 463 alia
2177 408 2285 486 parte

243 510 439 589 Ecclesiam
455 501 522 573 sibi
539 511 716 570 aeternam
733 514 773 562 ac
786 484 1039 561 haereditatem
1053 486 1128 556 filio
1149 507 1236 556 voce
1283 482 1552 577 gubernationis
1574 483 1667 556 vitae
1691 507 1850 554 exercere
1869 502 2009 578 oportet
2025 488 2150 582 iidem,
2174 495 2287 568 invo-

243 608 429 702 Evangelii
451 600 596 690 colligit.
646 594 811 687 Denique
832 589 929 684 quod
945 589 983 658 in
1001 612 1079 675 meo
1095 600 1236 680 pectore
1285 588 1480 670 sationem,
1514 587 1700 673 timorem,
1737 587 1989 659 obedientiam.
2050 589 2152 666 >Haec
2175 596 2286 671 initia

247 709 434 802 Evangelii
465 707 580 775 lucem
613 696 785 768 accendit.
843 689 891 763 Et
917 714 999 775 oro,
1031 704 1072 761 ut
1093 702 1238 781 propter
1286 715 1330 760 an
1347 689 1385 758 in
1403 701 1544 781 pectore
1558 702 1621 758 tuo
1637 710 1781 759 aceensa
1797 687 1901 774 sint,
1919 689 2105 765 manifeste
2120 696 2287 773 iudicare

248 817 361 888 filium
389 830 494 879 suum
522 800 720 874 Dominum
751 795 867 865 lesum
900 785 1083 864 Christum
1124 812 1238 861 meam
1287 805 1398 884 potes.
1454 786 1550 875 Scis,
1580 812 1628 860 an
1650 802 1691 860 ut
1705 786 1879 882 Cyclopes
1897 806 1959 865 aut
1977 787 2168 887 Epicurei,
2194 827 2287 874 eon.

249 927 423 995 mentem,
448 928 590 987 vocem,
614 899 751 982 studia,
775 895 923 966 consilia
942 895 1075 973 omnia,
1101 890 1240 984 Spiritu
1287 908 1423 965 temnas
1436 888 1567 961 Deum:
1594 914 1641 959 an
1653 891 1770 961 ntalii
1784 894 1947 983 superbi,
1969 894 2307 996 quiPhilosopho-*

159 1043 164 1050 ·
248 1039 314 1087 suo
330 1013 456 1084 sancto
465 1007 659 1099 gubernet,
683 994 1067 1089 sicutpromisitfilius:
1094 991 1240 1082 Quanto
1288 1016 1369 1064 rum
1386 990 1573 1084 opiniones
1587 992 1631 1060 de
1645 988 1721 1061 Deo
1737 1007 1876 1074 amant,
1901 1000 2101 1085 asperneris
2116 998 2287 1097 Evange-
2319 992 2323 996 ’

162 1146 167 1156 ’
251 1116 364 1207 magis
373 1125 472 1205 pater
490 1121 604 1178 vester
618 1099 776 1172 coelestis
785 1095 1064 1186 dabitSpiritum
1080 1108 1241 1164 sanetum
1290 1095 1392 1164 lium.
1450 1091 1510 1163 An
1535 1115 1619 1162 vero
1645 1087 1736 1162 hane
1764 1117 1874 1164 unam
1899 1097 2098 1170 doctrinam
2125 1106 2171 1175 de
2193 1103 2285 1194 Deo,

251 1211 480 1313 petentibus?
529 1207 628 1278 Haec
645 1215 747 1282 vota,
772 1223 863 1293 quae
877 1220 977 1288 saepe
992 1196 1151 1288 qnotidie
1166 1217 1240 1262 me·
1290 1219 1354 1288 per
1376 1189 1591 1287 Prophetas,
1622 1188 1805 1265 Christum
1835 1209 1867 1265 et
1893 1194 2086 1289 Apostolos
2109 1230 2285 1300 propaga.

254 1343 334 1391 cum
350 1327 492 1406 repeto,
515 1330 613 1379 nune
628 1304 721 1374 clara
735 1323 820 1370 voce
842 1300 881 1367 in
896 1295 1052 1368 Ecclesia
1068 1295 1136 1367 Dei
1152 1295 1244 1365 reci·
1291 1312 1382 1381 tam,
1407 1319 1525 1366 veram
1543 1317 1617 1364 esse
1632 1308 1780 1383 statuas,
1804 1311 1839 1367 et
1853 1320 1900 1369 an
1912 1321 1988 1368 eam
2004 1326 2167 1378 normam
2184 1312 2285 1406 sequi

254 1436 312 1501 to,
344 1430 385 1489 nt
407 1438 471 1506 pro
494 1435 550 1481 me
575 1420 609 1479 et
631 1430 697 1497 pro
725 1426 799 1473 sese
823 1398 954 1489 singuli
978 1422 1056 1468 meo
1083 1397 1242 1489 exemplo
1293 1398 1379 1467 velis
1402 1397 1528 1482 inDei
1546 1397 1770 1467 invocatione
1791 1412 1825 1469 et
1839 1400 1986 1471 caeteris
2000 1405 2136 1484 officiis.
2187 1409 2285 1486 Hm

254 1522 350 1590 idem
368 1527 575 1609 precentur,
601 1523 641 1578 ut
655 1507 749 1577 filius
765 1501 831 1575 Dei
853 1499 1022 1593 peculiari
1038 1498 1245 1592 promissio·
1295 1497 1465 1589 intelligi,
1488 1498 1586 1572 cerni
1598 1510 1638 1578 ,et
1650 1498 1802 1570 iudicari
1819 1515 1979 1593 possunt.

255 1646 300 1692 ne
328 1637 553 1690 communem
583 1607 821 1702 precationem
845 1601 1005 1687 ornavit,
1037 1601 1174 1671 dicens:
1206 1598 1246 1669 Si
1396 1597 1520 1692 Itaque
1546 1601 1610 1670 ubi
1639 1599 1710 1670 iam
1735 1614 1819 1672 sunt
1850 1597 1937 1673 haec
1963 1605 2097 1680 semina
2127 1611 2287 1704 pietatis,

257 1725 329 1794 duo
349 1745 391 1790 ex
415 1716 515 1786 vobis
538 1706 781 1782 consenserint
800 1704 840 1775 in
860 1717 970 1786 terra,
998 1700 1167 1796 quicquid
1185 1724 1247 1793 pe-
1295 1703 1379 1797 qnia
1408 1701 1596 1771 difficultas
1621 1702 1887 1790 gubernationis
1915 1705 2027 1793 vitae,
2060 1724 2096 1781 et
2123 1717 2287 1804 pericula

257 1835 351 1906 tent,
376 1817 521 1889 dabitur
535 1814 585 1884 eis
602 1834 621 1881 a
636 1821 736 1902 patre
749 1831 828 1876 meo
843 1803 995 1876 coelesti.
1295 1803 1466 1897 paulatim
1486 1803 1597 1893 magis
1619 1804 1908 1895 conspiciuntur,
1928 1809 2122 1881 multorum
2142 1816 2286 1888 animos

362 1920 465 1991 Nunc
480 1916 586 1985 venio
606 1914 649 1982 ad
667 1911 813 1980 alteram
837 1907 908 1976 mei
925 1904 1081 1975 muneris
1098 1917 1246 1996 partem.
1295 1908 1345 1978 ita
1361 1907 1550 1995 frangunt,
1574 1917 1616 1976 ut
1637 1908 1788 1998 quadam
1812 1907 1962 1978 mollitie
1975 1909 2144 1986 abiiciaut
2159 1917 2284 2008 fidem,
2335 1904 2339 1908 ⁵

259 2023 371 2114 Saepe
393 2033 508 2092 autem
523 2017 566 2086 ad
581 2037 635 2083 me
649 2009 905 2082 consolandum
920 2019 954 2077 et
966 2007 1248 2076 confirmandum
1296 2019 1332 2078 et
1351 2001 1418 2075 hos
1437 2029 1583 2095 magnos
1602 2006 1760 2094 labores,
1784 2030 1872 2101 quos
1886 2005 2063 2082 Ecclesiae
2083 2018 2288 2109 propositos

159 2119 167 2126 ’
259 2125 374 2216 cogito
407 2119 510 2190 Pauli
538 2117 693 2196 dietum,
725 2112 821 2205 quod
852 2120 945 2178 extat
969 2108 1006 2175 in
1033 2107 1180 2198 epistola
1203 2107 1248 2176 ad
1297 2108 1432 2179 vident.
1492 2105 1563 2177 Hic
1588 2130 1728 2179 necesse
1755 2123 1810 2180 est
1837 2109 2089 2200 languentibus
2114 2120 2288 2192 auxilium

260 2223 524 2317 Philippenses:
564 2214 661 2287 Deus
682 2227 751 2296 est,
785 2209 848 2304 qni
871 2207 977 2278 eflicit
996 2207 1036 2276 in
1057 2209 1181 2292 nobis,
1209 2219 1251 2277 ut
1298 2211 1501 2294 ostendere,
1526 2220 1560 2279 et
1575 2210 1789 2301 trepidantes
1804 2211 2026 2290 confirmare.

261 2327 396 2404 velitis,
421 2336 455 2394 et
468 2334 508 2392 ut
524 2314 728 2411 perficiatis,
750 2325 791 2382 ut
805 2311 923 2402 aliqua
938 2309 1005 2401 ipsi
1018 2323 1116 2399 grata
1131 2309 1225 2381 bant
1399 2309 1461 2382 sic
1488 2332 1571 2400 ergo
1603 2306 1695 2381 hane
1722 2309 1826 2383 Pauli
1854 2316 2066 2387 senteutiam
2089 2321 2288 2410 audiamus,

361 2426 458 2496 Haec
474 2417 645 2492 sententia
660 2438 740 2485 cnm
755 2408 843 2482 mihi
861 2410 1053 2480 admodum
1068 2407 1252 2480 familiaris
1299 2436 1374 2487 non
1403 2427 1443 2484 ut
1470 2412 1621 2483 stoictnn
1649 2412 1783 2483 dictum
1814 2416 1996 2487 deterrens
2015 2442 2099 2504 nos,
2130 2427 2287 2518 nequid

260 2531 328 2612 sit,
354 2550 450 2597 nunc
467 2543 609 2617 quoque
629 2519 673 2586 de
687 2527 893 2604 argumento
910 2513 1076 2602 cogitanti
1097 2535 1171 2581 sese
1184 2511 1251 2581 ob·
1300 2537 1462 2605 agamus,
1489 2514 1550 2584 sed
1565 2527 1605 2584 ut
1619 2514 1895 2586 consolationem
1909 2517 1948 2587 in
1964 2520 2114 2592 maxima
2130 2524 2288 2598 difficul.

261 2630 355 2702 tulit.
407 2623 529 2715 Quare
546 2644 624 2692 eum
642 2615 918 2688 consolationem
933 2628 965 2684 et
981 2610 1071 2684 mihi
1087 2627 1120 2684 et
1135 2612 1252 2683 omni-
1301 2629 1370 2686 tate
1385 2615 1651 2705 gubernationis
1672 2617 1786 2712 vitae,
1814 2631 1847 2689 et
1867 2617 1906 2687 in
1922 2623 2176 2698 certaminibus
2188 2651 2289 2700 acer.

261 2734 329 2803 bns
351 2730 419 2820 piis
443 2728 630 2797 salutarem
654 2719 852 2799 contineat,
876 2715 1019 2784 caeteris
1035 2714 1252 2803 argumentis
1300 2717 1413 2789 rimis.
1471 2710 1608 2786 Omnes
1626 2715 1665 2786 in
1690 2717 1821 2810 quibus
1840 2721 1974 2792 semina
1997 2740 2079 2797 snut
2102 2729 2288 2803 doctrinae

212 2897 214 2901 ,
262 2828 330 2902 hoc
347 2845 505 2920 tempure
519 2821 667 2907 relictis,
693 2815 785 2889 hanc
799 2814 1150 2888 dulcissimamPauli
1166 2838 1253 2885 eon·
1302 2816 1477 2902 coelestis,
1509 2817 1641 2911 quique
1662 2841 1739 2888 eam
1760 2822 1905 2906 amatis,
1930 2839 1965 2897 et
1980 2820 2094 2896 Deum
2116 2842 2211 2901 recte
2225 2855 2289 2902 ce·

264 2934 403 3004 cionem
420 2949 584 3000 enarrare
601 2922 752 2994 decrevi.
1302 2918 1435 2991 lebrari
1450 2916 1600 3009 optatis,
1625 2914 1790 2992 inchoata
1810 2924 1928 2995 studia
1946 2938 1982 2996 et
1998 2928 2132 2999 labores
2145 2946 2287 3022 urgete:

364 3032 437 3104 Nec
454 3032 535 3101 volo
556 3025 726 3097 altissime
742 3020 874 3104 ordiri,
901 3023 960 3090 sed
978 3042 1155 3091 summum
1170 3042 1253 3090 sen·
1302 3044 1367 3092 nec
1380 3043 1444 3090 vos
1455 3020 1625 3090 deterreri
1638 3021 1812 3094 malorum
1823 3025 1931 3111 odiis,
1954 3030 2195 3121 magnitudine
2210 3057 2289 3102 cer-

263 3134 395 3206 tentiae
419 3132 574 3202 breviter
593 3149 779 3218 exponere.
837 3122 920 3193 Non
942 3122 1019 3191 vult
1039 3119 1188 3205 Paulus,
1212 3131 1254 3191 ut
1302 3121 1477 3194 taminum
1500 3134 1534 3191 et
1556 3121 1795 3214 periculorum
1824 3126 2046 3202 existimetis:
2080 3155 2144 3203 nee
2164 3135 2291 3227 despe-

264 3256 438 3307 eessemus
454 3230 590 3319 ignavi,
619 3240 652 3295 et
668 3226 777 3295 veluti
793 3223 936 3293 inutilia
955 3237 1067 3294 terrae
1085 3226 1255 3314 pondera,
1303 3236 1378 3294 rate
1387 3235 1533 3294 eventus
1549 3235 1583 3294 et
1592 3223 1704 3295 exitus
1718 3224 1888 3314 placidos,
1914 3242 1948 3298 et
1965 3233 2108 3314 scitote,
2133 3231 2248 3306 Deum
2257 3249 2291 3308 et

264 3348 402 3409 tantum
428 3353 553 3401 somno
576 3339 611 3395 et
634 3324 748 3392 ventri
770 3324 880 3394 dediti
902 3324 1032 3406 simus,
1062 3338 1101 3394 ut
1124 3317 1255 3394 enthu·
1304 3324 1562 3417 opitulaturum
1575 3346 1647 3394 esse
1662 3323 1761 3392 vobis
1778 3338 1812 3392 et
1825 3325 2109 3412 gubernaturum
2123 3312 2250 3412 exitus.

264 3439 390 3508 siastae
413 3431 532 3507 etalii
553 3427 685 3500 similes
708 3424 904 3506 finxerunt,
935 3425 1152 3515 quaerendas
1181 3443 1255 3490 esse
1404 3422 1506 3495 lianc
1521 3422 1793 3496 consolationem
1810 3425 1918 3496 tradit
1932 3420 1991 3498 hic
2004 3427 2160 3521 Paulus,
2184 3462 2292 3534 quam

264 3539 436 3620 latebras,
464 3530 668 3623 fugiendam
699 3523 1040 3596 administrationem
1067 3520 1257 3612 Ecclesiae,
1304 3527 1536 3597 necessariam
1565 3548 1639 3597 esse
1669 3525 1770 3595 vubis
1793 3527 1980 3618 omnibus,
2019 3532 2124 3604 facile
2145 3562 2187 3606 ex
2218 3540 2294 3610 suis

266 3639 457 3734 politiaset
471 3629 715 3708 oeconomias,
744 3639 778 3696 et
793 3625 923 3695 inoeio
940 3628 1173 3715 expectandos
1188 3648 1256 3695 no-
1305 3628 1453 3722 quisque
1479 3627 1659 3698 aerumnis
1688 3639 1725 3697 et
1755 3627 1920 3715 periculis
1944 3630 2141 3723 intelligere
2162 3654 2293 3725 potest.

265 3765 329 3813 vos
351 3739 522 3820 adflatus,
550 3735 586 3802 in
601 3731 731 3824 quibus
752 3751 827 3799 non
841 3727 927 3796 tides
945 3728 1087 3819 quidem
1102 3726 1257 3801 luctetur
1303 3727 1432 3820 Coepit
1446 3728 1575 3823 aliquis
1590 3728 1816 3819 gubernatur,
1836 3742 1877 3800 ut
1886 3727 2144 3816 Constantinus,
2161 3733 2291 3806 Evan-

266 3868 347 3915 cum
374 3853 494 3910 nonra
523 3832 780 3906 imbecillitate:
817 3842 851 3900 et
878 3842 1119 3910 sustententur
1144 3826 1258 3898 animi
1304 3831 1436 3922 galium
1461 3829 1644 3922 amplecti,
1676 3829 1785 3924 idque
1807 3842 1847 3900 ut
1867 3828 1966 3903 Deus
1987 3848 2076 3906 recte
2091 3836 2292 3910 innoteseat

265 3969 350 4015 voce
374 3930 666 4034 promissionum,
699 3935 757 4002 sed
781 3943 974 4001 cernantur
993 3930 1061 4001 alia
1084 3930 1257 4022 quaedam
1305 3943 1340 4001 et
1354 3930 1570 4017 celebretur,
1595 3953 1788 4022 propagare
1797 3932 1933 4020 studet,
1958 3950 1991 4006 et
2004 3949 2133 4008 statuas
2145 3952 2181 4009 et
2190 3963 2295 4009 com·

266 4045 428 4119 coelestia
452 4036 660 4132 spectacula.
720 4031 880 4105 Remove
897 4027 984 4102 haec
1001 4055 1022 4102 a
1042 4029 1144 4101 Pauli
1161 4030 1255 4101 dicto
1305 4032 1470 4103 menticia
1484 4032 1633 4102 numina
1650 4033 1788 4104 evertit.
1847 4029 1951 4104 Hanc
1967 4050 2098 4107 tantam
2113 4062 2189 4110 rem
2209 4064 2296 4111 cunr

265 4147 413 4218 somnia.
463 4139 553 4212 Cum
569 4136 685 4208 Deum
704 4134 880 4216 nominat,
913 4147 1039 4203 etcum
1054 4134 1122 4218 ait,
1145 4130 1256 4203 aDeu
1305 4128 1466 4218 inchoat,
1492 4133 1603 4204 multa
1616 4133 1869 4224 impedimenta
1883 4135 2112 4211 obiiciuntur.
2154 4137 2296 4212 Diabo-

266 4269 428 4319 accensas
451 4265 523 4312 esse
547 4250 684 4308 nostras
709 4247 862 4317 mentes,
886 4233 1047 4324 loquitur
1062 4235 1107 4302 de
1128 4233 1203 4304 Deo
1221 4255 1257 4301 se
1305 4237 1363 4305 lus
1377 4237 1543 4306 adversus
1567 4258 1648 4305 eum
1670 4234 1788 4308 irritat
1807 4235 1956 4327 impios,
1977 4241 2042 4332 qui
2057 4254 2093 4313 et
2108 4240 2176 4332 ipsi
2192 4265 2296 4334 aegre

266 4347 495 4440 patefaciente
516 4363 580 4431 per
600 4332 847 4422 Evangelium.
904 4330 1010 4404 Hunc
1031 4330 1166 4416 Deum,
1194 4333 1257 4427 qui
1305 4338 1424 4408 lerunt
1440 4360 1520 4407 suas
1529 4337 1715 4427 opiniones
1728 4335 1950 4424 labefactari,
1971 4354 2031 4411 ant
2043 4343 2181 4413 turbari
2194 4367 2296 4415 suam

266 4446 434 4543 prodiens
448 4466 488 4511 ex
505 4462 630 4509 arcana
646 4459 707 4504 sna
723 4437 816 4517 sede,
839 4455 913 4501 sese
926 4434 1031 4503 nobis
1045 4430 1258 4503 voceEvan-
1305 4438 1610 4532 tranquillitatem.
1654 4435 1728 4507 Nec
1743 4437 1824 4507 talis
1841 4437 1898 4509 vir
1913 4455 2006 4511 recta
2022 4443 2189 4532 moliens,
2215 4461 2297 4517 tan.

265 4549 347 4641 gelii
370 4541 550 4639 patefecit,
584 4538 660 4607 vult
690 4558 756 4603 nos
791 4555 978 4623 agnoscere
1007 4548 1041 4604 et
1076 4532 1256 4604 invocare:
1306 4552 1383 4610 tum
1407 4541 1550 4630 angitur
1571 4541 1615 4608 de
1637 4537 1709 4608 suis
1731 4538 1916 4631 periculis,
1948 4543 2011 4611 sed
2035 4545 2160 4616 metuit
2181 4537 2297 4619 entus

266 4649 362 4722 hisne
390 4648 439 4718 ait
463 4640 655 4714 Ecclesiam
686 4637 755 4706 sibi
783 4634 966 4726 colligere,
998 4661 1038 4706 ac
1070 4632 1255 4704 hominum
1306 4653 1432 4723 tetros,
1457 4642 1515 4710 vel
1525 4640 1607 4732 quia
1619 4638 1749 4709 frustra
1759 4663 1815 4709 res
1829 4653 1943 4713 tantas
1957 4659 2115 4731 moveat,
2139 4648 2196 4718 vel
2211 4650 2299 4743 quia

265 4768 399 4824 mentes
415 4774 457 4819 ex
473 4747 535 4816 illa
551 4740 685 4832 ingenti
702 4738 910 4810 conhrsione
932 4752 966 4808 et
980 4737 1136 4809 tenebris
1151 4758 1258 4827 gene-
1306 4741 1535 4833 imperiorum
1567 4740 1836 4814 dilacerationes
1869 4755 1904 4815 et
1935 4745 2093 4834 gentium
2128 4752 2300 4822 vastatio·

266 4856 316 4927 ris
332 4849 480 4923 humani
499 4850 541 4918 ad
565 4871 602 4916 se
616 4843 766 4915 flectere.
1307 4866 1369 4913 nes
1382 4860 1566 4914 secuturae
1582 4841 1664 4912 sint.

367 4952 444 5026 Hoc
459 4975 541 5020 cum
556 4949 618 5029 sit,
643 4956 792 5014 sonante
807 4941 987 5024 doctriua,
1010 4965 1116 5033 qnam
1133 4934 1258 5009 Eccle-
1411 4944 1452 5014 ln
1469 4938 1535 5013 hac
1552 4943 1792 5016 sollicitudine
1807 4943 1894 5036 qnid
1908 4946 2036 5019 faciet?
2068 4948 2147 5020 Hac
2159 4974 2196 5023 se
2211 4964 2301 5025 con·

263 5061 336 5132 siae
352 5078 434 5126 suae
451 5050 614 5128 tradidit,
640 5046 797 5137 profecto
809 5045 886 5112 vult
900 5064 966 5110 nos
983 5065 1059 5110 eam
1077 5041 1256 5130 amplecti:
1307 5045 1479 5116 solatione
1502 5058 1691 5124 sustentet,
1722 5069 1828 5138 qnam
1852 5039 1911 5115 hic
1925 5046 2038 5119 Divus
2060 5048 2193 5123 Paulus
2210 5057 2303 5125 reci-

245 5160 337 5232 ‘non
353 5174 587 5246 repugnemus
601 5148 655 5232 ei,
679 5170 752 5215 non
780 5145 1026 5232 indulgeamus
1040 5142 1171 5212 nostris
1188 5144 1257 5211 du·
1307 5159 1373 5216 tat:
1404 5144 1512 5218 Dabit
1529 5145 1626 5218 Deus
1643 5159 1683 5216 ut
1702 5146 1908 5235 perficiatis,
1933 5166 2066 5224 avertet
2084 5156 2304 5230 vastationes

261 5257 497 5336 bitatiouibns
527 5265 559 5320 et
591 5247 860 5338 cupiditatibus,
892 5245 956 5314 sed
984 5244 1165 5313 doetrinae
1191 5245 1255 5312 ob-
1308 5271 1394 5338 quas
1418 5249 1565 5330 metuis,
1599 5264 1639 5319 ut
1662 5247 1750 5317 alibi
1775 5247 1946 5339 scriptum
1973 5265 2040 5322 est:
2077 5251 2305 5333 Commendas

261 5343 507 5457 temperemus.
555 5347 812 5453 Quaequidem
828 5368 893 5416 nos
907 5344 1028 5417 statim
1043 5344 1083 5413 in
1098 5344 1257 5414 medium
1307 5345 1383 5418 Deo
1399 5351 1491 5420 viam
1504 5363 1622 5436 tuam,
1647 5363 1681 5419 et
1694 5349 1767 5440 ipse
1780 5349 1893 5420 faciet.
