<?xml version="1.0" encoding="UTF-8"?>
<!DOCTYPE html PUBLIC "-//W3C//DTD XHTML 1.0 Transitional//EN"
    "http://www.w3.org/TR/xhtml1/DTD/xhtml1-transitional.dtd">
<html xmlns="http://www.w3.org/1999/xhtml" xml:lang="en" lang="en">
 <head>
  <title>
</title>
<meta http-equiv="Content-Type" content="text/html;charset=utf-8" />
  <meta name='ocr-system' content='tesseract 3.04.00' />
  <meta name='ocr-capabilities' content='ocr_page ocr_carea ocr_par ocr_line ocrx_word'/>
</head>
<body>
  <div class='ocr_page' id='page_1' title='image "./philippimelanth21melagoog/philippimelanth21melagoog_0492.png"; bbox 0 0 4732 6030; ppageno 0'>
   <div class='ocr_carea' id='block_1_1' title="bbox 174 181 321 303">
    <p class='ocr_par' dir='ltr' id='par_1_1' title="bbox 174 181 321 303">
     <span class='ocr_line' id='line_1_1' title="bbox 174 181 321 303; baseline -0.014 -2"><span class='ocrx_word' id='word_1_1' title='bbox 174 228 248 303; x_wconf 78' lang='lat' dir='ltr'><strong>ssa</strong></span> <span class='ocrx_word' id='word_1_2' title='bbox 316 181 321 191; x_wconf 72' lang='grc'><strong>’</strong></span> 
     </span>
    </p>
   </div>
   <div class='ocr_carea' id='block_1_2' title="bbox 79 393 1160 4331">
    <p class='ocr_par' dir='ltr' id='par_1_2' title="bbox 165 393 1160 1482">
     <span class='ocr_line' id='line_1_2' title="bbox 170 393 1160 488; baseline -0.01 -17"><span class='ocrx_word' id='word_1_3' title='bbox 170 424 263 485; x_wconf 87' lang='lat' dir='ltr'><strong>esse,</strong></span> <span class='ocrx_word' id='word_1_4' title='bbox 285 422 357 470; x_wconf 90' lang='lat' dir='ltr'><strong>non</strong></span> <span class='ocrx_word' id='word_1_5' title='bbox 379 394 654 488; x_wconf 87' lang='lat' dir='ltr'><strong>pleonecticum,</strong></span> <span class='ocrx_word' id='word_1_6' title='bbox 679 417 753 463; x_wconf 90' lang='lat' dir='ltr'><strong>non</strong></span> <span class='ocrx_word' id='word_1_7' title='bbox 777 395 950 477; x_wconf 88' lang='lat' dir='ltr'><strong>fucatum,</strong></span> <span class='ocrx_word' id='word_1_8' title='bbox 976 417 1051 463; x_wconf 90' lang='lat' dir='ltr'><strong>non</strong></span> <span class='ocrx_word' id='word_1_9' title='bbox 1070 393 1160 462; x_wconf 91' lang='lat' dir='ltr'><strong>insi-</strong></span> 
     </span>
     <span class='ocr_line' id='line_1_3' title="bbox 170 495 1160 586; baseline -0.009 -14"><span class='ocrx_word' id='word_1_10' title='bbox 170 503 330 585; x_wconf 87' lang='lat' dir='ltr'><strong>diosum,</strong></span> <span class='ocrx_word' id='word_1_11' title='bbox 355 521 427 567; x_wconf 90' lang='lat' dir='ltr'><strong>non</strong></span> <span class='ocrx_word' id='word_1_12' title='bbox 445 497 616 578; x_wconf 89' lang='lat' dir='ltr'><strong>lividum,</strong></span> <span class='ocrx_word' id='word_1_13' title='bbox 643 520 716 565; x_wconf 92' lang='lat' dir='ltr'><strong>non</strong></span> <span class='ocrx_word' id='word_1_14' title='bbox 741 495 917 586; x_wconf 82' lang='lat' dir='ltr'>suspicax,</span> <span class='ocrx_word' id='word_1_15' title='bbox 943 495 1099 564; x_wconf 89' lang='lat' dir='ltr'><strong>alienum</strong></span> <span class='ocrx_word' id='word_1_16' title='bbox 1115 497 1160 564; x_wconf 90' lang='lat' dir='ltr'><strong>ab</strong></span> 
     </span>
     <span class='ocr_line' id='line_1_4' title="bbox 169 596 1159 682; baseline -0.009 -10"><span class='ocrx_word' id='word_1_17' title='bbox 169 603 426 682; x_wconf 77' lang='lat' dir='ltr'><strong>aemulatione,</strong></span> <span class='ocrx_word' id='word_1_18' title='bbox 449 623 469 668; x_wconf 87' lang='lat' dir='ltr'><strong>a</strong></span> <span class='ocrx_word' id='word_1_19' title='bbox 490 596 715 682; x_wconf 82' lang='lat' dir='ltr'><strong>crudelitate,</strong></span> <span class='ocrx_word' id='word_1_20' title='bbox 743 597 788 666; x_wconf 89' lang='lat' dir='ltr'><strong>ab</strong></span> <span class='ocrx_word' id='word_1_21' title='bbox 812 597 981 679; x_wconf 92' lang='lat' dir='ltr'><strong>avaritia,</strong></span> <span class='ocrx_word' id='word_1_22' title='bbox 1010 596 1159 665; x_wconf 78' lang='lat' dir='ltr'><strong>curiosi·&#39;</strong></span> 
     </span>
     <span class='ocr_line' id='line_1_5' title="bbox 170 690 1159 797; baseline -0.009 -22"><span class='ocrx_word' id='word_1_23' title='bbox 170 720 258 786; x_wconf 89' lang='lat' dir='ltr'><strong>tate,</strong></span> <span class='ocrx_word' id='word_1_24' title='bbox 290 727 310 772; x_wconf 93' lang='lat' dir='ltr'><strong>a</strong></span> <span class='ocrx_word' id='word_1_25' title='bbox 334 690 699 797; x_wconf 75' lang='grc' dir='ltr'><em>πολυπραγμοσύνη,</em></span> <span class='ocrx_word' id='word_1_26' title='bbox 731 698 880 768; x_wconf 81' lang='lat' dir='ltr'>candide</span> <span class='ocrx_word' id='word_1_27' title='bbox 903 720 1007 767; x_wconf 91' lang='lat' dir='ltr'><strong>suum</strong></span> <span class='ocrx_word' id='word_1_28' title='bbox 1032 698 1159 790; x_wconf 88' lang='lat' dir='ltr'><strong>cuique</strong></span> 
     </span>
     <span class='ocr_line' id='line_1_6' title="bbox 169 800 1158 890; baseline -0.009 -15"><span class='ocrx_word' id='word_1_29' title='bbox 169 808 286 876; x_wconf 92' lang='lat' dir='ltr'><strong>locum</strong></span> <span class='ocrx_word' id='word_1_30' title='bbox 303 804 483 885; x_wconf 88' lang='lat' dir='ltr'><strong>tribuens,</strong></span> <span class='ocrx_word' id='word_1_31' title='bbox 507 802 661 890; x_wconf 87' lang='lat' dir='ltr'><strong>fugitans</strong></span> <span class='ocrx_word' id='word_1_32' title='bbox 681 801 856 879; x_wconf 83' lang='lat' dir='ltr'><strong>rixarum,</strong></span> <span class='ocrx_word' id='word_1_33' title='bbox 882 821 1004 866; x_wconf 90' lang='lat' dir='ltr'><strong>amans</strong></span> <span class='ocrx_word' id='word_1_34' title='bbox 1024 800 1158 887; x_wconf 89' lang='lat' dir='ltr'><strong>princi-</strong></span> 
     </span>
     <span class='ocr_line' id='line_1_7' title="bbox 167 901 1157 999; baseline -0.005 -22"><span class='ocrx_word' id='word_1_35' title='bbox 167 931 253 999; x_wconf 87' lang='lat' dir='ltr'><strong>pum</strong></span> <span class='ocrx_word' id='word_1_36' title='bbox 295 901 593 974; x_wconf 85' lang='lat' dir='ltr'><strong>consociationem</strong></span> <span class='ocrx_word' id='word_1_37' title='bbox 631 915 666 969; x_wconf 92' lang='lat' dir='ltr'><strong>et</strong></span> <span class='ocrx_word' id='word_1_38' title='bbox 700 902 877 990; x_wconf 84' lang='lat' dir='ltr'><strong>publicam</strong></span> <span class='ocrx_word' id='word_1_39' title='bbox 922 901 1157 972; x_wconf 80' lang='lat' dir='ltr'><strong>concordiam.</strong></span> 
     </span>
     <span class='ocr_line' id='line_1_8' title="bbox 167 988 1159 1093; baseline -0.008 -15"><span class='ocrx_word' id='word_1_40' title='bbox 167 1006 243 1078; x_wconf 90' lang='lat' dir='ltr'><strong>Has</strong></span> <span class='ocrx_word' id='word_1_41' title='bbox 261 1008 408 1075; x_wconf 89' lang='lat' dir='ltr'><strong>virtutes</strong></span> <span class='ocrx_word' id='word_1_42' title='bbox 430 1005 572 1092; x_wconf 87' lang='lat' dir='ltr'><strong>regebat</strong></span> <span class='ocrx_word' id='word_1_43' title='bbox 595 1026 669 1073; x_wconf 91' lang='lat' dir='ltr'><strong>non</strong></span> <span class='ocrx_word' id='word_1_44' title='bbox 690 988 877 1073; x_wconf 82' lang='lat' dir='ltr'><strong>osteniatio</strong></span> <span class='ocrx_word' id='word_1_45' title='bbox 893 1003 1086 1093; x_wconf 75' lang='lat' dir='ltr'><strong>sapientiae</strong></span> <span class='ocrx_word' id='word_1_46' title='bbox 1101 1025 1159 1071; x_wconf 87' lang='lat' dir='ltr'><strong>so-</strong></span> 
     </span>
     <span class='ocr_line' id='line_1_9' title="bbox 166 1103 1157 1202; baseline -0.01 -23"><span class='ocrx_word' id='word_1_47' title='bbox 166 1106 338 1202; x_wconf 89' lang='lat' dir='ltr'><strong>phistica,</strong></span> <span class='ocrx_word' id='word_1_48' title='bbox 372 1107 430 1174; x_wconf 91' lang='lat' dir='ltr'><strong>sed</strong></span> <span class='ocrx_word' id='word_1_49' title='bbox 465 1129 545 1173; x_wconf 89' lang='lat' dir='ltr'><strong>vera</strong></span> <span class='ocrx_word' id='word_1_50' title='bbox 577 1106 785 1195; x_wconf 87' lang='lat' dir='ltr'><strong>prudentia,</strong></span> <span class='ocrx_word' id='word_1_51' title='bbox 819 1104 960 1173; x_wconf 90' lang='lat' dir='ltr'><strong>intuens</strong></span> <span class='ocrx_word' id='word_1_52' title='bbox 984 1103 1157 1172; x_wconf 88' lang='lat' dir='ltr'><strong>virtutum</strong></span> 
     </span>
     <span class='ocr_line' id='line_1_10' title="bbox 165 1203 1158 1298; baseline -0.007 -19"><span class='ocrx_word' id='word_1_53' title='bbox 165 1213 300 1292; x_wconf 89' lang='lat' dir='ltr'><strong>fontes,</strong></span> <span class='ocrx_word' id='word_1_54' title='bbox 335 1219 516 1298; x_wconf 88' lang='lat' dir='ltr'><strong>praecepta</strong></span> <span class='ocrx_word' id='word_1_55' title='bbox 535 1205 618 1290; x_wconf 90' lang='lat' dir='ltr'><strong>Dei,</strong></span> <span class='ocrx_word' id='word_1_56' title='bbox 650 1219 686 1275; x_wconf 86' lang='lat' dir='ltr'><strong>et</strong></span> <span class='ocrx_word' id='word_1_57' title='bbox 708 1205 933 1295; x_wconf 88' lang='lat' dir='ltr'><strong>disciplinam</strong></span> <span class='ocrx_word' id='word_1_58' title='bbox 957 1203 1158 1274; x_wconf 89' lang='lat' dir='ltr'><strong>amoribus</strong></span> 
     </span>
     <span class='ocr_line' id='line_1_11' title="bbox 166 1305 1157 1396; baseline -0.01 -14"><span class='ocrx_word' id='word_1_59' title='bbox 166 1311 345 1382; x_wconf 85' lang='lat' dir='ltr'><strong>traditam.</strong></span> <span class='ocrx_word' id='word_1_60' title='bbox 403 1305 476 1379; x_wconf 91' lang='lat' dir='ltr'><strong>Nec</strong></span> <span class='ocrx_word' id='word_1_61' title='bbox 500 1310 618 1378; x_wconf 87' lang='lat' dir='ltr'><strong>deerat</strong></span> <span class='ocrx_word' id='word_1_62' title='bbox 640 1307 674 1376; x_wconf 89' lang='lat' dir='ltr'><strong>ei</strong></span> <span class='ocrx_word' id='word_1_63' title='bbox 707 1308 870 1376; x_wconf 83' lang='lat' dir='ltr'><strong>facundia</strong></span> <span class='ocrx_word' id='word_1_64' title='bbox 901 1308 947 1376; x_wconf 90' lang='lat' dir='ltr'><strong>ad</strong></span> <span class='ocrx_word' id='word_1_65' title='bbox 978 1329 1157 1396; x_wconf 85' lang='lat' dir='ltr'><strong>exponen·</strong></span> 
     </span>
     <span class='ocr_line' id='line_1_12' title="bbox 166 1410 612 1482; baseline -0.004 0"><span class='ocrx_word' id='word_1_66' title='bbox 166 1416 248 1482; x_wconf 89' lang='lat' dir='ltr'><strong>dam</strong></span> <span class='ocrx_word' id='word_1_67' title='bbox 266 1411 376 1479; x_wconf 89' lang='lat' dir='ltr'><strong>animi</strong></span> <span class='ocrx_word' id='word_1_68' title='bbox 392 1410 612 1480; x_wconf 90' lang='lat' dir='ltr'><strong>sententiam.</strong></span> 
     </span>
    </p>

    <p class='ocr_par' dir='ltr' id='par_1_3' title="bbox 79 1509 1157 4008">
     <span class='ocr_line' id='line_1_13' title="bbox 266 1509 1157 1599; baseline -0.007 -17"><span class='ocrx_word' id='word_1_69' title='bbox 266 1510 358 1582; x_wconf 87' lang='lat' dir='ltr'><strong>Cum</strong></span> <span class='ocrx_word' id='word_1_70' title='bbox 376 1524 493 1581; x_wconf 85' lang='lat' dir='ltr'><strong>autem</strong></span> <span class='ocrx_word' id='word_1_71' title='bbox 517 1525 551 1580; x_wconf 91' lang='lat' dir='ltr'><strong>et</strong></span> <span class='ocrx_word' id='word_1_72' title='bbox 566 1512 676 1580; x_wconf 82' lang='lat' dir='ltr'><strong>irater</strong></span> <span class='ocrx_word' id='word_1_73' title='bbox 689 1534 730 1579; x_wconf 83' lang='lat' dir='ltr'><strong>ex</strong></span> <span class='ocrx_word' id='word_1_74' title='bbox 753 1510 849 1581; x_wconf 91' lang='lat' dir='ltr'><strong>bello</strong></span> <span class='ocrx_word' id='word_1_75' title='bbox 869 1509 1007 1580; x_wconf 87' lang='lat' dir='ltr'><strong>Veneto</strong></span> <span class='ocrx_word' id='word_1_76' title='bbox 1031 1509 1070 1577; x_wconf 91' lang='lat' dir='ltr'><strong>in</strong></span> <span class='ocrx_word' id='word_1_77' title='bbox 1094 1532 1157 1599; x_wconf 92' lang='lat' dir='ltr'><strong>pa-</strong></span> 
     </span>
     <span class='ocr_line' id='line_1_14' title="bbox 167 1611 1157 1702; baseline -0.007 -19"><span class='ocrx_word' id='word_1_78' title='bbox 167 1614 271 1685; x_wconf 89' lang='lat' dir='ltr'><strong>triam</strong></span> <span class='ocrx_word' id='word_1_79' title='bbox 287 1612 457 1696; x_wconf 78' lang='lat' dir='ltr'><strong>rediisset,</strong></span> <span class='ocrx_word' id='word_1_80' title='bbox 483 1611 531 1681; x_wconf 90' lang='lat' dir='ltr'><strong>ita</strong></span> <span class='ocrx_word' id='word_1_81' title='bbox 547 1612 711 1683; x_wconf 80' lang='lat' dir='ltr'><strong>vixerunt</strong></span> <span class='ocrx_word' id='word_1_82' title='bbox 725 1636 796 1681; x_wconf 91' lang='lat' dir='ltr'><strong>una</strong></span> <span class='ocrx_word' id='word_1_83' title='bbox 810 1611 965 1702; x_wconf 88' lang='lat' dir='ltr'><strong>primum</strong></span> <span class='ocrx_word' id='word_1_84' title='bbox 982 1611 1018 1677; x_wconf 93' lang='lat' dir='ltr'><strong>in</strong></span> <span class='ocrx_word' id='word_1_85' title='bbox 1036 1612 1157 1679; x_wconf 90' lang='lat' dir='ltr'><strong>eadem</strong></span> 
     </span>
     <span class='ocr_line' id='line_1_15' title="bbox 79 1710 1157 1804; baseline -0.008 -18"><span class='ocrx_word' id='word_1_86' title='bbox 79 1727 81 1732; x_wconf 83' lang='grc'>’</span> <span class='ocrx_word' id='word_1_87' title='bbox 151 1719 294 1799; x_wconf 89' lang='lat' dir='ltr'><strong>domo,</strong></span> <span class='ocrx_word' id='word_1_88' title='bbox 319 1727 438 1804; x_wconf 92' lang='lat' dir='ltr'><strong>postea</strong></span> <span class='ocrx_word' id='word_1_89' title='bbox 454 1712 602 1781; x_wconf 89' lang='lat' dir='ltr'><strong>diversis</strong></span> <span class='ocrx_word' id='word_1_90' title='bbox 624 1713 729 1781; x_wconf 88' lang='lat' dir='ltr'><strong>locis:</strong></span> <span class='ocrx_word' id='word_1_91' title='bbox 754 1736 828 1781; x_wconf 90' lang='lat' dir='ltr'><strong>non</strong></span> <span class='ocrx_word' id='word_1_92' title='bbox 850 1713 966 1781; x_wconf 89' lang='lat' dir='ltr'><strong>solnm</strong></span> <span class='ocrx_word' id='word_1_93' title='bbox 988 1723 1030 1782; x_wconf 90' lang='lat' dir='ltr'><strong>ut</strong></span> <span class='ocrx_word' id='word_1_94' title='bbox 1049 1710 1157 1779; x_wconf 91' lang='lat' dir='ltr'><strong>fuerit</strong></span> 
     </span>
     <span class='ocr_line' id='line_1_16' title="bbox 166 1815 1156 1907; baseline -0.008 -21"><span class='ocrx_word' id='word_1_95' title='bbox 166 1831 333 1907; x_wconf 90' lang='lat' dir='ltr'><strong>perpetua</strong></span> <span class='ocrx_word' id='word_1_96' title='bbox 357 1817 516 1906; x_wconf 92' lang='lat' dir='ltr'><strong>ipsorum</strong></span> <span class='ocrx_word' id='word_1_97' title='bbox 546 1815 756 1898; x_wconf 90' lang='lat' dir='ltr'><strong>concordia,</strong></span> <span class='ocrx_word' id='word_1_98' title='bbox 795 1816 853 1882; x_wconf 90' lang='lat' dir='ltr'><strong>sed</strong></span> <span class='ocrx_word' id='word_1_99' title='bbox 880 1815 985 1882; x_wconf 89' lang='lat' dir='ltr'><strong>etiam</strong></span> <span class='ocrx_word' id='word_1_100' title='bbox 1012 1826 1156 1888; x_wconf 84' lang='lat' dir='ltr'><strong>mutuus</strong></span> 
     </span>
     <span class='ocr_line' id='line_1_17' title="bbox 166 1913 1156 2010; baseline -0.007 -24"><span class='ocrx_word' id='word_1_101' title='bbox 166 1942 283 2001; x_wconf 90' lang='lat' dir='ltr'><strong>amor,</strong></span> <span class='ocrx_word' id='word_1_102' title='bbox 309 1918 422 2010; x_wconf 91' lang='lat' dir='ltr'><strong>quiin</strong></span> <span class='ocrx_word' id='word_1_103' title='bbox 442 1939 563 1984; x_wconf 89' lang='lat' dir='ltr'><strong>eorum</strong></span> <span class='ocrx_word' id='word_1_104' title='bbox 580 1930 736 1998; x_wconf 79' lang='lat' dir='ltr'><strong>senecta,</strong></span> <span class='ocrx_word' id='word_1_105' title='bbox 762 1915 799 1982; x_wconf 93' lang='lat' dir='ltr'><strong>in</strong></span> <span class='ocrx_word' id='word_1_106' title='bbox 817 1916 1001 2006; x_wconf 89' lang='lat' dir='ltr'><strong>utriusque</strong></span> <span class='ocrx_word' id='word_1_107' title='bbox 1016 1913 1156 2004; x_wconf 91' lang='lat' dir='ltr'><strong>pericu·</strong></span> 
     </span>
     <span class='ocr_line' id='line_1_18' title="bbox 164 2012 1156 2106; baseline -0.007 -18"><span class='ocrx_word' id='word_1_108' title='bbox 164 2020 210 2088; x_wconf 90' lang='lat' dir='ltr'><strong>lis</strong></span> <span class='ocrx_word' id='word_1_109' title='bbox 241 2033 275 2089; x_wconf 92' lang='lat' dir='ltr'><strong>et</strong></span> <span class='ocrx_word' id='word_1_110' title='bbox 306 2017 522 2106; x_wconf 88' lang='lat' dir='ltr'><strong>gravissimis</strong></span> <span class='ocrx_word' id='word_1_111' title='bbox 554 2016 872 2086; x_wconf 86' lang='lat' dir='ltr'><strong>deliberationibus</strong></span> <span class='ocrx_word' id='word_1_112' title='bbox 902 2019 1006 2083; x_wconf 86' lang='lat' dir='ltr'><strong>etiarn</strong></span> <span class='ocrx_word' id='word_1_113' title='bbox 1037 2012 1156 2083; x_wconf 90' lang='lat' dir='ltr'><strong>crevit.</strong></span> 
     </span>
     <span class='ocr_line' id='line_1_19' title="bbox 165 2116 1157 2203; baseline -0.009 -13"><span class='ocrx_word' id='word_1_114' title='bbox 165 2120 220 2191; x_wconf 91' lang='lat' dir='ltr'><strong>De</strong></span> <span class='ocrx_word' id='word_1_115' title='bbox 235 2119 371 2189; x_wconf 88' lang='lat' dir='ltr'><strong>arcanis</strong></span> <span class='ocrx_word' id='word_1_116' title='bbox 388 2119 495 2187; x_wconf 90' lang='lat' dir='ltr'><strong>rebus</strong></span> <span class='ocrx_word' id='word_1_117' title='bbox 510 2119 676 2186; x_wconf 91' lang='lat' dir='ltr'><strong>omnibus</strong></span> <span class='ocrx_word' id='word_1_118' title='bbox 699 2119 793 2187; x_wconf 89' lang='lat' dir='ltr'><strong>inter</strong></span> <span class='ocrx_word' id='word_1_119' title='bbox 814 2139 886 2184; x_wconf 90' lang='lat' dir='ltr'><strong>sese</strong></span> <span class='ocrx_word' id='word_1_120' title='bbox 901 2116 1157 2203; x_wconf 84' lang='lat' dir='ltr'><strong>deliberabant,</strong></span> 
     </span>
     <span class='ocr_line' id='line_1_20' title="bbox 165 2217 1156 2310; baseline -0.009 -18"><span class='ocrx_word' id='word_1_121' title='bbox 165 2221 286 2292; x_wconf 90' lang='lat' dir='ltr'><strong>omnia</strong></span> <span class='ocrx_word' id='word_1_122' title='bbox 309 2221 348 2287; x_wconf 89' lang='lat' dir='ltr'><strong>in</strong></span> <span class='ocrx_word' id='word_1_123' title='bbox 362 2217 559 2310; x_wconf 85' lang='lat' dir='ltr'><strong>Republica</strong></span> <span class='ocrx_word' id='word_1_124' title='bbox 577 2218 845 2288; x_wconf 90' lang='lat' dir='ltr'><strong>communicatis</strong></span> <span class='ocrx_word' id='word_1_125' title='bbox 867 2217 1051 2291; x_wconf 75' lang='lat' dir='ltr'><strong>sententiis</strong></span> <span class='ocrx_word' id='word_1_126' title='bbox 1071 2240 1156 2284; x_wconf 90' lang='lat' dir='ltr'><strong>con-</strong></span> 
     </span>
     <span class='ocr_line' id='line_1_21' title="bbox 163 2317 1155 2411; baseline -0.009 -19"><span class='ocrx_word' id='word_1_127' title='bbox 163 2323 369 2395; x_wconf 84' lang='lat' dir='ltr'><strong>stituebant.</strong></span> <span class='ocrx_word' id='word_1_128' title='bbox 433 2317 522 2389; x_wconf 84' lang='lat' dir='ltr'><strong>Erat</strong></span> <span class='ocrx_word' id='word_1_129' title='bbox 555 2320 727 2389; x_wconf 83' lang='lat' dir='ltr'><strong>excellens</strong></span> <span class='ocrx_word' id='word_1_130' title='bbox 762 2320 932 2411; x_wconf 89' lang='lat' dir='ltr'><strong>sapientia</strong></span> <span class='ocrx_word' id='word_1_131' title='bbox 966 2317 1155 2386; x_wconf 88' lang='lat' dir='ltr'><strong>Friderici:</strong></span> 
     </span>
     <span class='ocr_line' id='line_1_22' title="bbox 164 2421 1153 2516; baseline -0.005 -24"><span class='ocrx_word' id='word_1_132' title='bbox 164 2448 276 2516; x_wconf 91' lang='lat' dir='ltr'><strong>eoque</strong></span> <span class='ocrx_word' id='word_1_133' title='bbox 293 2423 412 2490; x_wconf 89' lang='lat' dir='ltr'><strong>minus</strong></span> <span class='ocrx_word' id='word_1_134' title='bbox 431 2421 499 2490; x_wconf 90' lang='lat' dir='ltr'><strong>sibi</strong></span> <span class='ocrx_word' id='word_1_135' title='bbox 522 2422 719 2501; x_wconf 89' lang='lat' dir='ltr'><strong>tribuebat,</strong></span> <span class='ocrx_word' id='word_1_136' title='bbox 752 2435 787 2491; x_wconf 90' lang='lat' dir='ltr'><strong>et</strong></span> <span class='ocrx_word' id='word_1_137' title='bbox 810 2421 940 2490; x_wconf 88' lang='lat' dir='ltr'><strong>sciebat</strong></span> <span class='ocrx_word' id='word_1_138' title='bbox 960 2421 1061 2488; x_wconf 90' lang='lat' dir='ltr'><strong>fratri</strong></span> <span class='ocrx_word' id='word_1_139' title='bbox 1082 2444 1153 2488; x_wconf 92' lang='lat' dir='ltr'><strong>non</strong></span> 
     </span>
     <span class='ocr_line' id='line_1_23' title="bbox 163 2506 1154 2613; baseline -0.006 -19"><span class='ocrx_word' id='word_1_140' title='bbox 163 2506 283 2594; x_wconf 85' lang='lat' dir='ltr'><strong>‹leesse</strong></span> <span class='ocrx_word' id='word_1_141' title='bbox 305 2523 514 2607; x_wconf 89' lang='lat' dir='ltr'><strong>consilinm,</strong></span> <span class='ocrx_word' id='word_1_142' title='bbox 541 2535 574 2592; x_wconf 88' lang='lat' dir='ltr'><strong>et</strong></span> <span class='ocrx_word' id='word_1_143' title='bbox 592 2524 782 2613; x_wconf 88' lang='lat' dir='ltr'><strong>gubernari</strong></span> <span class='ocrx_word' id='word_1_144' title='bbox 801 2526 976 2592; x_wconf 84' lang='lat' dir='ltr'><strong>bonorum</strong></span> <span class='ocrx_word' id='word_1_145' title='bbox 998 2521 1154 2589; x_wconf 89' lang='lat' dir='ltr'><strong>virorum</strong></span> 
     </span>
     <span class='ocr_line' id='line_1_24' title="bbox 136 2620 1153 2716; baseline -0.007 -22"><span class='ocrx_word' id='word_1_146' title='bbox 136 2620 139 2625; x_wconf 62' lang='grc'><strong>’</strong></span> <span class='ocrx_word' id='word_1_147' title='bbox 164 2639 332 2694; x_wconf 88' lang='lat' dir='ltr'><strong>mentesa</strong></span> <span class='ocrx_word' id='word_1_148' title='bbox 349 2622 424 2693; x_wconf 87' lang='lat' dir='ltr'><strong>Deo</strong></span> <span class='ocrx_word' id='word_1_149' title='bbox 439 2626 631 2708; x_wconf 86' lang='lat' dir='ltr'><strong>statuebat,</strong></span> <span class='ocrx_word' id='word_1_150' title='bbox 656 2627 795 2716; x_wconf 91' lang='lat' dir='ltr'><strong>qualem</strong></span> <span class='ocrx_word' id='word_1_151' title='bbox 812 2647 885 2693; x_wconf 89' lang='lat' dir='ltr'><strong>esse</strong></span> <span class='ocrx_word' id='word_1_152' title='bbox 897 2624 1041 2691; x_wconf 88' lang='lat' dir='ltr'><strong>fratrem</strong></span> <span class='ocrx_word' id='word_1_153' title='bbox 1059 2622 1153 2690; x_wconf 86' lang='lat' dir='ltr'><strong>iudi-</strong></span> 
     </span>
     <span class='ocr_line' id='line_1_25' title="bbox 164 2722 1152 2805; baseline -0.005 -10"><span class='ocrx_word' id='word_1_154' title='bbox 164 2726 274 2797; x_wconf 91' lang='lat' dir='ltr'><strong>cabat.</strong></span> <span class='ocrx_word' id='word_1_155' title='bbox 325 2722 464 2794; x_wconf 90' lang='lat' dir='ltr'><strong>Deinde</strong></span> <span class='ocrx_word' id='word_1_156' title='bbox 482 2726 526 2793; x_wconf 90' lang='lat' dir='ltr'><strong>ad</strong></span> <span class='ocrx_word' id='word_1_157' title='bbox 543 2726 826 2794; x_wconf 87' lang='lat' dir='ltr'><strong>benevolentiam</strong></span> <span class='ocrx_word' id='word_1_158' title='bbox 844 2727 1032 2805; x_wconf 88' lang='lat' dir='ltr'><strong>tuendam,</strong></span> <span class='ocrx_word' id='word_1_159' title='bbox 1058 2738 1092 2791; x_wconf 91' lang='lat' dir='ltr'><strong>et</strong></span> <span class='ocrx_word' id='word_1_160' title='bbox 1110 2724 1152 2791; x_wconf 94' lang='lat' dir='ltr'><strong>ad</strong></span> 
     </span>
     <span class='ocr_line' id='line_1_26' title="bbox 164 2821 1155 2917; baseline -0.005 -21"><span class='ocrx_word' id='word_1_161' title='bbox 164 2826 428 2917; x_wconf 87' lang='lat' dir='ltr'><strong>significandam</strong></span> <span class='ocrx_word' id='word_1_162' title='bbox 451 2826 718 2916; x_wconf 87' lang='lat' dir='ltr'><strong>aequalitatem,</strong></span> <span class='ocrx_word' id='word_1_163' title='bbox 743 2827 918 2913; x_wconf 78' lang='lat' dir='ltr'><strong>pertinere</strong></span> <span class='ocrx_word' id='word_1_164' title='bbox 944 2821 1036 2893; x_wconf 90' lang='lat' dir='ltr'><strong>hane</strong></span> <span class='ocrx_word' id='word_1_165' title='bbox 1058 2849 1155 2893; x_wconf 86' lang='lat' dir='ltr'><strong>corn-</strong></span> 
     </span>
     <span class='ocr_line' id='line_1_27' title="bbox 164 2922 1154 3021; baseline -0.006 -24"><span class='ocrx_word' id='word_1_166' title='bbox 164 2926 442 2998; x_wconf 90' lang='lat' dir='ltr'><strong>municationem</strong></span> <span class='ocrx_word' id='word_1_167' title='bbox 457 2925 708 3003; x_wconf 86' lang='lat' dir='ltr'><strong>consiliorum,</strong></span> <span class='ocrx_word' id='word_1_168' title='bbox 731 2936 844 2991; x_wconf 87' lang='lat' dir='ltr'><strong>norat.</strong></span> <span class='ocrx_word' id='word_1_169' title='bbox 895 2922 943 3021; x_wconf 72' lang='lat' dir='ltr'><strong>Et</strong></span> <span class='ocrx_word' id='word_1_170' title='bbox 958 2926 1042 3017; x_wconf 88' lang='lat' dir='ltr'><strong>quia</strong></span> <span class='ocrx_word' id='word_1_171' title='bbox 1058 2949 1154 2992; x_wconf 91' lang='lat' dir='ltr'><strong>com-</strong></span> 
     </span>
     <span class='ocr_line' id='line_1_28' title="bbox 163 3021 1154 3114; baseline -0.007 -15"><span class='ocrx_word' id='word_1_172' title='bbox 163 3021 288 3103; x_wconf 79' lang='lat' dir='ltr'><strong>munia</strong></span> <span class='ocrx_word' id='word_1_173' title='bbox 313 3037 413 3094; x_wconf 92' lang='lat' dir='ltr'><strong>erant</strong></span> <span class='ocrx_word' id='word_1_174' title='bbox 442 3024 615 3114; x_wconf 89' lang='lat' dir='ltr'><strong>pericula,</strong></span> <span class='ocrx_word' id='word_1_175' title='bbox 644 3037 678 3092; x_wconf 88' lang='lat' dir='ltr'><strong>et</strong></span> <span class='ocrx_word' id='word_1_176' title='bbox 707 3025 905 3093; x_wconf 83' lang='lat' dir='ltr'><strong>communis</strong></span> <span class='ocrx_word' id='word_1_177' title='bbox 934 3026 1154 3112; x_wconf 87' lang='lat' dir='ltr'><strong>gubernatio,</strong></span> 
     </span>
     <span class='ocr_line' id='line_1_29' title="bbox 162 3123 1153 3209; baseline -0.007 -13"><span class='ocrx_word' id='word_1_178' title='bbox 162 3131 295 3198; x_wconf 88' lang='lat' dir='ltr'><strong>iustum</strong></span> <span class='ocrx_word' id='word_1_179' title='bbox 311 3137 385 3195; x_wconf 91' lang='lat' dir='ltr'><strong>erat</strong></span> <span class='ocrx_word' id='word_1_180' title='bbox 403 3148 609 3193; x_wconf 88' lang='lat' dir='ltr'><strong>communes</strong></span> <span class='ocrx_word' id='word_1_181' title='bbox 634 3148 708 3193; x_wconf 89' lang='lat' dir='ltr'><strong>esse</strong></span> <span class='ocrx_word' id='word_1_182' title='bbox 723 3126 1011 3209; x_wconf 87' lang='lat' dir='ltr'><strong>deliberationes,</strong></span> <span class='ocrx_word' id='word_1_183' title='bbox 1037 3140 1075 3195; x_wconf 92' lang='lat' dir='ltr'><strong>ut</strong></span> <span class='ocrx_word' id='word_1_184' title='bbox 1094 3123 1153 3192; x_wconf 89' lang='lat' dir='ltr'><strong>ille</strong></span> 
     </span>
     <span class='ocr_line' id='line_1_30' title="bbox 162 3221 1153 3320; baseline -0.007 -22"><span class='ocrx_word' id='word_1_185' title='bbox 162 3229 301 3320; x_wconf 90' lang='lat' dir='ltr'><strong>sapiens</strong></span> <span class='ocrx_word' id='word_1_186' title='bbox 322 3221 494 3296; x_wconf 85' lang='lat' dir='ltr'><strong>Aeacides</strong></span> <span class='ocrx_word' id='word_1_187' title='bbox 524 3222 649 3294; x_wconf 88' lang='lat' dir='ltr'><strong>Peleus</strong></span> <span class='ocrx_word' id='word_1_188' title='bbox 683 3226 776 3295; x_wconf 91' lang='lat' dir='ltr'><strong>inter</strong></span> <span class='ocrx_word' id='word_1_189' title='bbox 799 3227 1022 3314; x_wconf 82' lang='lat' dir='ltr'><strong>Argonautas</strong></span> <span class='ocrx_word' id='word_1_190' title='bbox 1054 3226 1153 3294; x_wconf 91' lang='lat' dir='ltr'><strong>dicit:</strong></span> 
     </span>
     <span class='ocr_line' id='line_1_31' title="bbox 161 3326 1153 3416; baseline -0.006 -16"><span class='ocrx_word' id='word_1_191' title='bbox 161 3326 373 3400; x_wconf 87' lang='lat' dir='ltr'><strong>Communis</strong></span> <span class='ocrx_word' id='word_1_192' title='bbox 400 3327 585 3397; x_wconf 86' lang='lat' dir='ltr'><strong>necessitas</strong></span> <span class='ocrx_word' id='word_1_193' title='bbox 610 3328 783 3410; x_wconf 84' lang='lat' dir='ltr'><strong>est,.sint</strong></span> <span class='ocrx_word' id='word_1_194' title='bbox 814 3327 927 3416; x_wconf 90' lang='lat' dir='ltr'><strong>igitur</strong></span> <span class='ocrx_word' id='word_1_195' title='bbox 949 3351 1153 3396; x_wconf 87' lang='lat' dir='ltr'><strong>communes</strong></span> 
     </span>
     <span class='ocr_line' id='line_1_32' title="bbox 163 3427 1152 3518; baseline -0.007 -17"><span class='ocrx_word' id='word_1_196' title='bbox 163 3429 444 3501; x_wconf 89' lang='lat' dir='ltr'><strong>deliberationes.</strong></span> <span class='ocrx_word' id='word_1_197' title='bbox 496 3427 577 3497; x_wconf 93' lang='lat' dir='ltr'><strong>Non</strong></span> <span class='ocrx_word' id='word_1_198' title='bbox 594 3453 656 3497; x_wconf 91' lang='lat' dir='ltr'><strong>sua</strong></span> <span class='ocrx_word' id='word_1_199' title='bbox 670 3430 815 3518; x_wconf 88' lang='lat' dir='ltr'><strong>gaudia,</strong></span> <span class='ocrx_word' id='word_1_200' title='bbox 842 3445 902 3500; x_wconf 91' lang='lat' dir='ltr'><strong>aut</strong></span> <span class='ocrx_word' id='word_1_201' title='bbox 915 3454 997 3517; x_wconf 85' lang='lat' dir='ltr'><strong>snos</strong></span> <span class='ocrx_word' id='word_1_202' title='bbox 1013 3432 1152 3497; x_wconf 89' lang='lat' dir='ltr'><strong>dolores</strong></span> 
     </span>
     <span class='ocr_line' id='line_1_33' title="bbox 162 3530 1151 3622; baseline -0.002 -21"><span class='ocrx_word' id='word_1_203' title='bbox 162 3534 332 3603; x_wconf 86' lang='lat' dir='ltr'><strong>alteruter</strong></span> <span class='ocrx_word' id='word_1_204' title='bbox 355 3531 519 3622; x_wconf 87' lang='lat' dir='ltr'><strong>cuiquam</strong></span> <span class='ocrx_word' id='word_1_205' title='bbox 547 3530 646 3619; x_wconf 91' lang='lat' dir='ltr'><strong>prius</strong></span> <span class='ocrx_word' id='word_1_206' title='bbox 670 3555 774 3622; x_wconf 91' lang='lat' dir='ltr'><strong>quam</strong></span> <span class='ocrx_word' id='word_1_207' title='bbox 802 3530 902 3599; x_wconf 89' lang='lat' dir='ltr'><strong>fratri</strong></span> <span class='ocrx_word' id='word_1_208' title='bbox 934 3531 1151 3618; x_wconf 88' lang='lat' dir='ltr'><strong>significavit.</strong></span> 
     </span>
     <span class='ocr_line' id='line_1_34' title="bbox 162 3625 1149 3720; baseline -0.007 -17"><span class='ocrx_word' id='word_1_209' title='bbox 162 3632 247 3703; x_wconf 85' lang='lat' dir='ltr'><strong>Post</strong></span> <span class='ocrx_word' id='word_1_210' title='bbox 265 3632 470 3702; x_wconf 86' lang='lat' dir='ltr'><strong>electionem</strong></span> <span class='ocrx_word' id='word_1_211' title='bbox 487 3625 606 3699; x_wconf 91' lang='lat' dir='ltr'><strong>Caroli</strong></span> <span class='ocrx_word' id='word_1_212' title='bbox 634 3631 857 3720; x_wconf 89' lang='lat' dir='ltr'><strong>imperatoris</strong></span> <span class='ocrx_word' id='word_1_213' title='bbox 884 3629 1085 3698; x_wconf 84' lang='lat' dir='ltr'><strong>Fridericus</strong></span> <span class='ocrx_word' id='word_1_214' title='bbox 1108 3631 1149 3696; x_wconf 92' lang='lat' dir='ltr'><strong>ad</strong></span> 
     </span>
     <span class='ocr_line' id='line_1_35' title="bbox 161 3727 1151 3822; baseline -0.009 -18"><span class='ocrx_word' id='word_1_215' title='bbox 161 3737 305 3804; x_wconf 89' lang='lat' dir='ltr'><strong>fratrem</strong></span> <span class='ocrx_word' id='word_1_216' title='bbox 331 3733 369 3801; x_wconf 93' lang='lat' dir='ltr'><strong>in</strong></span> <span class='ocrx_word' id='word_1_217' title='bbox 392 3733 519 3801; x_wconf 90' lang='lat' dir='ltr'><strong>itinere</strong></span> <span class='ocrx_word' id='word_1_218' title='bbox 543 3756 624 3800; x_wconf 85' lang='lat' dir='ltr'><strong>mox</strong></span> <span class='ocrx_word' id='word_1_219' title='bbox 648 3731 808 3809; x_wconf 80' lang='lat' dir='ltr'><strong>deflexit,</strong></span> <span class='ocrx_word' id='word_1_220' title='bbox 842 3731 943 3822; x_wconf 90' lang='lat' dir='ltr'><strong>eique</strong></span> <span class='ocrx_word' id='word_1_221' title='bbox 968 3727 1151 3798; x_wconf 90' lang='lat' dir='ltr'><strong>historiam</strong></span> 
     </span>
     <span class='ocr_line' id='line_1_36' title="bbox 123 3831 1151 3926; baseline -0.002 -25"><span class='ocrx_word' id='word_1_222' title='bbox 123 3897 127 3901; x_wconf 78' lang='grc'><strong>,</strong></span> <span class='ocrx_word' id='word_1_223' title='bbox 160 3838 355 3926; x_wconf 88' lang='lat' dir='ltr'><strong>integram,</strong></span> <span class='ocrx_word' id='word_1_224' title='bbox 380 3833 506 3902; x_wconf 90' lang='lat' dir='ltr'><strong>ordine</strong></span> <span class='ocrx_word' id='word_1_225' title='bbox 528 3831 762 3902; x_wconf 88' lang='lat' dir='ltr'><strong>assidentibus</strong></span> <span class='ocrx_word' id='word_1_226' title='bbox 778 3832 1080 3923; x_wconf 81' lang='lat' dir='ltr'><strong>praecipuisviris</strong></span> <span class='ocrx_word' id='word_1_227' title='bbox 1096 3854 1151 3899; x_wconf 87' lang='lat' dir='ltr'><strong>re-</strong></span> 
     </span>
     <span class='ocr_line' id='line_1_37' title="bbox 162 3939 295 4008; baseline 0 -2"><span class='ocrx_word' id='word_1_228' title='bbox 162 3939 295 4008; x_wconf 85' lang='lat' dir='ltr'><strong>citavit.</strong></span> 
     </span>
    </p>

    <p class='ocr_par' dir='ltr' id='par_1_4' title="bbox 161 4027 1153 4331">
     <span class='ocr_line' id='line_1_38' title="bbox 262 4027 1150 4126; baseline -0.01 -19"><span class='ocrx_word' id='word_1_229' title='bbox 262 4037 313 4107; x_wconf 95' lang='lat' dir='ltr'><strong>Ac</strong></span> <span class='ocrx_word' id='word_1_230' title='bbox 351 4037 445 4106; x_wconf 92' lang='lat' dir='ltr'><strong>inter</strong></span> <span class='ocrx_word' id='word_1_231' title='bbox 477 4035 634 4126; x_wconf 87' lang='lat' dir='ltr'><strong>exempla</strong></span> <span class='ocrx_word' id='word_1_232' title='bbox 666 4035 842 4103; x_wconf 79' lang='lat' dir='ltr'><strong>fraternae</strong></span> <span class='ocrx_word' id='word_1_233' title='bbox 877 4033 1085 4103; x_wconf 88' lang='lat' dir='ltr'><strong>concordiae</strong></span> <span class='ocrx_word' id='word_1_234' title='bbox 1115 4027 1150 4099; x_wconf 91' lang='lat' dir='ltr'><strong>hi</strong></span> 
     </span>
     <span class='ocr_line' id='line_1_39' title="bbox 161 4137 1152 4225; baseline -0.008 -17"><span class='ocrx_word' id='word_1_235' title='bbox 161 4141 233 4208; x_wconf 94' lang='lat' dir='ltr'><strong>duo</strong></span> <span class='ocrx_word' id='word_1_236' title='bbox 265 4138 388 4206; x_wconf 89' lang='lat' dir='ltr'><strong>fratres</strong></span> <span class='ocrx_word' id='word_1_237' title='bbox 417 4138 544 4208; x_wconf 90' lang='lat' dir='ltr'><strong>merito</strong></span> <span class='ocrx_word' id='word_1_238' title='bbox 576 4137 816 4206; x_wconf 87' lang='lat' dir='ltr'><strong>celebrantur:</strong></span> <span class='ocrx_word' id='word_1_239' title='bbox 853 4139 913 4206; x_wconf 88' lang='lat' dir='ltr'><strong>sed</strong></span> <span class='ocrx_word' id='word_1_240' title='bbox 948 4146 1152 4225; x_wconf 90' lang='lat' dir='ltr'><strong>acceperant</strong></span> 
     </span>
     <span class='ocr_line' id='line_1_40' title="bbox 161 4233 1153 4331; baseline -0.006 -22"><span class='ocrx_word' id='word_1_241' title='bbox 161 4239 229 4331; x_wconf 93' lang='lat' dir='ltr'><strong>ipsi</strong></span> <span class='ocrx_word' id='word_1_242' title='bbox 252 4262 394 4331; x_wconf 90' lang='lat' dir='ltr'><strong>quoque</strong></span> <span class='ocrx_word' id='word_1_243' title='bbox 417 4263 436 4307; x_wconf 92' lang='lat' dir='ltr'><strong>a</strong></span> <span class='ocrx_word' id='word_1_244' title='bbox 458 4254 557 4328; x_wconf 89' lang='lat' dir='ltr'><strong>patre</strong></span> <span class='ocrx_word' id='word_1_245' title='bbox 581 4233 751 4319; x_wconf 84' lang='lat' dir='ltr'><strong>Ernesto,</strong></span> <span class='ocrx_word' id='word_1_246' title='bbox 783 4251 827 4306; x_wconf 78' lang='lat' dir='ltr'><strong>et,</strong></span> <span class='ocrx_word' id='word_1_247' title='bbox 840 4252 966 4329; x_wconf 90' lang='lat' dir='ltr'><strong>patruo</strong></span> <span class='ocrx_word' id='word_1_248' title='bbox 992 4235 1153 4317; x_wconf 93' lang='lat' dir='ltr'><strong>Alberto,</strong></span> 
     </span>
    </p>
   </div>
   <div class='ocr_carea' id='block_1_3' title="bbox 578 186 1736 298">
    <p class='ocr_par' dir='ltr' id='par_1_5' title="bbox 563 186 1736 329">
     <span class='ocr_line' id='line_1_41' title="bbox 578 186 1736 298; baseline 0.002 -2.974"><span class='ocrx_word' id='word_1_249' title='bbox 578 186 581 191; x_wconf 68' lang='grc'><strong><em>’</em></strong></span> <span class='ocrx_word' id='word_1_250' title='bbox 638 220 796 298; x_wconf 76' lang='lat' dir='ltr'><strong>nuci.</strong></span> <span class='ocrx_word' id='word_1_251' title='bbox 830 219 903 294; x_wconf 83' lang='lat' dir='ltr'><strong>on</strong></span> <span class='ocrx_word' id='word_1_252' title='bbox 938 218 1161 294; x_wconf 68' lang='lat' dir='ltr'><strong>roenna</strong></span> <span class='ocrx_word' id='word_1_253' title='bbox 1194 220 1344 297; x_wconf 82' lang='lat' dir='ltr'><strong>nucu</strong></span> <span class='ocrx_word' id='word_1_254' title='bbox 1379 220 1502 296; x_wconf 75' lang='lat' dir='ltr'><strong>sax,</strong></span> <span class='ocrx_word' id='word_1_255' title='bbox 1533 219 1736 297; x_wconf 79' lang='lat' dir='ltr'><strong>ancer.</strong></span> 
     </span>
    </p>
   </div>
   <div class='ocr_carea' id='block_1_4' title="bbox 2129 226 2203 303">
    <p class='ocr_par' dir='ltr' id='par_1_6' title="bbox 2129 226 2203 303">
     <span class='ocr_line' id='line_1_42' title="bbox 2129 226 2203 303; baseline 0.027 -3"><span class='ocrx_word' id='word_1_256' title='bbox 2129 226 2203 303; x_wconf 76' lang='lat'><strong>958</strong></span> 
     </span>
    </p>
   </div>
   <div class='ocr_carea' id='block_1_5' title="bbox 1202 394 2271 4330">
    <p class='ocr_par' dir='ltr' id='par_1_7' title="bbox 1203 394 2271 3902">
     <span class='ocr_line' id='line_1_43' title="bbox 1209 394 2204 489; baseline 0.006 -26"><span class='ocrx_word' id='word_1_257' title='bbox 1209 418 1293 465; x_wconf 91' lang='lat' dir='ltr'><strong>vero</strong></span> <span class='ocrx_word' id='word_1_258' title='bbox 1309 394 1378 464; x_wconf 88' lang='lat' dir='ltr'><strong>sibi</strong></span> <span class='ocrx_word' id='word_1_259' title='bbox 1396 394 1464 484; x_wconf 91' lang='lat' dir='ltr'><strong>ipsi</strong></span> <span class='ocrx_word' id='word_1_260' title='bbox 1479 394 1664 463; x_wconf 85' lang='lat' dir='ltr'><strong>exitiosum</strong></span> <span class='ocrx_word' id='word_1_261' title='bbox 1682 417 1764 464; x_wconf 89' lang='lat' dir='ltr'><strong>esse.</strong></span> <span class='ocrx_word' id='word_1_262' title='bbox 1816 395 1901 465; x_wconf 91' lang='lat' dir='ltr'><strong>Non</strong></span> <span class='ocrx_word' id='word_1_263' title='bbox 1918 398 2120 468; x_wconf 88' lang='lat' dir='ltr'><strong>dabitemus</strong></span> <span class='ocrx_word' id='word_1_264' title='bbox 2136 401 2204 489; x_wconf 89' lang='lat' dir='ltr'><strong>igi·</strong></span> 
     </span>
     <span class='ocr_line' id='line_1_44' title="bbox 1209 492 2203 589; baseline 0.004 -23"><span class='ocrx_word' id='word_1_265' title='bbox 1209 511 1286 585; x_wconf 89' lang='lat' dir='ltr'><strong>tur‚</strong></span> <span class='ocrx_word' id='word_1_266' title='bbox 1312 497 1419 565; x_wconf 88' lang='lat' dir='ltr'><strong>fnisse</strong></span> <span class='ocrx_word' id='word_1_267' title='bbox 1442 497 1537 564; x_wconf 90' lang='lat' dir='ltr'><strong>viros</strong></span> <span class='ocrx_word' id='word_1_268' title='bbox 1558 497 1672 564; x_wconf 90' lang='lat' dir='ltr'><strong>bonos</strong></span> <span class='ocrx_word' id='word_1_269' title='bbox 1698 492 1767 564; x_wconf 88' lang='lat' dir='ltr'><strong>hos·</strong></span> <span class='ocrx_word' id='word_1_270' title='bbox 1784 497 1880 587; x_wconf 89' lang='lat' dir='ltr'><strong>ipsos</strong></span> <span class='ocrx_word' id='word_1_271' title='bbox 1904 496 2105 589; x_wconf 87' lang='lat' dir='ltr'><strong>Principes,</strong></span> <span class='ocrx_word' id='word_1_272' title='bbox 2132 498 2203 570; x_wconf 82' lang='lat' dir='ltr'><strong>Er-</strong></span> 
     </span>
     <span class='ocr_line' id='line_1_45' title="bbox 1208 597 2201 676; baseline 0.005 -10"><span class='ocrx_word' id='word_1_273' title='bbox 1208 612 1346 666; x_wconf 91' lang='lat' dir='ltr'><strong>nestum</strong></span> <span class='ocrx_word' id='word_1_274' title='bbox 1381 611 1414 666; x_wconf 94' lang='lat' dir='ltr'><strong>et</strong></span> <span class='ocrx_word' id='word_1_275' title='bbox 1449 597 1655 676; x_wconf 90' lang='lat' dir='ltr'><strong>Albertum,</strong></span> <span class='ocrx_word' id='word_1_276' title='bbox 1696 613 1729 668; x_wconf 92' lang='lat' dir='ltr'><strong>et</strong></span> <span class='ocrx_word' id='word_1_277' title='bbox 1761 599 1890 666; x_wconf 85' lang='lat' dir='ltr'><strong>deinde</strong></span> <span class='ocrx_word' id='word_1_278' title='bbox 1917 597 2137 670; x_wconf 86' lang='lat' dir='ltr'><strong>Fridericum</strong></span> <span class='ocrx_word' id='word_1_279' title='bbox 2166 617 2201 672; x_wconf 90' lang='lat' dir='ltr'><strong>et</strong></span> 
     </span>
     <span class='ocr_line' id='line_1_46' title="bbox 1210 699 2201 795; baseline 0.003 -27"><span class='ocrx_word' id='word_1_280' title='bbox 1210 699 1395 788; x_wconf 88' lang='lat' dir='ltr'><strong>loannem,</strong></span> <span class='ocrx_word' id='word_1_281' title='bbox 1422 700 1503 790; x_wconf 88' lang='lat' dir='ltr'><strong>quia</strong></span> <span class='ocrx_word' id='word_1_282' title='bbox 1522 700 1621 767; x_wconf 92' lang='lat' dir='ltr'><strong>nulla</strong></span> <span class='ocrx_word' id='word_1_283' title='bbox 1643 700 1737 767; x_wconf 86' lang='lat' dir='ltr'><strong>inter</strong></span> <span class='ocrx_word' id='word_1_284' title='bbox 1761 723 1819 767; x_wconf 86' lang='lat' dir='ltr'><strong>ens</strong></span> <span class='ocrx_word' id='word_1_285' title='bbox 1841 701 2016 768; x_wconf 88' lang='lat' dir='ltr'><strong>discordia</strong></span> <span class='ocrx_word' id='word_1_286' title='bbox 2042 726 2201 795; x_wconf 89' lang='lat' dir='ltr'><strong>unquam</strong></span> 
     </span>
     <span class='ocr_line' id='line_1_47' title="bbox 1208 801 2200 890; baseline 0.004 -21"><span class='ocrx_word' id='word_1_287' title='bbox 1208 801 1336 870; x_wconf 85' lang='lat' dir='ltr'><strong>extitit:</strong></span> <span class='ocrx_word' id='word_1_288' title='bbox 1363 814 1399 870; x_wconf 85' lang='lat' dir='ltr'><strong>et</strong></span> <span class='ocrx_word' id='word_1_289' title='bbox 1419 801 1550 869; x_wconf 89' lang='lat' dir='ltr'><strong>talibus</strong></span> <span class='ocrx_word' id='word_1_290' title='bbox 1573 801 1741 890; x_wconf 84' lang='lat' dir='ltr'><strong>exemplis</strong></span> <span class='ocrx_word' id='word_1_291' title='bbox 1765 825 1829 868; x_wconf 91' lang='lat' dir='ltr'><strong>nos</strong></span> <span class='ocrx_word' id='word_1_292' title='bbox 1852 801 2042 871; x_wconf 89' lang='lat' dir='ltr'><strong>invitemus</strong></span> <span class='ocrx_word' id='word_1_293' title='bbox 2061 809 2104 872; x_wconf 93' lang='lat' dir='ltr'><strong>ad</strong></span> <span class='ocrx_word' id='word_1_294' title='bbox 2126 806 2200 873; x_wconf 88' lang='lat' dir='ltr'><strong>fra-</strong></span> 
     </span>
     <span class='ocr_line' id='line_1_48' title="bbox 1207 898 2200 997; baseline 0.003 -24"><span class='ocrx_word' id='word_1_295' title='bbox 1207 919 1342 974; x_wconf 86' lang='lat' dir='ltr'><strong>ternam</strong></span> <span class='ocrx_word' id='word_1_296' title='bbox 1363 902 1587 971; x_wconf 88' lang='lat' dir='ltr'><strong>concordiam</strong></span> <span class='ocrx_word' id='word_1_297' title='bbox 1607 905 1785 971; x_wconf 88' lang='lat' dir='ltr'><strong>tuendam.</strong></span> <span class='ocrx_word' id='word_1_298' title='bbox 1821 900 2021 971; x_wconf 80' lang='lat' dir='ltr'><strong>Adiicerem</strong></span> <span class='ocrx_word' id='word_1_299' title='bbox 2037 898 2095 972; x_wconf 82' lang='lat' dir='ltr'><strong>liic</strong></span> <span class='ocrx_word' id='word_1_300' title='bbox 2111 930 2200 997; x_wconf 86' lang='lat' dir='ltr'><strong>quae</strong></span> 
     </span>
     <span class='ocr_line' id='line_1_49' title="bbox 1207 1004 2199 1098; baseline 0.001 -25"><span class='ocrx_word' id='word_1_301' title='bbox 1207 1005 1441 1073; x_wconf 90' lang='lat' dir='ltr'><strong>communiter</strong></span> <span class='ocrx_word' id='word_1_302' title='bbox 1456 1004 1609 1093; x_wconf 85' lang='lat' dir='ltr'><strong>egerint,</strong></span> <span class='ocrx_word' id='word_1_303' title='bbox 1634 1007 1694 1071; x_wconf 91' lang='lat' dir='ltr'><strong>sed</strong></span> <span class='ocrx_word' id='word_1_304' title='bbox 1713 1005 1882 1092; x_wconf 87' lang='lat' dir='ltr'><strong>temporis</strong></span> <span class='ocrx_word' id='word_1_305' title='bbox 1900 1007 2060 1092; x_wconf 79' lang='lat' dir='ltr'><strong>angustia</strong></span> <span class='ocrx_word' id='word_1_306' title='bbox 2085 1007 2199 1098; x_wconf 88' lang='lat' dir='ltr'><strong>impe-</strong></span> 
     </span>
     <span class='ocr_line' id='line_1_50' title="bbox 1208 1100 2199 1198; baseline 0.002 -24"><span class='ocrx_word' id='word_1_307' title='bbox 1208 1107 1306 1175; x_wconf 71' lang='lat' dir='ltr'><strong>dior.</strong></span> <span class='ocrx_word' id='word_1_308' title='bbox 1339 1103 1495 1173; x_wconf 87' lang='lat' dir='ltr'><strong>Tantum</strong></span> <span class='ocrx_word' id='word_1_309' title='bbox 1517 1100 1601 1173; x_wconf 88' lang='lat' dir='ltr'><strong>haec</strong></span> <span class='ocrx_word' id='word_1_310' title='bbox 1617 1105 1714 1194; x_wconf 90' lang='lat' dir='ltr'><strong>signa</strong></span> <span class='ocrx_word' id='word_1_311' title='bbox 1735 1130 1851 1173; x_wconf 87' lang='lat' dir='ltr'><strong>rerum</strong></span> <span class='ocrx_word' id='word_1_312' title='bbox 1868 1107 2083 1191; x_wconf 87' lang='lat' dir='ltr'><strong>futurarum,</strong></span> <span class='ocrx_word' id='word_1_313' title='bbox 2110 1132 2199 1198; x_wconf 91' lang='lat' dir='ltr'><strong>quae</strong></span> 
     </span>
     <span class='ocr_line' id='line_1_51' title="bbox 1207 1205 2199 1298; baseline 0.005 -24"><span class='ocrx_word' id='word_1_314' title='bbox 1207 1206 1349 1298; x_wconf 90' lang='lat' dir='ltr'><strong>utrique</strong></span> <span class='ocrx_word' id='word_1_315' title='bbox 1368 1206 1475 1273; x_wconf 91' lang='lat' dir='ltr'><strong>simul</strong></span> <span class='ocrx_word' id='word_1_316' title='bbox 1502 1224 1639 1275; x_wconf 87' lang='lat' dir='ltr'><strong>ostensa</strong></span> <span class='ocrx_word' id='word_1_317' title='bbox 1663 1222 1765 1287; x_wconf 90' lang='lat' dir='ltr'><strong>sunt,</strong></span> <span class='ocrx_word' id='word_1_318' title='bbox 1793 1208 1960 1279; x_wconf 90' lang='lat' dir='ltr'><strong>recitabo.</strong></span> <span class='ocrx_word' id='word_1_319' title='bbox 2012 1205 2067 1277; x_wconf 86' lang='lat' dir='ltr'><strong>Eo</strong></span> <span class='ocrx_word' id='word_1_320' title='bbox 2091 1233 2199 1288; x_wconf 91' lang='lat' dir='ltr'><strong>anno,</strong></span> 
     </span>
     <span class='ocr_line' id='line_1_52' title="bbox 1207 1305 2197 1399; baseline 0.004 -24"><span class='ocrx_word' id='word_1_321' title='bbox 1207 1332 1277 1399; x_wconf 91' lang='lat' dir='ltr'><strong>quo</strong></span> <span class='ocrx_word' id='word_1_322' title='bbox 1307 1305 1461 1395; x_wconf 88' lang='lat' dir='ltr'><strong>primum</strong></span> <span class='ocrx_word' id='word_1_323' title='bbox 1485 1331 1604 1375; x_wconf 88' lang='lat' dir='ltr'><strong>mense</strong></span> <span class='ocrx_word' id='word_1_324' title='bbox 1633 1308 1825 1378; x_wconf 89' lang='lat' dir='ltr'><strong>Novembri</strong></span> <span class='ocrx_word' id='word_1_325' title='bbox 1853 1312 1966 1379; x_wconf 90' lang='lat' dir='ltr'><strong>editae</strong></span> <span class='ocrx_word' id='word_1_326' title='bbox 1991 1326 2074 1381; x_wconf 88' lang='lat' dir='ltr'><strong>sunt</strong></span> <span class='ocrx_word' id='word_1_327' title='bbox 2097 1334 2197 1380; x_wconf 89' lang='lat' dir='ltr'><strong>reve·</strong></span> 
     </span>
     <span class='ocr_line' id='line_1_53' title="bbox 1207 1405 2199 1501; baseline 0.002 -24"><span class='ocrx_word' id='word_1_328' title='bbox 1207 1409 1308 1478; x_wconf 89' lang='lat' dir='ltr'><strong>rendi</strong></span> <span class='ocrx_word' id='word_1_329' title='bbox 1332 1406 1460 1478; x_wconf 88' lang='lat' dir='ltr'><strong>viril).</strong></span> <span class='ocrx_word' id='word_1_330' title='bbox 1485 1405 1633 1477; x_wconf 88' lang='lat' dir='ltr'><strong>Lutheri</strong></span> <span class='ocrx_word' id='word_1_331' title='bbox 1658 1412 1917 1501; x_wconf 86' lang='lat' dir='ltr'><strong>propositiones</strong></span> <span class='ocrx_word' id='word_1_332' title='bbox 1942 1414 1986 1480; x_wconf 91' lang='lat' dir='ltr'><strong>de</strong></span> <span class='ocrx_word' id='word_1_333' title='bbox 2008 1413 2199 1500; x_wconf 89' lang='lat' dir='ltr'><strong>indulgen-</strong></span> 
     </span>
     <span class='ocr_line' id='line_1_54' title="bbox 1206 1509 2200 1597; baseline 0.001 -18"><span class='ocrx_word' id='word_1_334' title='bbox 1206 1512 1283 1594; x_wconf 90' lang='lat' dir='ltr'><strong>tiis,</strong></span> <span class='ocrx_word' id='word_1_335' title='bbox 1318 1534 1397 1577; x_wconf 90' lang='lat' dir='ltr'><strong>cum</strong></span> <span class='ocrx_word' id='word_1_336' title='bbox 1418 1533 1459 1578; x_wconf 84' lang='lat' dir='ltr'><strong>ex</strong></span> <span class='ocrx_word' id='word_1_337' title='bbox 1484 1512 1618 1597; x_wconf 92' lang='lat' dir='ltr'><strong>templo</strong></span> <span class='ocrx_word' id='word_1_338' title='bbox 1642 1509 1846 1581; x_wconf 87' lang='lat' dir='ltr'><strong>Wimariae</strong></span> <span class='ocrx_word' id='word_1_339' title='bbox 1867 1514 1905 1580; x_wconf 94' lang='lat' dir='ltr'><strong>in</strong></span> <span class='ocrx_word' id='word_1_340' title='bbox 1932 1514 2042 1582; x_wconf 89' lang='lat' dir='ltr'><strong>natali</strong></span> <span class='ocrx_word' id='word_1_341' title='bbox 2064 1510 2200 1584; x_wconf 90' lang='lat' dir='ltr'><strong>Christi</strong></span> 
     </span>
     <span class='ocr_line' id='line_1_55' title="bbox 1206 1609 2249 1697; baseline 0.002 -15"><span class='ocrx_word' id='word_1_342' title='bbox 1206 1615 1276 1682; x_wconf 93' lang='lat' dir='ltr'><strong>duo</strong></span> <span class='ocrx_word' id='word_1_343' title='bbox 1299 1612 1441 1695; x_wconf 89' lang='lat' dir='ltr'><strong>fratres,</strong></span> <span class='ocrx_word' id='word_1_344' title='bbox 1473 1624 1506 1679; x_wconf 90' lang='lat' dir='ltr'><strong>et</strong></span> <span class='ocrx_word' id='word_1_345' title='bbox 1523 1612 1617 1679; x_wconf 80' lang='lat' dir='ltr'><strong>filins</strong></span> <span class='ocrx_word' id='word_1_346' title='bbox 1631 1609 1712 1680; x_wconf 84' lang='lat' dir='ltr'><strong>Dux</strong></span> <span class='ocrx_word' id='word_1_347' title='bbox 1730 1611 1878 1682; x_wconf 88' lang='lat' dir='ltr'><strong>loannes</strong></span> <span class='ocrx_word' id='word_1_348' title='bbox 1892 1616 2097 1684; x_wconf 90' lang='lat' dir='ltr'><strong>Fridericus</strong></span> <span class='ocrx_word' id='word_1_349' title='bbox 2114 1639 2199 1697; x_wconf 92' lang='lat' dir='ltr'><strong>una,</strong></span> <span class='ocrx_word' id='word_1_350' title='bbox 2247 1611 2249 1615; x_wconf 64' lang='grc'><strong>’</strong></span> 
     </span>
     <span class='ocr_line' id='line_1_56' title="bbox 1207 1715 2199 1807; baseline 0.004 -27"><span class='ocrx_word' id='word_1_351' title='bbox 1207 1727 1284 1804; x_wconf 90' lang='lat' dir='ltr'><strong>post</strong></span> <span class='ocrx_word' id='word_1_352' title='bbox 1310 1715 1461 1780; x_wconf 88' lang='lat' dir='ltr'><strong>mediam</strong></span> <span class='ocrx_word' id='word_1_353' title='bbox 1486 1725 1643 1795; x_wconf 91' lang='lat' dir='ltr'><strong>noctem,</strong></span> <span class='ocrx_word' id='word_1_354' title='bbox 1684 1727 1722 1782; x_wconf 89' lang='lat' dir='ltr'><strong>ut</strong></span> <span class='ocrx_word' id='word_1_355' title='bbox 1746 1738 1870 1803; x_wconf 88' lang='lat' dir='ltr'><strong>magna</strong></span> <span class='ocrx_word' id='word_1_356' title='bbox 1894 1718 1932 1783; x_wconf 93' lang='lat' dir='ltr'><strong>in</strong></span> <span class='ocrx_word' id='word_1_357' title='bbox 1953 1730 2103 1807; x_wconf 89' lang='lat' dir='ltr'><strong>utroque</strong></span> <span class='ocrx_word' id='word_1_358' title='bbox 2126 1729 2199 1785; x_wconf 90' lang='lat' dir='ltr'><strong>erat</strong></span> 
     </span>
     <span class='ocr_line' id='line_1_57' title="bbox 1206 1813 2199 1903; baseline 0.003 -21"><span class='ocrx_word' id='word_1_359' title='bbox 1206 1813 1402 1882; x_wconf 89' lang='lat' dir='ltr'><strong>reverentia</strong></span> <span class='ocrx_word' id='word_1_360' title='bbox 1420 1835 1499 1898; x_wconf 89' lang='lat' dir='ltr'><strong>erga</strong></span> <span class='ocrx_word' id='word_1_361' title='bbox 1514 1836 1570 1880; x_wconf 90' lang='lat' dir='ltr'><strong>res</strong></span> <span class='ocrx_word' id='word_1_362' title='bbox 1590 1813 1747 1896; x_wconf 88' lang='lat' dir='ltr'><strong>divinas,</strong></span> <span class='ocrx_word' id='word_1_363' title='bbox 1779 1817 2008 1903; x_wconf 85' lang='lat' dir='ltr'><strong>egrediantur</strong></span> <span class='ocrx_word' id='word_1_364' title='bbox 2032 1840 2110 1886; x_wconf 91' lang='lat' dir='ltr'><strong>cum</strong></span> <span class='ocrx_word' id='word_1_365' title='bbox 2127 1816 2199 1885; x_wconf 89' lang='lat' dir='ltr'><strong>fre-</strong></span> 
     </span>
     <span class='ocr_line' id='line_1_58' title="bbox 1206 1914 2199 2006; baseline 0.003 -24"><span class='ocrx_word' id='word_1_366' title='bbox 1206 1915 1328 2006; x_wconf 87' lang='lat' dir='ltr'><strong>quenti</strong></span> <span class='ocrx_word' id='word_1_367' title='bbox 1346 1914 1534 1996; x_wconf 88' lang='lat' dir='ltr'><strong>comitatu,</strong></span> <span class='ocrx_word' id='word_1_368' title='bbox 1563 1915 1685 1982; x_wconf 88' lang='lat' dir='ltr'><strong>vident</strong></span> <span class='ocrx_word' id='word_1_369' title='bbox 1701 1938 1805 2004; x_wconf 86' lang='lat' dir='ltr'><strong>supra</strong></span> <span class='ocrx_word' id='word_1_370' title='bbox 1824 1941 1960 1999; x_wconf 87' lang='lat' dir='ltr'><strong>arcem,</strong></span> <span class='ocrx_word' id='word_1_371' title='bbox 1987 1919 2084 1985; x_wconf 92' lang='lat' dir='ltr'><strong>coelo</strong></span> <span class='ocrx_word' id='word_1_372' title='bbox 2105 1939 2199 1985; x_wconf 89' lang='lat' dir='ltr'><strong>sere·</strong></span> 
     </span>
     <span class='ocr_line' id='line_1_59' title="bbox 1206 2016 2198 2106; baseline 0.002 -23"><span class='ocrx_word' id='word_1_373' title='bbox 1206 2041 1269 2099; x_wconf 91' lang='lat' dir='ltr'><strong>no,</strong></span> <span class='ocrx_word' id='word_1_374' title='bbox 1296 2016 1486 2102; x_wconf 84' lang='lat' dir='ltr'><strong>fulgentem</strong></span> <span class='ocrx_word' id='word_1_375' title='bbox 1506 2039 1644 2082; x_wconf 87' lang='lat' dir='ltr'><strong>crucem</strong></span> <span class='ocrx_word' id='word_1_376' title='bbox 1666 2040 1896 2104; x_wconf 87' lang='lat' dir='ltr'><strong>purpuream,</strong></span> <span class='ocrx_word' id='word_1_377' title='bbox 1922 2018 2005 2087; x_wconf 90' lang='lat' dir='ltr'><strong>satis</strong></span> <span class='ocrx_word' id='word_1_378' title='bbox 2023 2040 2198 2106; x_wconf 85' lang='lat' dir='ltr'><strong>magnam,</strong></span> 
     </span>
     <span class='ocr_line' id='line_1_60' title="bbox 1206 2116 2199 2208; baseline 0.003 -22"><span class='ocrx_word' id='word_1_379' title='bbox 1206 2133 1239 2186; x_wconf 91' lang='lat' dir='ltr'><strong>et</strong></span> <span class='ocrx_word' id='word_1_380' title='bbox 1255 2118 1436 2208; x_wconf 87' lang='lat' dir='ltr'><strong>perspicue</strong></span> <span class='ocrx_word' id='word_1_381' title='bbox 1459 2139 1616 2204; x_wconf 87' lang='lat' dir='ltr'><strong>expressa</strong></span> <span class='ocrx_word' id='word_1_382' title='bbox 1636 2117 1757 2204; x_wconf 86' lang='lat' dir='ltr'><strong>figura.</strong></span> <span class='ocrx_word' id='word_1_383' title='bbox 1814 2116 1962 2188; x_wconf 85' lang='lat' dir='ltr'><strong>ibicum</strong></span> <span class='ocrx_word' id='word_1_384' title='bbox 1982 2119 2043 2187; x_wconf 94' lang='lat' dir='ltr'><strong>diu</strong></span> <span class='ocrx_word' id='word_1_385' title='bbox 2066 2133 2199 2189; x_wconf 90' lang='lat' dir='ltr'><strong>starent</strong></span> 
     </span>
     <span class='ocr_line' id='line_1_61' title="bbox 1206 2218 2199 2311; baseline 0.001 -24"><span class='ocrx_word' id='word_1_386' title='bbox 1206 2218 1346 2289; x_wconf 89' lang='lat' dir='ltr'><strong>attoniti</strong></span> <span class='ocrx_word' id='word_1_387' title='bbox 1368 2230 1597 2307; x_wconf 89' lang='lat' dir='ltr'><strong>spectatores,</strong></span> <span class='ocrx_word' id='word_1_388' title='bbox 1634 2219 1759 2287; x_wconf 89' lang='lat' dir='ltr'><strong>fratres</strong></span> <span class='ocrx_word' id='word_1_389' title='bbox 1780 2220 1937 2311; x_wconf 86' lang='lat' dir='ltr'><strong>colloqui</strong></span> <span class='ocrx_word' id='word_1_390' title='bbox 1955 2223 1999 2288; x_wconf 91' lang='lat' dir='ltr'><strong>de</strong></span> <span class='ocrx_word' id='word_1_391' title='bbox 2027 2221 2199 2309; x_wconf 87' lang='lat' dir='ltr'><strong>religione</strong></span> 
     </span>
     <span class='ocr_line' id='line_1_62' title="bbox 1206 2320 2199 2411; baseline 0 -21"><span class='ocrx_word' id='word_1_392' title='bbox 1206 2334 1413 2411; x_wconf 88' lang='lat' dir='ltr'><strong>coeperunt:</strong></span> <span class='ocrx_word' id='word_1_393' title='bbox 1446 2333 1480 2387; x_wconf 90' lang='lat' dir='ltr'><strong>et</strong></span> <span class='ocrx_word' id='word_1_394' title='bbox 1504 2344 1544 2386; x_wconf 90' lang='lat' dir='ltr'><strong>eo</strong></span> <span class='ocrx_word' id='word_1_395' title='bbox 1567 2321 1667 2406; x_wconf 91' lang='lat' dir='ltr'><strong>signo</strong></span> <span class='ocrx_word' id='word_1_396' title='bbox 1689 2320 1853 2408; x_wconf 90' lang='lat' dir='ltr'><strong>portendi</strong></span> <span class='ocrx_word' id='word_1_397' title='bbox 1870 2323 1988 2390; x_wconf 89' lang='lat' dir='ltr'><strong>futura</strong></span> <span class='ocrx_word' id='word_1_398' title='bbox 2006 2323 2199 2391; x_wconf 89' lang='lat' dir='ltr'><strong>certamina</strong></span> 
     </span>
     <span class='ocr_line' id='line_1_63' title="bbox 1205 2418 2198 2511; baseline -0.001 -21"><span class='ocrx_word' id='word_1_399' title='bbox 1205 2424 1248 2490; x_wconf 92' lang='lat' dir='ltr'><strong>de</strong></span> <span class='ocrx_word' id='word_1_400' title='bbox 1271 2422 1451 2503; x_wconf 88' lang='lat' dir='ltr'><strong>doct-rina,</strong></span> <span class='ocrx_word' id='word_1_401' title='bbox 1477 2434 1510 2489; x_wconf 90' lang='lat' dir='ltr'><strong>et</strong></span> <span class='ocrx_word' id='word_1_402' title='bbox 1535 2421 1660 2488; x_wconf 92' lang='lat' dir='ltr'><strong>domus</strong></span> <span class='ocrx_word' id='word_1_403' title='bbox 1688 2418 1881 2501; x_wconf 83' lang='lat' dir='ltr'><strong>Saxonicae</strong></span> <span class='ocrx_word' id='word_1_404' title='bbox 1905 2422 2080 2511; x_wconf 89' lang='lat' dir='ltr'><strong>pericula,</strong></span> <span class='ocrx_word' id='word_1_405' title='bbox 2107 2423 2198 2490; x_wconf 86' lang='lat' dir='ltr'><strong>vati-</strong></span> 
     </span>
     <span class='ocr_line' id='line_1_64' title="bbox 1206 2518 2197 2606; baseline 0.002 -17"><span class='ocrx_word' id='word_1_406' title='bbox 1206 2523 1313 2590; x_wconf 90' lang='lat' dir='ltr'><strong>cinati</strong></span> <span class='ocrx_word' id='word_1_407' title='bbox 1329 2536 1422 2590; x_wconf 90' lang='lat' dir='ltr'><strong>sunt.</strong></span> <span class='ocrx_word' id='word_1_408' title='bbox 1475 2518 1616 2590; x_wconf 83' lang='lat' dir='ltr'><strong>Accidit</strong></span> <span class='ocrx_word' id='word_1_409' title='bbox 1633 2523 1738 2590; x_wconf 91' lang='lat' dir='ltr'><strong>etiam</strong></span> <span class='ocrx_word' id='word_1_410' title='bbox 1763 2524 1834 2590; x_wconf 90' lang='lat' dir='ltr'><strong>illis</strong></span> <span class='ocrx_word' id='word_1_411' title='bbox 1849 2524 1969 2606; x_wconf 90' lang='lat' dir='ltr'><strong>annis,</strong></span> <span class='ocrx_word' id='word_1_412' title='bbox 1995 2536 2036 2592; x_wconf 94' lang='lat' dir='ltr'><strong>ut</strong></span> <span class='ocrx_word' id='word_1_413' title='bbox 2059 2546 2138 2591; x_wconf 90' lang='lat' dir='ltr'><strong>cum</strong></span> <span class='ocrx_word' id='word_1_414' title='bbox 2156 2546 2197 2591; x_wconf 83' lang='lat' dir='ltr'><strong>ex</strong></span> 
     </span>
     <span class='ocr_line' id='line_1_65' title="bbox 1206 2619 2197 2714; baseline 0 -21"><span class='ocrx_word' id='word_1_415' title='bbox 1206 2624 1348 2710; x_wconf 90' lang='lat' dir='ltr'><strong>Argelia</strong></span> <span class='ocrx_word' id='word_1_416' title='bbox 1371 2624 1408 2690; x_wconf 91' lang='lat' dir='ltr'><strong>in</strong></span> <span class='ocrx_word' id='word_1_417' title='bbox 1433 2619 1531 2691; x_wconf 82' lang='lat' dir='ltr'><strong>Albi·</strong></span> <span class='ocrx_word' id='word_1_418' title='bbox 1547 2624 1754 2712; x_wconf 89' lang='lat' dir='ltr'><strong>navigarent</strong></span> <span class='ocrx_word' id='word_1_419' title='bbox 1781 2623 2028 2711; x_wconf 88' lang='lat' dir='ltr'><strong>Witebergam</strong></span> <span class='ocrx_word' id='word_1_420' title='bbox 2059 2624 2096 2691; x_wconf 92' lang='lat' dir='ltr'><strong>in</strong></span> <span class='ocrx_word' id='word_1_421' title='bbox 2121 2624 2197 2714; x_wconf 89' lang='lat' dir='ltr'><strong>ipsa</strong></span> 
     </span>
     <span class='ocr_line' id='line_1_66' title="bbox 1206 2724 2197 2816; baseline 0 -23"><span class='ocrx_word' id='word_1_422' title='bbox 1206 2727 1349 2803; x_wconf 88' lang='lat' dir='ltr'><strong>bruma,</strong></span> <span class='ocrx_word' id='word_1_423' title='bbox 1377 2724 1476 2792; x_wconf 90' lang='lat' dir='ltr'><strong>navis</strong></span> <span class='ocrx_word' id='word_1_424' title='bbox 1501 2724 1637 2793; x_wconf 86' lang='lat' dir='ltr'><strong>duriter</strong></span> <span class='ocrx_word' id='word_1_425' title='bbox 1657 2739 1816 2816; x_wconf 89' lang='lat' dir='ltr'><strong>quassata</strong></span> <span class='ocrx_word' id='word_1_426' title='bbox 1839 2726 1883 2794; x_wconf 91' lang='lat' dir='ltr'><strong>sit</strong></span> <span class='ocrx_word' id='word_1_427' title='bbox 1906 2727 2034 2815; x_wconf 74' lang='lat' dir='ltr'><strong>glaeie,</strong></span> <span class='ocrx_word' id='word_1_428' title='bbox 2062 2739 2197 2795; x_wconf 90' lang='lat' dir='ltr'><strong>utnon</strong></span> 
     </span>
     <span class='ocr_line' id='line_1_67' title="bbox 1207 2822 2196 2914; baseline -0.001 -20"><span class='ocrx_word' id='word_1_429' title='bbox 1207 2849 1329 2914; x_wconf 89' lang='lat' dir='ltr'><strong>parvas</strong></span> <span class='ocrx_word' id='word_1_430' title='bbox 1346 2827 1456 2893; x_wconf 86' lang='lat' dir='ltr'><strong>moles</strong></span> <span class='ocrx_word' id='word_1_431' title='bbox 1471 2827 1649 2894; x_wconf 90' lang='lat' dir='ltr'><strong>interdum</strong></span> <span class='ocrx_word' id='word_1_432' title='bbox 1667 2822 1764 2896; x_wconf 89' lang='lat' dir='ltr'><strong>vehit</strong></span> <span class='ocrx_word' id='word_1_433' title='bbox 1774 2826 1889 2897; x_wconf 90' lang='lat' dir='ltr'><strong>Albis.</strong></span> <span class='ocrx_word' id='word_1_434' title='bbox 1923 2826 2061 2897; x_wconf 90' lang='lat' dir='ltr'><strong>Nolunt</strong></span> <span class='ocrx_word' id='word_1_435' title='bbox 2076 2841 2196 2897; x_wconf 88' lang='lat' dir='ltr'><strong>tamen</strong></span> 
     </span>
     <span class='ocr_line' id='line_1_68' title="bbox 1205 2926 2197 3019; baseline -0.002 -22"><span class='ocrx_word' id='word_1_436' title='bbox 1205 2926 1387 3016; x_wconf 86' lang='lat' dir='ltr'><strong>Principes</strong></span> <span class='ocrx_word' id='word_1_437' title='bbox 1405 2927 1525 2994; x_wconf 88' lang='lat' dir='ltr'><strong>navim</strong></span> <span class='ocrx_word' id='word_1_438' title='bbox 1544 2928 1588 2994; x_wconf 92' lang='lat' dir='ltr'><strong>ad</strong></span> <span class='ocrx_word' id='word_1_439' title='bbox 1613 2928 1727 3019; x_wconf 90' lang='lat' dir='ltr'><strong>ripam</strong></span> <span class='ocrx_word' id='word_1_440' title='bbox 1750 2930 1848 3018; x_wconf 88' lang='lat' dir='ltr'><strong>prius</strong></span> <span class='ocrx_word' id='word_1_441' title='bbox 1866 2929 2066 3018; x_wconf 90' lang='lat' dir='ltr'><strong>adplicare,</strong></span> <span class='ocrx_word' id='word_1_442' title='bbox 2091 2951 2197 3019; x_wconf 92' lang='lat' dir='ltr'><strong>quam</strong></span> 
     </span>
     <span class='ocr_line' id='line_1_69' title="bbox 1205 3025 2197 3121; baseline 0 -25"><span class='ocrx_word' id='word_1_443' title='bbox 1205 3025 1273 3097; x_wconf 92' lang='lat' dir='ltr'><strong>huc</strong></span> <span class='ocrx_word' id='word_1_444' title='bbox 1298 3031 1341 3095; x_wconf 92' lang='lat' dir='ltr'><strong>ad</strong></span> <span class='ocrx_word' id='word_1_445' title='bbox 1372 3051 1486 3096; x_wconf 89' lang='lat' dir='ltr'><strong>arcem</strong></span> <span class='ocrx_word' id='word_1_446' title='bbox 1510 3042 1653 3097; x_wconf 89' lang='lat' dir='ltr'><strong>ventum</strong></span> <span class='ocrx_word' id='word_1_447' title='bbox 1683 3043 1787 3098; x_wconf 90' lang='lat' dir='ltr'><strong>esset:</strong></span> <span class='ocrx_word' id='word_1_448' title='bbox 1825 3054 2027 3121; x_wconf 86' lang='lat' dir='ltr'><strong>quanquam</strong></span> <span class='ocrx_word' id='word_1_449' title='bbox 2058 3029 2197 3099; x_wconf 90' lang='lat' dir='ltr'><strong>tabulae</strong></span> 
     </span>
     <span class='ocr_line' id='line_1_70' title="bbox 1204 3123 2271 3217; baseline -0.003 -21"><span class='ocrx_word' id='word_1_450' title='bbox 1204 3129 1304 3196; x_wconf 89' lang='lat' dir='ltr'><strong>navis</strong></span> <span class='ocrx_word' id='word_1_451' title='bbox 1321 3129 1389 3195; x_wconf 86' lang='lat' dir='ltr'><strong>iarn</strong></span> <span class='ocrx_word' id='word_1_452' title='bbox 1407 3123 1586 3196; x_wconf 90' lang='lat' dir='ltr'><strong>debiscere</strong></span> <span class='ocrx_word' id='word_1_453' title='bbox 1603 3129 1832 3217; x_wconf 87' lang='lat' dir='ltr'><strong>incipiebant.</strong></span> <span class='ocrx_word' id='word_1_454' title='bbox 1885 3129 1977 3200; x_wconf 89' lang='lat' dir='ltr'><strong>Cum</strong></span> <span class='ocrx_word' id='word_1_455' title='bbox 1992 3143 2107 3199; x_wconf 88' lang='lat' dir='ltr'><strong>autem</strong></span> <span class='ocrx_word' id='word_1_456' title='bbox 2127 3124 2197 3197; x_wconf 91' lang='lat' dir='ltr'><strong>huc</strong></span> <span class='ocrx_word' id='word_1_457' title='bbox 2266 3170 2271 3192; x_wconf 87' lang='lat'><strong>.</strong></span> 
     </span>
     <span class='ocr_line' id='line_1_71' title="bbox 1205 3229 2197 3320; baseline 0 -24"><span class='ocrx_word' id='word_1_458' title='bbox 1205 3243 1347 3299; x_wconf 87' lang='lat' dir='ltr'><strong>ventum</strong></span> <span class='ocrx_word' id='word_1_459' title='bbox 1376 3242 1482 3313; x_wconf 89' lang='lat' dir='ltr'><strong>esset,</strong></span> <span class='ocrx_word' id='word_1_460' title='bbox 1518 3245 1552 3298; x_wconf 88' lang='lat' dir='ltr'><strong>et</strong></span> <span class='ocrx_word' id='word_1_461' title='bbox 1584 3232 1652 3298; x_wconf 80' lang='lat' dir='ltr'><strong>iam</strong></span> <span class='ocrx_word' id='word_1_462' title='bbox 1680 3229 1862 3320; x_wconf 88' lang='lat' dir='ltr'><strong>Principes</strong></span> <span class='ocrx_word' id='word_1_463' title='bbox 1889 3255 1931 3298; x_wconf 87' lang='lat' dir='ltr'><strong>ex</strong></span> <span class='ocrx_word' id='word_1_464' title='bbox 1957 3232 2040 3299; x_wconf 90' lang='lat' dir='ltr'><strong>navi</strong></span> <span class='ocrx_word' id='word_1_465' title='bbox 2068 3230 2197 3317; x_wconf 84' lang='lat' dir='ltr'><strong>egressi</strong></span> 
     </span>
     <span class='ocr_line' id='line_1_72' title="bbox 1204 3331 2195 3422; baseline -0.002 -23"><span class='ocrx_word' id='word_1_466' title='bbox 1204 3344 1337 3415; x_wconf 87' lang='lat' dir='ltr'><strong>essent,</strong></span> <span class='ocrx_word' id='word_1_467' title='bbox 1371 3332 1576 3422; x_wconf 88' lang='lat' dir='ltr'><strong>priusquam</strong></span> <span class='ocrx_word' id='word_1_468' title='bbox 1612 3331 1747 3422; x_wconf 91' lang='lat' dir='ltr'><strong>reliqua</strong></span> <span class='ocrx_word' id='word_1_469' title='bbox 1781 3332 1974 3402; x_wconf 90' lang='lat' dir='ltr'><strong>multitudo</strong></span> <span class='ocrx_word' id='word_1_470' title='bbox 2009 3333 2045 3398; x_wconf 89' lang='lat' dir='ltr'><strong>in</strong></span> <span class='ocrx_word' id='word_1_471' title='bbox 2080 3331 2195 3419; x_wconf 90' lang='lat' dir='ltr'><strong>ripam</strong></span> 
     </span>
     <span class='ocr_line' id='line_1_73' title="bbox 1205 3429 2194 3520; baseline -0.004 -20"><span class='ocrx_word' id='word_1_472' title='bbox 1205 3433 1378 3515; x_wconf 88' lang='lat' dir='ltr'><strong>ascendit,</strong></span> <span class='ocrx_word' id='word_1_473' title='bbox 1405 3433 1647 3501; x_wconf 84' lang='lat' dir='ltr'><strong>dissolvuntur</strong></span> <span class='ocrx_word' id='word_1_474' title='bbox 1664 3433 1824 3512; x_wconf 85' lang='lat' dir='ltr'><strong>tabulae,</strong></span> <span class='ocrx_word' id='word_1_475' title='bbox 1851 3445 1885 3501; x_wconf 86' lang='lat' dir='ltr'><strong>et</strong></span> <span class='ocrx_word' id='word_1_476' title='bbox 1907 3433 2033 3520; x_wconf 90' lang='lat' dir='ltr'><strong>passim</strong></span> <span class='ocrx_word' id='word_1_477' title='bbox 2055 3431 2093 3496; x_wconf 92' lang='lat' dir='ltr'><strong>in</strong></span> <span class='ocrx_word' id='word_1_478' title='bbox 2109 3429 2194 3499; x_wconf 94' lang='lat' dir='ltr'><strong>Albi</strong></span> 
     </span>
     <span class='ocr_line' id='line_1_74' title="bbox 1205 3532 2195 3620; baseline -0.002 -20"><span class='ocrx_word' id='word_1_479' title='bbox 1205 3546 1337 3601; x_wconf 89' lang='lat' dir='ltr'><strong>natant.</strong></span> <span class='ocrx_word' id='word_1_480' title='bbox 1390 3533 1492 3601; x_wconf 90' lang='lat' dir='ltr'><strong>Stant</strong></span> <span class='ocrx_word' id='word_1_481' title='bbox 1508 3532 1613 3599; x_wconf 91' lang='lat' dir='ltr'><strong>simul</strong></span> <span class='ocrx_word' id='word_1_482' title='bbox 1630 3534 1754 3598; x_wconf 80' lang='lat' dir='ltr'><strong>fratres</strong></span> <span class='ocrx_word' id='word_1_483' title='bbox 1769 3532 1806 3597; x_wconf 93' lang='lat' dir='ltr'><strong>in</strong></span> <span class='ocrx_word' id='word_1_484' title='bbox 1823 3532 1913 3620; x_wconf 89' lang='lat' dir='ltr'><strong>ripa,</strong></span> <span class='ocrx_word' id='word_1_485' title='bbox 1939 3545 1973 3599; x_wconf 92' lang='lat' dir='ltr'><strong>et</strong></span> <span class='ocrx_word' id='word_1_486' title='bbox 1987 3532 2145 3598; x_wconf 85' lang='lat' dir='ltr'><strong>fatentur</strong></span> <span class='ocrx_word' id='word_1_487' title='bbox 2159 3553 2195 3598; x_wconf 89' lang='lat' dir='ltr'><strong>se</strong></span> 
     </span>
     <span class='ocr_line' id='line_1_75' title="bbox 1203 3629 2194 3701; baseline -0.002 -1"><span class='ocrx_word' id='word_1_488' title='bbox 1203 3634 1376 3700; x_wconf 87' lang='lat' dir='ltr'><strong>divinitus</strong></span> <span class='ocrx_word' id='word_1_489' title='bbox 1399 3645 1554 3698; x_wconf 87' lang='lat' dir='ltr'><strong>servatos</strong></span> <span class='ocrx_word' id='word_1_490' title='bbox 1575 3654 1659 3701; x_wconf 88' lang='lat' dir='ltr'><strong>esse.</strong></span> <span class='ocrx_word' id='word_1_491' title='bbox 1723 3629 1924 3700; x_wconf 84' lang='lat' dir='ltr'><strong>Fridericus</strong></span> <span class='ocrx_word' id='word_1_492' title='bbox 1947 3632 2051 3700; x_wconf 88' lang='lat' dir='ltr'><strong>etiam</strong></span> <span class='ocrx_word' id='word_1_493' title='bbox 2079 3632 2194 3700; x_wconf 91' lang='lat' dir='ltr'><strong>addit:</strong></span> 
     </span>
     <span class='ocr_line' id='line_1_76' title="bbox 1204 3727 2194 3821; baseline -0.001 -20"><span class='ocrx_word' id='word_1_494' title='bbox 1204 3732 1349 3802; x_wconf 91' lang='lat' dir='ltr'><strong>Utinam</strong></span> <span class='ocrx_word' id='word_1_495' title='bbox 1373 3727 1456 3798; x_wconf 88' lang='lat' dir='ltr'><strong>baec</strong></span> <span class='ocrx_word' id='word_1_496' title='bbox 1481 3733 1580 3799; x_wconf 89' lang='lat' dir='ltr'><strong>navis</strong></span> <span class='ocrx_word' id='word_1_497' title='bbox 1602 3755 1675 3799; x_wconf 89' lang='lat' dir='ltr'><strong>non</strong></span> <span class='ocrx_word' id='word_1_498' title='bbox 1697 3732 1866 3820; x_wconf 86' lang='lat' dir='ltr'><strong>significet</strong></span> <span class='ocrx_word' id='word_1_499' title='bbox 1888 3732 2112 3821; x_wconf 87' lang='lat' dir='ltr'><strong>naufragium</strong></span> <span class='ocrx_word' id='word_1_500' title='bbox 2128 3735 2194 3800; x_wconf 92' lang='lat' dir='ltr'><strong>do·</strong></span> 
     </span>
     <span class='ocr_line' id='line_1_77' title="bbox 1204 3833 1622 3902; baseline 0.002 -3"><span class='ocrx_word' id='word_1_501' title='bbox 1204 3833 1502 3902; x_wconf 85' lang='lat' dir='ltr'><strong>musSaxonicac.</strong></span> <span class='ocrx_word' id='word_1_502' title='bbox 1617 3876 1622 3884; x_wconf 89' lang='lat'>·</span> 
     </span>
    </p>

    <p class='ocr_par' dir='ltr' id='par_1_8' title="bbox 1202 3932 2195 4330">
     <span class='ocr_line' id='line_1_78' title="bbox 1305 3932 2194 4024; baseline 0.002 -22"><span class='ocrx_word' id='word_1_503' title='bbox 1305 3933 1388 4002; x_wconf 88' lang='lat' dir='ltr'><strong>Fuit</strong></span> <span class='ocrx_word' id='word_1_504' title='bbox 1415 3946 1533 4001; x_wconf 90' lang='lat' dir='ltr'><strong>antem</strong></span> <span class='ocrx_word' id='word_1_505' title='bbox 1565 3947 1737 4020; x_wconf 84' lang='lat' dir='ltr'><strong>postrema</strong></span> <span class='ocrx_word' id='word_1_506' title='bbox 1770 3933 1917 4024; x_wconf 89' lang='lat' dir='ltr'><strong>epistola</strong></span> <span class='ocrx_word' id='word_1_507' title='bbox 1944 3932 2115 4006; x_wconf 84' lang='lat' dir='ltr'><strong>Friderici</strong></span> <span class='ocrx_word' id='word_1_508' title='bbox 2148 3936 2194 4004; x_wconf 88' lang='lat' dir='ltr'><strong>ad</strong></span> 
     </span>
     <span class='ocr_line' id='line_1_79' title="bbox 1203 4034 2195 4126; baseline -0.002 -21"><span class='ocrx_word' id='word_1_509' title='bbox 1203 4039 1363 4116; x_wconf 89' lang='lat' dir='ltr'><strong>fratrem,</strong></span> <span class='ocrx_word' id='word_1_510' title='bbox 1385 4034 1514 4123; x_wconf 86' lang='lat' dir='ltr'><strong>scripta</strong></span> <span class='ocrx_word' id='word_1_511' title='bbox 1532 4035 1651 4102; x_wconf 91' lang='lat' dir='ltr'><strong>triduo</strong></span> <span class='ocrx_word' id='word_1_512' title='bbox 1668 4050 1749 4105; x_wconf 89' lang='lat' dir='ltr'><strong>ante</strong></span> <span class='ocrx_word' id='word_1_513' title='bbox 1764 4051 1932 4118; x_wconf 88' lang='lat' dir='ltr'><strong>mortem,</strong></span> <span class='ocrx_word' id='word_1_514' title='bbox 1958 4038 1996 4113; x_wconf 90' lang='lat' dir='ltr'><strong>in</strong></span> <span class='ocrx_word' id='word_1_515' title='bbox 2020 4037 2096 4126; x_wconf 92' lang='lat' dir='ltr'><strong>ipso</strong></span> <span class='ocrx_word' id='word_1_516' title='bbox 2123 4036 2195 4103; x_wconf 91' lang='lat' dir='ltr'><strong>ini-</strong></span> 
     </span>
     <span class='ocr_line' id='line_1_80' title="bbox 1203 4136 2195 4228; baseline -0.001 -21"><span class='ocrx_word' id='word_1_517' title='bbox 1203 4138 1255 4207; x_wconf 90' lang='lat' dir='ltr'><strong>tio</strong></span> <span class='ocrx_word' id='word_1_518' title='bbox 1277 4136 1445 4205; x_wconf 81' lang='lat' dir='ltr'><strong>rusticani</strong></span> <span class='ocrx_word' id='word_1_519' title='bbox 1468 4136 1657 4216; x_wconf 85' lang='lat' dir='ltr'><strong>tumultus,</strong></span> <span class='ocrx_word' id='word_1_520' title='bbox 1692 4138 1754 4228; x_wconf 90' lang='lat' dir='ltr'><strong>qui</strong></span> <span class='ocrx_word' id='word_1_521' title='bbox 1777 4162 1849 4205; x_wconf 89' lang='lat' dir='ltr'><strong>non</strong></span> <span class='ocrx_word' id='word_1_522' title='bbox 1873 4139 1995 4227; x_wconf 87' lang='lat' dir='ltr'><strong>procul</strong></span> <span class='ocrx_word' id='word_1_523' title='bbox 2018 4139 2063 4206; x_wconf 87' lang='lat' dir='ltr'><strong>ab</strong></span> <span class='ocrx_word' id='word_1_524' title='bbox 2088 4136 2195 4208; x_wconf 79' lang='lat' dir='ltr'><strong>Ulnia</strong></span> 
     </span>
     <span class='ocr_line' id='line_1_81' title="bbox 1202 4236 2194 4330; baseline -0.002 -21"><span class='ocrx_word' id='word_1_525' title='bbox 1202 4253 1301 4309; x_wconf 89' lang='lat' dir='ltr'><strong>ortus</strong></span> <span class='ocrx_word' id='word_1_526' title='bbox 1331 4250 1475 4329; x_wconf 86' lang='lat' dir='ltr'><strong>propter</strong></span> <span class='ocrx_word' id='word_1_527' title='bbox 1505 4238 1728 4330; x_wconf 89' lang='lat' dir='ltr'><strong>tyrannidem</strong></span> <span class='ocrx_word' id='word_1_528' title='bbox 1753 4236 1902 4308; x_wconf 88' lang='lat' dir='ltr'><strong>Abbatis</strong></span> <span class='ocrx_word' id='word_1_529' title='bbox 1929 4240 2111 4308; x_wconf 87' lang='lat' dir='ltr'><strong>cuiusdam</strong></span> <span class='ocrx_word' id='word_1_530' title='bbox 2136 4239 2194 4307; x_wconf 91' lang='lat' dir='ltr'><strong>in-</strong></span> 
     </span>
    </p>
   </div>
   <div class='ocr_carea' id='block_1_6' title="bbox 161 4338 2194 4432">
    <p class='ocr_par' dir='ltr' id='par_1_9' title="bbox 161 4338 2194 4432">
     <span class='ocr_line' id='line_1_82' title="bbox 161 4338 2194 4432; baseline -0 -21"><span class='ocrx_word' id='word_1_531' title='bbox 161 4341 277 4411; x_wconf 87' lang='lat' dir='ltr'><strong>simile</strong></span> <span class='ocrx_word' id='word_1_532' title='bbox 307 4339 517 4428; x_wconf 82' lang='lat' dir='ltr'><strong>exemplum.</strong></span> <span class='ocrx_word' id='word_1_533' title='bbox 584 4338 682 4410; x_wconf 89' lang='lat' dir='ltr'><strong>lnter</strong></span> <span class='ocrx_word' id='word_1_534' title='bbox 704 4362 810 4432; x_wconf 91' lang='lat' dir='ltr'><strong>quos,</strong></span> <span class='ocrx_word' id='word_1_535' title='bbox 843 4362 1045 4431; x_wconf 88' lang='lat' dir='ltr'><strong>quanquam</strong></span> <span class='ocrx_word' id='word_1_536' title='bbox 1069 4359 1153 4427; x_wconf 89' lang='lat' dir='ltr'><strong>opes</strong></span> <span class='ocrx_word' id='word_1_537' title='bbox 1203 4341 1357 4429; x_wconf 88' lang='lat' dir='ltr'><strong>signem,</strong></span> <span class='ocrx_word' id='word_1_538' title='bbox 1382 4354 1423 4408; x_wconf 91' lang='lat' dir='ltr'><strong>ut</strong></span> <span class='ocrx_word' id='word_1_539' title='bbox 1445 4354 1540 4409; x_wconf 90' lang='lat' dir='ltr'><strong>certo</strong></span> <span class='ocrx_word' id='word_1_540' title='bbox 1562 4363 1709 4408; x_wconf 88' lang='lat' dir='ltr'><strong>narrare</strong></span> <span class='ocrx_word' id='word_1_541' title='bbox 1731 4364 1885 4431; x_wconf 88' lang='lat' dir='ltr'><strong>possem,</strong></span> <span class='ocrx_word' id='word_1_542' title='bbox 1912 4355 2120 4431; x_wconf 87' lang='lat' dir='ltr'><strong>pervagatus</strong></span> <span class='ocrx_word' id='word_1_543' title='bbox 2144 4356 2194 4410; x_wconf 90' lang='lat' dir='ltr'><strong>est</strong></span> 
     </span>
    </p>
   </div>
   <div class='ocr_carea' id='block_1_7' title="bbox 162 4438 2308 4532">
    <p class='ocr_par' dir='ltr' id='par_1_10' title="bbox 162 4438 2308 4532">
     <span class='ocr_line' id='line_1_83' title="bbox 162 4438 2308 4532; baseline -0.001 -21"><span class='ocrx_word' id='word_1_544' title='bbox 162 4466 286 4511; x_wconf 89' lang='lat' dir='ltr'><strong>eorum</strong></span> <span class='ocrx_word' id='word_1_545' title='bbox 305 4439 457 4507; x_wconf 90' lang='lat' dir='ltr'><strong>maiores</strong></span> <span class='ocrx_word' id='word_1_546' title='bbox 469 4454 569 4510; x_wconf 88' lang='lat' dir='ltr'><strong>erant</strong></span> <span class='ocrx_word' id='word_1_547' title='bbox 594 4457 628 4511; x_wconf 90' lang='lat' dir='ltr'><strong>et</strong></span> <span class='ocrx_word' id='word_1_548' title='bbox 654 4442 768 4509; x_wconf 92' lang='lat' dir='ltr'><strong>maior</strong></span> <span class='ocrx_word' id='word_1_549' title='bbox 783 4442 874 4512; x_wconf 89' lang='lat' dir='ltr'><strong>vitae</strong></span> <span class='ocrx_word' id='word_1_550' title='bbox 889 4439 1154 4521; x_wconf 87' lang='lat' dir='ltr'><strong>dissimilitudo,</strong></span> <span class='ocrx_word' id='word_1_551' title='bbox 1204 4443 1313 4511; x_wconf 91' lang='lat' dir='ltr'><strong>multa</strong></span> <span class='ocrx_word' id='word_1_552' title='bbox 1333 4439 1548 4511; x_wconf 85' lang='lat' dir='ltr'><strong>Germaniae</strong></span> <span class='ocrx_word' id='word_1_553' title='bbox 1561 4442 1648 4514; x_wconf 86' lang='lat' dir='ltr'><strong>loca.</strong></span> <span class='ocrx_word' id='word_1_554' title='bbox 1689 4439 1733 4510; x_wconf 93' lang='lat' dir='ltr'><strong>ln</strong></span> <span class='ocrx_word' id='word_1_555' title='bbox 1750 4438 2195 4532; x_wconf 86' lang='lat' dir='ltr'><strong>hacepistolaconsolatur</strong></span> <span class='ocrx_word' id='word_1_556' title='bbox 2305 4473 2308 4480; x_wconf 95' lang='lat'>·</span> 
     </span>
    </p>
   </div>
   <div class='ocr_carea' id='block_1_8' title="bbox 159 4539 2196 4936">
    <p class='ocr_par' dir='ltr' id='par_1_11' title="bbox 159 4539 2196 4936">
     <span class='ocr_line' id='line_1_84' title="bbox 159 4539 2194 4630; baseline -0.003 -14"><span class='ocrx_word' id='word_1_557' title='bbox 159 4559 282 4617; x_wconf 88' lang='lat' dir='ltr'><strong>tamen</strong></span> <span class='ocrx_word' id='word_1_558' title='bbox 309 4540 407 4609; x_wconf 91' lang='lat' dir='ltr'><strong>nulla</strong></span> <span class='ocrx_word' id='word_1_559' title='bbox 429 4539 603 4609; x_wconf 89' lang='lat' dir='ltr'><strong>discordia</strong></span> <span class='ocrx_word' id='word_1_560' title='bbox 626 4556 701 4611; x_wconf 87' lang='lat' dir='ltr'><strong>orta</strong></span> <span class='ocrx_word' id='word_1_561' title='bbox 726 4556 787 4615; x_wconf 88' lang='lat' dir='ltr'><strong>est.</strong></span> <span class='ocrx_word' id='word_1_562' title='bbox 835 4540 976 4614; x_wconf 85' lang='lat' dir='ltr'><strong>Recitat</strong></span> <span class='ocrx_word' id='word_1_563' title='bbox 1001 4555 1153 4610; x_wconf 89' lang='lat' dir='ltr'><strong>vetustas</strong></span> <span class='ocrx_word' id='word_1_564' title='bbox 1176 4554 1178 4558; x_wconf 84' lang='lat'>&#39;</span> <span class='ocrx_word' id='word_1_565' title='bbox 1203 4546 1365 4627; x_wconf 85' lang='lat' dir='ltr'><strong>fratrem,</strong></span> <span class='ocrx_word' id='word_1_566' title='bbox 1391 4557 1512 4613; x_wconf 88' lang='lat' dir='ltr'><strong>narrat</strong></span> <span class='ocrx_word' id='word_1_567' title='bbox 1526 4543 1647 4610; x_wconf 92' lang='lat' dir='ltr'><strong>divina</strong></span> <span class='ocrx_word' id='word_1_568' title='bbox 1665 4543 1850 4612; x_wconf 88' lang='lat' dir='ltr'><strong>clementia</strong></span> <span class='ocrx_word' id='word_1_569' title='bbox 1868 4544 1905 4612; x_wconf 86' lang='lat' dir='ltr'><strong>in</strong></span> <span class='ocrx_word' id='word_1_570' title='bbox 1922 4543 2043 4612; x_wconf 91' lang='lat' dir='ltr'><strong>multis</strong></span> <span class='ocrx_word' id='word_1_571' title='bbox 2057 4541 2194 4630; x_wconf 85' lang='lat' dir='ltr'><strong>magnis</strong></span> 
     </span>
     <span class='ocr_line' id='line_1_85' title="bbox 161 4639 2194 4741; baseline -0.001 -26"><span class='ocrx_word' id='word_1_572' title='bbox 161 4643 341 4716; x_wconf 88' lang='lat' dir='ltr'><strong>Castorem</strong></span> <span class='ocrx_word' id='word_1_573' title='bbox 360 4655 394 4711; x_wconf 92' lang='lat' dir='ltr'><strong>et</strong></span> <span class='ocrx_word' id='word_1_574' title='bbox 411 4640 611 4725; x_wconf 88' lang='lat' dir='ltr'><strong>Pollucem,</strong></span> <span class='ocrx_word' id='word_1_575' title='bbox 636 4643 761 4713; x_wconf 88' lang='lat' dir='ltr'><strong>fratres</strong></span> <span class='ocrx_word' id='word_1_576' title='bbox 781 4643 981 4734; x_wconf 89' lang='lat' dir='ltr'><strong>Scipiones,</strong></span> <span class='ocrx_word' id='word_1_577' title='bbox 1001 4643 1154 4732; x_wconf 89' lang='lat' dir='ltr'><strong>impera·</strong></span> <span class='ocrx_word' id='word_1_578' title='bbox 1204 4646 1369 4736; x_wconf 90' lang='lat' dir='ltr'><strong>periculis</strong></span> <span class='ocrx_word' id='word_1_579' title='bbox 1392 4668 1428 4712; x_wconf 89' lang='lat' dir='ltr'><strong>se</strong></span> <span class='ocrx_word' id='word_1_580' title='bbox 1450 4657 1484 4712; x_wconf 92' lang='lat' dir='ltr'><strong>et</strong></span> <span class='ocrx_word' id='word_1_581' title='bbox 1506 4646 1648 4712; x_wconf 90' lang='lat' dir='ltr'><strong>fratrem</strong></span> <span class='ocrx_word' id='word_1_582' title='bbox 1674 4657 1944 4741; x_wconf 29' lang='lat' dir='ltr'><strong>servatosoesse‚</strong></span> <span class='ocrx_word' id='word_1_583' title='bbox 1976 4645 2053 4713; x_wconf 89' lang='lat' dir='ltr'><strong>fore</strong></span> <span class='ocrx_word' id='word_1_584' title='bbox 2077 4639 2194 4715; x_wconf 90' lang='lat' dir='ltr'><strong>Deum</strong></span> 
     </span>
     <span class='ocr_line' id='line_1_86' title="bbox 159 4739 2196 4835; baseline -0.003 -16"><span class='ocrx_word' id='word_1_585' title='bbox 159 4763 254 4819; x_wconf 90' lang='lat' dir='ltr'><strong>tores</strong></span> <span class='ocrx_word' id='word_1_586' title='bbox 269 4743 493 4826; x_wconf 89' lang='lat' dir='ltr'><strong>Antoninos,</strong></span> <span class='ocrx_word' id='word_1_587' title='bbox 519 4743 668 4830; x_wconf 89' lang='lat' dir='ltr'><strong>collegas</strong></span> <span class='ocrx_word' id='word_1_588' title='bbox 685 4742 847 4814; x_wconf 89' lang='lat' dir='ltr'><strong>Marcum</strong></span> <span class='ocrx_word' id='word_1_589' title='bbox 870 4760 904 4815; x_wconf 91' lang='lat' dir='ltr'><strong>et</strong></span> <span class='ocrx_word' id='word_1_590' title='bbox 919 4744 1065 4814; x_wconf 89' lang='lat' dir='ltr'><strong>Verum.</strong></span> <span class='ocrx_word' id='word_1_591' title='bbox 1107 4739 1153 4812; x_wconf 84' lang='lat' dir='ltr'><strong>Et</strong></span> <span class='ocrx_word' id='word_1_592' title='bbox 1204 4749 1384 4817; x_wconf 88' lang='lat' dir='ltr'><strong>custodem</strong></span> <span class='ocrx_word' id='word_1_593' title='bbox 1403 4740 1510 4813; x_wconf 90' lang='lat' dir='ltr'><strong>huius</strong></span> <span class='ocrx_word' id='word_1_594' title='bbox 1530 4746 1684 4834; x_wconf 88' lang='lat' dir='ltr'><strong>regionis</strong></span> <span class='ocrx_word' id='word_1_595' title='bbox 1705 4745 1809 4814; x_wconf 83' lang='lat' dir='ltr'><strong>etiarn</strong></span> <span class='ocrx_word' id='word_1_596' title='bbox 1829 4746 2006 4835; x_wconf 89' lang='lat' dir='ltr'><strong>deinceps,</strong></span> <span class='ocrx_word' id='word_1_597' title='bbox 2033 4745 2196 4813; x_wconf 88' lang='lat' dir='ltr'><strong>neclan-</strong></span> 
     </span>
     <span class='ocr_line' id='line_1_87' title="bbox 163 4841 2196 4936; baseline -0.002 -18"><span class='ocrx_word' id='word_1_598' title='bbox 163 4845 250 4919; x_wconf 86' lang='lat' dir='ltr'><strong>haec</strong></span> <span class='ocrx_word' id='word_1_599' title='bbox 266 4861 360 4916; x_wconf 90' lang='lat' dir='ltr'><strong>aetas</strong></span> <span class='ocrx_word' id='word_1_600' title='bbox 379 4845 509 4914; x_wconf 87' lang='lat' dir='ltr'><strong>intueri</strong></span> <span class='ocrx_word' id='word_1_601' title='bbox 525 4845 629 4913; x_wconf 89' lang='lat' dir='ltr'><strong>debet</strong></span> <span class='ocrx_word' id='word_1_602' title='bbox 644 4841 810 4914; x_wconf 85' lang='lat' dir='ltr'><strong>Carolum</strong></span> <span class='ocrx_word' id='word_1_603' title='bbox 823 4860 859 4916; x_wconf 89' lang='lat' dir='ltr'><strong>et</strong></span> <span class='ocrx_word' id='word_1_604' title='bbox 874 4847 903 4915; x_wconf 81' lang='lat' dir='ltr'><strong>F</strong></span> <span class='ocrx_word' id='word_1_605' title='bbox 904 4847 1153 4916; x_wconf 82' lang='lat' dir='ltr'><strong>ordinandum.</strong></span> <span class='ocrx_word' id='word_1_606' title='bbox 1204 4871 1285 4936; x_wconf 90' lang='lat' dir='ltr'><strong>gum</strong></span> <span class='ocrx_word' id='word_1_607' title='bbox 1300 4847 1374 4915; x_wconf 93' lang='lat' dir='ltr'><strong>fore</strong></span> <span class='ocrx_word' id='word_1_608' title='bbox 1389 4841 1485 4914; x_wconf 90' lang='lat' dir='ltr'><strong>hunc</strong></span> <span class='ocrx_word' id='word_1_609' title='bbox 1499 4870 1652 4915; x_wconf 87' lang='lat' dir='ltr'><strong>errorem</strong></span> <span class='ocrx_word' id='word_1_610' title='bbox 1668 4847 1797 4935; x_wconf 88' lang='lat' dir='ltr'><strong>plebis:</strong></span> <span class='ocrx_word' id='word_1_611' title='bbox 1824 4847 1883 4916; x_wconf 88' lang='lat' dir='ltr'><strong>sed</strong></span> <span class='ocrx_word' id='word_1_612' title='bbox 1899 4848 2095 4915; x_wconf 88' lang='lat' dir='ltr'><strong>curandum</strong></span> <span class='ocrx_word' id='word_1_613' title='bbox 2111 4869 2196 4929; x_wconf 88' lang='lat' dir='ltr'><strong>esse,</strong></span> 
     </span>
    </p>
   </div>
   <div class='ocr_carea' id='block_1_9' title="bbox 157 4940 2198 5443">
    <p class='ocr_par' dir='ltr' id='par_1_12' title="bbox 157 4940 2198 5443">
     <span class='ocr_line' id='line_1_88' title="bbox 266 4940 2196 5039; baseline -0.002 -21"><span class='ocrx_word' id='word_1_614' title='bbox 266 4944 330 5018; x_wconf 86' lang='lat' dir='ltr'><strong>Est</strong></span> <span class='ocrx_word' id='word_1_615' title='bbox 361 4960 475 5016; x_wconf 89' lang='lat' dir='ltr'><strong>autem</strong></span> <span class='ocrx_word' id='word_1_616' title='bbox 506 4968 569 5036; x_wconf 92' lang='lat' dir='ltr'><strong>per</strong></span> <span class='ocrx_word' id='word_1_617' title='bbox 598 4956 672 5013; x_wconf 85' lang='lat' dir='ltr'><strong>sese</strong></span> <span class='ocrx_word' id='word_1_618' title='bbox 703 4945 815 5014; x_wconf 87' lang='lat' dir='ltr'><strong>virtus</strong></span> <span class='ocrx_word' id='word_1_619' title='bbox 845 4949 1000 5038; x_wconf 87' lang='lat' dir='ltr'><strong>egregia,</strong></span> <span class='ocrx_word' id='word_1_620' title='bbox 1032 4961 1153 5021; x_wconf 85' lang='lat' dir='ltr'><strong>mutua</strong></span> <span class='ocrx_word' id='word_1_621' title='bbox 1204 4962 1242 5018; x_wconf 91' lang='lat' dir='ltr'><strong>ut</strong></span> <span class='ocrx_word' id='word_1_622' title='bbox 1260 4971 1322 5039; x_wconf 92' lang='lat' dir='ltr'><strong>per</strong></span> <span class='ocrx_word' id='word_1_623' title='bbox 1341 4945 1502 5016; x_wconf 90' lang='lat' dir='ltr'><strong>Pastores</strong></span> <span class='ocrx_word' id='word_1_624' title='bbox 1518 4949 1561 5016; x_wconf 92' lang='lat' dir='ltr'><strong>de</strong></span> <span class='ocrx_word' id='word_1_625' title='bbox 1576 4948 1692 5016; x_wconf 82' lang='lat' dir='ltr'><strong>officio</strong></span> <span class='ocrx_word' id='word_1_626' title='bbox 1709 4971 1773 5015; x_wconf 90' lang='lat' dir='ltr'><strong>suo</strong></span> <span class='ocrx_word' id='word_1_627' title='bbox 1790 4940 2059 5018; x_wconf 90' lang='lat' dir='ltr'><strong>bominesrecte</strong></span> <span class='ocrx_word' id='word_1_628' title='bbox 2074 4947 2196 5019; x_wconf 90' lang='lat' dir='ltr'><strong>erudi-</strong></span> 
     </span>
     <span class='ocr_line' id='line_1_89' title="bbox 164 5044 2197 5147; baseline -0.002 -27"><span class='ocrx_word' id='word_1_629' title='bbox 164 5045 303 5147; x_wconf 74' lang='grc' dir='ltr'><strong><em>στοργὴ</em></strong></span> <span class='ocrx_word' id='word_1_630' title='bbox 326 5050 364 5116; x_wconf 94' lang='lat' dir='ltr'><strong>in</strong></span> <span class='ocrx_word' id='word_1_631' title='bbox 382 5047 567 5126; x_wconf 88' lang='lat' dir='ltr'><strong>fratribus,</strong></span> <span class='ocrx_word' id='word_1_632' title='bbox 588 5060 621 5117; x_wconf 88' lang='lat' dir='ltr'><strong>et</strong></span> <span class='ocrx_word' id='word_1_633' title='bbox 635 5069 710 5115; x_wconf 91' lang='lat' dir='ltr'><strong>non</strong></span> <span class='ocrx_word' id='word_1_634' title='bbox 731 5046 807 5114; x_wconf 87' lang='lat' dir='ltr'><strong>siue</strong></span> <span class='ocrx_word' id='word_1_635' title='bbox 825 5050 947 5121; x_wconf 92' lang='lat' dir='ltr'><strong>multis</strong></span> <span class='ocrx_word' id='word_1_636' title='bbox 965 5049 1155 5121; x_wconf 89' lang='lat' dir='ltr'><strong>virtutibus</strong></span> <span class='ocrx_word' id='word_1_637' title='bbox 1204 5063 1338 5121; x_wconf 90' lang='lat' dir='ltr'><strong>rentur.</strong></span> <span class='ocrx_word' id='word_1_638' title='bbox 1396 5045 1444 5117; x_wconf 83' lang='lat' dir='ltr'><strong>Et</strong></span> <span class='ocrx_word' id='word_1_639' title='bbox 1471 5062 1510 5117; x_wconf 91' lang='lat' dir='ltr'><strong>ut</strong></span> <span class='ocrx_word' id='word_1_640' title='bbox 1537 5049 1610 5138; x_wconf 93' lang='lat' dir='ltr'><strong>ipse</strong></span> <span class='ocrx_word' id='word_1_641' title='bbox 1639 5044 1768 5118; x_wconf 88' lang='lat' dir='ltr'><strong>habeat</strong></span> <span class='ocrx_word' id='word_1_642' title='bbox 1790 5049 1988 5140; x_wconf 80' lang='lat' dir='ltr'><strong>praesidia..</strong></span> <span class='ocrx_word' id='word_1_643' title='bbox 2019 5064 2052 5119; x_wconf 86' lang='lat' dir='ltr'><strong>et</strong></span> <span class='ocrx_word' id='word_1_644' title='bbox 2077 5044 2197 5138; x_wconf 76' lang='lat' dir='ltr'><strong>paucis</strong></span> 
     </span>
     <span class='ocr_line' id='line_1_90' title="bbox 162 5146 2198 5240; baseline -0.002 -19"><span class='ocrx_word' id='word_1_645' title='bbox 162 5151 310 5222; x_wconf 90' lang='lat' dir='ltr'><strong>retineri</strong></span> <span class='ocrx_word' id='word_1_646' title='bbox 331 5146 416 5219; x_wconf 88' lang='lat' dir='ltr'><strong>haec</strong></span> <span class='ocrx_word' id='word_1_647' title='bbox 442 5148 685 5218; x_wconf 86' lang='lat' dir='ltr'><strong>benevolentia</strong></span> <span class='ocrx_word' id='word_1_648' title='bbox 699 5159 833 5238; x_wconf 89' lang='lat' dir='ltr'><strong>potest.</strong></span> <span class='ocrx_word' id='word_1_649' title='bbox 887 5147 960 5221; x_wconf 89' lang='lat' dir='ltr'><strong>lmo</strong></span> <span class='ocrx_word' id='word_1_650' title='bbox 981 5177 1026 5220; x_wconf 91' lang='lat' dir='ltr'><strong>ne</strong></span> <span class='ocrx_word' id='word_1_651' title='bbox 1043 5165 1155 5240; x_wconf 87' lang='lat' dir='ltr'><strong>potest</strong></span> <span class='ocrx_word' id='word_1_652' title='bbox 1205 5148 1379 5239; x_wconf 84' lang='lat' dir='ltr'><strong>castigatis</strong></span> <span class='ocrx_word' id='word_1_653' title='bbox 1395 5164 1549 5239; x_wconf 89' lang='lat' dir='ltr'><strong>parceret</strong></span> <span class='ocrx_word' id='word_1_654' title='bbox 1565 5150 1798 5219; x_wconf 86' lang='lat' dir='ltr'><strong>multitudini.</strong></span> <span class='ocrx_word' id='word_1_655' title='bbox 1831 5151 1967 5221; x_wconf 89' lang='lat' dir='ltr'><strong>Deinde</strong></span> <span class='ocrx_word' id='word_1_656' title='bbox 1982 5153 2052 5239; x_wconf 90' lang='lat' dir='ltr'><strong>agit</strong></span> <span class='ocrx_word' id='word_1_657' title='bbox 2066 5147 2198 5238; x_wconf 85' lang='lat' dir='ltr'><strong>gratiss</strong></span> 
     </span>
     <span class='ocr_line' id='line_1_91' title="bbox 159 5248 2198 5347; baseline -0.003 -23"><span class='ocrx_word' id='word_1_658' title='bbox 159 5254 305 5347; x_wconf 88' lang='lat' dir='ltr'><strong>quidem</strong></span> <span class='ocrx_word' id='word_1_659' title='bbox 331 5251 400 5319; x_wconf 90' lang='lat' dir='ltr'><strong>nisi</strong></span> <span class='ocrx_word' id='word_1_660' title='bbox 427 5252 519 5320; x_wconf 90' lang='lat' dir='ltr'><strong>inter</strong></span> <span class='ocrx_word' id='word_1_661' title='bbox 547 5252 661 5320; x_wconf 88' lang='lat' dir='ltr'><strong>bonos</strong></span> <span class='ocrx_word' id='word_1_662' title='bbox 683 5248 846 5318; x_wconf 89' lang='lat' dir='ltr'><strong>retineri:</strong></span> <span class='ocrx_word' id='word_1_663' title='bbox 881 5265 920 5320; x_wconf 92' lang='lat' dir='ltr'><strong>ut</strong></span> <span class='ocrx_word' id='word_1_664' title='bbox 949 5250 1155 5345; x_wconf 89' lang='lat' dir='ltr'><strong>philosophi</strong></span> <span class='ocrx_word' id='word_1_665' title='bbox 1206 5277 1269 5343; x_wconf 87' lang='lat' dir='ltr'><strong>pro</strong></span> <span class='ocrx_word' id='word_1_666' title='bbox 1287 5266 1453 5343; x_wconf 85' lang='lat' dir='ltr'><strong>perpetua</strong></span> <span class='ocrx_word' id='word_1_667' title='bbox 1471 5251 1728 5332; x_wconf 89' lang='lat' dir='ltr'><strong>benevolentia,</strong></span> <span class='ocrx_word' id='word_1_668' title='bbox 1756 5268 1788 5322; x_wconf 92' lang='lat' dir='ltr'><strong>et</strong></span> <span class='ocrx_word' id='word_1_669' title='bbox 1804 5252 1975 5343; x_wconf 87' lang='lat' dir='ltr'><strong>significat</strong></span> <span class='ocrx_word' id='word_1_670' title='bbox 1992 5251 2061 5318; x_wconf 91' lang='lat' dir='ltr'><strong>iam</strong></span> <span class='ocrx_word' id='word_1_671' title='bbox 2079 5248 2198 5317; x_wconf 91' lang='lat' dir='ltr'><strong>morbi</strong></span> 
     </span>
     <span class='ocr_line' id='line_1_92' title="bbox 157 5348 2198 5443; baseline -0.002 -19"><span class='ocrx_word' id='word_1_672' title='bbox 157 5355 300 5440; x_wconf 88' lang='lat' dir='ltr'><strong>dicunt,</strong></span> <span class='ocrx_word' id='word_1_673' title='bbox 339 5349 481 5423; x_wconf 89' lang='lat' dir='ltr'><strong>Bonum</strong></span> <span class='ocrx_word' id='word_1_674' title='bbox 497 5376 631 5443; x_wconf 15' lang='lat' dir='ltr'><strong>&gt;amare</strong></span> <span class='ocrx_word' id='word_1_675' title='bbox 663 5351 986 5441; x_wconf 85' lang='lat' dir='ltr'><strong>congregationem,</strong></span> <span class='ocrx_word' id='word_1_676' title='bbox 1022 5357 1154 5425; x_wconf 91' lang='lat' dir='ltr'><strong>malum</strong></span> <span class='ocrx_word' id='word_1_677' title='bbox 1205 5355 1355 5424; x_wconf 85' lang='lat' dir='ltr'><strong>saevicia</strong></span> <span class='ocrx_word' id='word_1_678' title='bbox 1371 5368 1519 5425; x_wconf 87' lang='lat' dir='ltr'><strong>naturae</strong></span> <span class='ocrx_word' id='word_1_679' title='bbox 1537 5354 1629 5423; x_wconf 86' lang='lat' dir='ltr'><strong>vires</strong></span> <span class='ocrx_word' id='word_1_680' title='bbox 1646 5368 1825 5443; x_wconf 89' lang='lat' dir='ltr'><strong>superatas</strong></span> <span class='ocrx_word' id='word_1_681' title='bbox 1841 5378 1925 5428; x_wconf 85' lang='lat' dir='ltr'><strong>esse.</strong></span> <span class='ocrx_word' id='word_1_682' title='bbox 1977 5348 2047 5420; x_wconf 86' lang='lat' dir='ltr'><strong>Sed</strong></span> <span class='ocrx_word' id='word_1_683' title='bbox 2063 5349 2198 5420; x_wconf 87' lang='lat' dir='ltr'><strong>incoe-</strong></span> 
     </span>
    </p>
   </div>
   <div class='ocr_carea' id='block_1_10' title="bbox 0 0 2370 6025">
    <p class='ocr_par' dir='ltr' id='par_1_13' title="bbox 0 0 2370 6025">
     <span class='ocr_line' id='line_1_93' title="bbox 0 0 2370 6025; baseline 0 0"><span class='ocrx_word' id='word_1_684' title='bbox 0 0 2370 6025; x_wconf 95' lang='lat' dir='ltr'><strong> </strong></span> 
     </span>
    </p>
   </div>
  </div>
 </body>
</html>
