4732 6030
276 293 353 368 τω
480 354 484 363 ,
677 234 681 242 ’
817 285 979 365 nucu
1013 281 1771 387 nnnoaornnirniucirn
2243 305 2326 380 isi

279 467 569 540 contemnendae.
617 460 695 552 Ego
711 461 842 532 vindex
857 488 937 548 ero,
962 461 1080 557 inquit
1095 460 1211 547 Deus,
1236 462 1267 532 si
1316 485 1407 555 pene
1436 460 1672 533 exanimatur:
1707 474 1741 532 et
1770 487 1973 558 quanquam
1993 448 2040 538 in
2072 493 2113 539 eo
2140 472 2323 551 celsitudo

280 571 359 664 quis
388 593 461 638 non
490 564 642 637 audierit
672 560 906 658 Prophetam,
937 566 1120 651 videlicet,
1151 565 1266 635 hlium
1316 563 1446 645 animi,
1471 563 1512 633 iii
1534 565 1634 634 omni
1655 564 1818 635 fortunae
1842 567 2012 639 varietate
2030 594 2159 661 magna
2179 598 2324 671 semper

279 668 357 743 Dei.
402 668 481 738 Hoc
493 669 627 738 fulmen
641 691 708 736 nos
720 670 764 737 ad
779 669 996 738 audiendum
1011 680 1044 737 et
1057 668 1266 737 discendum
1316 665 1402 746 luit,
1427 678 1545 736 tamen
1566 689 1663 736 nunc
1684 689 1776 759 pene
1793 670 1993 740 succumbit
2007 676 2185 761 moerori,
2208 693 2243 750 et
2261 684 2322 755 vix

280 767 515 860 Evangelinm
531 770 710 843 exuscitet.
1317 766 1421 856 erigit
1446 789 1520 837 sese
1542 766 1626 858 ipse,
1676 767 1814 838 Deinde
1832 785 1962 860 augent
1979 773 2181 863 tristitiam,
2208 776 2320 858 huius

381 869 473 942 Cum
494 885 611 942 antem
633 871 709 940 sine
730 885 791 941 tua
813 894 879 961 ope
896 883 1036 940 aeterne
1050 865 1147 938 Dens
1161 865 1268 939 Pater
1317 869 1488 959 temporis
1509 870 1599 939 aliae
1619 869 1843 944 calamitates.
1890 869 1981 942 Corn
2004 875 2043 943 in
2062 873 2130 947 hoc
2147 874 2320 958 horribili

280 971 429 1045 Domini
448 974 562 1045 nostri
576 970 654 1043 lesu
667 969 819 1056 Christi,
841 971 1005 1042 conditor
1027 970 1187 1040 omnium
1210 992 1269 1038 re-
1319 967 1533 1040 Germaniae
1554 971 1651 1041 bello
1672 971 1812 1061 magnis
1837 974 1932 1045 curis
1955 976 2000 1045 de
2020 981 2205 1070 republica
2224 991 2320 1067 etde

281 1099 363 1145 rnm
385 1088 421 1146 et
441 1071 618 1144 Ecclesiae
638 1087 738 1158 tuae,
763 1098 827 1143 nec
847 1074 909 1142 lux
933 1072 1113 1142 doctrinae
1136 1069 1268 1141 servari
1318 1071 1417 1140 omni
1446 1072 1650 1164 posteritate
1673 1087 1911 1160 exerceretur,
1944 1077 2008 1146 etsi
2034 1078 2079 1147 iis
2102 1087 2320 1160 consolatio-

281 1176 410 1269 possit,
435 1188 469 1245 te
491 1199 554 1245 oro
580 1190 723 1267 propter
743 1175 854 1245 lilium
874 1187 975 1244 tuum
990 1170 1185 1243 Dominum
1201 1196 1268 1241 no-
1319 1173 1446 1259 nibus,
1471 1195 1559 1265 quas
1573 1175 1673 1244 Dens
1682 1169 1860 1244 Ecclesiae
1876 1201 1959 1247 suae
1975 1181 2142 1268 tradidit,
2167 1210 2205 1256 ac
2219 1205 2317 1264 ratas

282 1291 396 1348 strum
420 1274 535 1346 Iesum
559 1272 759 1360 Christum,
791 1289 832 1345 nt
863 1276 902 1343 in
925 1269 982 1343 his
1006 1273 1208 1364 regionibus
1236 1287 1269 1342 et
1321 1297 1393 1343 esse
1416 1274 1538 1360 iussit,
1564 1275 1880 1370 magnitudineque
1900 1278 2012 1348 animi
2035 1305 2071 1351 se
2087 1292 2315 1376 sustentabat,

218 1383 222 1389 '
282 1379 369 1448 alibi
391 1379 456 1447 tibi
479 1392 650 1470 perpetuo
665 1377 807 1466 colligas
821 1372 1032 1459 Ecclesiam,
1055 1389 1089 1444 te
1104 1375 1142 1443 iii
1157 1388 1270 1443 aeter·
1320 1389 1438 1445 tamen
1466 1371 1531 1445 has
1559 1376 1818 1446 sollicitudines
1848 1402 1951 1468 saepe
1982 1381 2085 1454 leniit
2108 1389 2313 1468 dulcissima
2351 1412 2353 1416 “

284 1503 330 1548 na
352 1479 492 1549 laeticia
512 1503 592 1548 cuin
615 1479 689 1546 filio
712 1478 984 1560 celebraturam,
1004 1489 1039 1546 et
1059 1476 1189 1545 tuearis
1212 1477 1270 1544 lu·
1321 1479 1538 1547 consuetudo
1552 1478 1794 1547 nobilissimae
1809 1493 1843 1550 et
1853 1481 2130 1571 sapientissimae
2141 1492 2313 1584 coniugis,

284 1605 358 1650 cem
373 1577 577 1668 Evangelii,
602 1592 637 1649 et
650 1581 777 1649 reddas
791 1578 885 1668 piam
899 1592 933 1648 et
944 1580 1135 1647 salutarem
1150 1601 1269 1668 pacem
1322 1602 1402 1648 cnm
1432 1603 1502 1672 qua
1524 1602 1603 1649 suas
1626 1602 1727 1649 curas
1749 1580 1850 1670 quasi
1869 1583 2099 1672 partiebatur.
2151 1587 2196 1660 ld
2221 1597 2320 1669 sola-·

283 1677 341 1751 his
364 1681 545 1770 gentibus,
577 1704 617 1749 ac
637 1679 859 1772 disciplinam
884 1681 1076 1768 gubernes,
1107 1691 1141 1747 et
1163 1676 1270 1746 Prin·
1321 1679 1412 1748 tium
1435 1703 1531 1749 nunc
1551 1704 1693 1773 quoqne
1714 1680 1829 1751 fatalis
1852 1677 1911 1752 hic
1929 1704 2028 1754 casus
2044 1689 2187 1780 eripuit.
2239 1694 2315 1769 De-

285 1783 403 1872 cipum
419 1795 455 1850 et
467 1781 668 1851 docentium
682 1796 716 1852 et
725 1782 849 1873 populi
858 1793 992 1849 mentes
1001 1779 1137 1869 Spiritu
1149 1793 1270 1849 saneto
1321 1778 1407 1849 indo
1420 1778 1588 1872 Princeps
1604 1782 1676 1852 tilia
1693 1780 1794 1852 cuins
1809 1807 1906 1853 nunc
1923 1808 1962 1854 ea
1979 1799 2072 1856 aetas
2085 1805 2155 1875 est,
2180 1809 2220 1866 nt
2235 1823 2315 1871 non

284 1885 329 1953 ad
355 1906 473 1952 veram
496 1882 756 1952 invocationem
782 1897 817 1954 et
838 1905 921 1951 vera
944 1880 1084 1972 pietatis
1107 1879 1271 1951 exercitia
1323 1882 1438 1950 solum
1460 1883 1613 1952 naturali
1630 1888 1790 1980 στοργῇ,
1818 1887 1879 1955 sed
1897 1886 1998 1955 etiam
2011 1887 2142 1961 iudicio
2157 1912 2315 1974 matrem

283 1974 413 2058 flectas.
464 1979 593 2053 Amen.
643 1980 737 2056 Dixi.
1322 1982 1466 2067 amarit,
1499 1995 1532 2052 et
1554 1985 1630 2054 eius
1651 1984 1797 2054 virtutes
1817 1985 1887 2054 iam
1910 1986 2139 2077 intellexerit,
2163 2010 2198 2067 et
2221 1997 2313 2070 imi-

1322 2083 1390 2155 tari
1411 2083 1562 2177 ceperit,
1587 2097 1718 2177 quanto
1734 2084 1773 2154 in
1786 2085 1910 2155 dolore
1926 2089 2003 2158 est?
2052 2090 2234 2168 Postremo
2249 2101 2315 2173 lu-

1323 2196 1406 2274 gent
1426 2184 1607 2254 dominam
1631 2180 1698 2255 hae
1720 2200 1860 2257 nostrae
1881 2185 2080 2274 Ecclesiae,
2107 2191 2257 2271 scholae
2278 2221 2315 2278 et

1324 2285 1450 2376 optimi
1465 2285 1597 2379 quique
1611 2286 1771 2357 omniurn
1787 2288 1955 2358 ordinum
1972 2284 2154 2367 homines:
2181 2315 2214 2371 et
2229 2307 2313 2396 quia

282 2371 425 2497 Q.
1113 2396 1161 2437 ⁸¹¹·
1178 2375 1273 2441 154⁷·
1323 2387 1441 2457 sciunt
1462 2386 1552 2456 affici
1572 2411 1637 2457 nos
1659 2388 1788 2458 debere
1801 2385 1980 2481 Principis
1994 2395 2120 2485 optimi
2135 2399 2250 2489 luctu,
2278 2421 2313 2483 et

1094 2461 1265 2491 m
1324 2486 1406 2579 quia
1436 2485 1586 2558 virtutes
1617 2501 1651 2560 et
1678 2490 1849 2560 beneficia
1870 2492 2037 2564 dominae
2059 2500 2312 2583 meminerunt.

475 2590 552 2677 De
580 2587 820 2674 Daroma
852 2584 1083 2698 Principe,
1322 2586 1397 2657 Has
1423 2600 1536 2658 tantas
1559 2612 1679 2660 causas
1702 2590 1869 2676 dolendi,
1903 2593 2003 2664 cuius
2023 2599 2136 2670 oratio
2158 2626 2312 2699 aequare

355 2774 388 2829 ln
406 2769 498 2824 select.
519 2766 597 2821 Deci.
615 2762 708 2818 titt.
726 2763 899 2884 p.2l4sqq.,
928 2762 1043 2817 Seriest.
1062 2761 1160 2817 ulti.
1179 2763 1272 2835 psas.
1323 2688 1462 2779 pomi?
1512 2683 1607 2758 Mihi
1625 2689 1768 2782 widem
1784 2715 1840 2762 eas
1857 2695 2044 2783 cogitami’
2070 2725 2138 2770 vox
2153 2709 2311 2799 elspiri-

389 2851 417 2894 et
442 2839 471 2892 in
488 2837 524 2890 T·
537 2834 585 2889 ill.
610 2831 721 2887 Erford.
746 2831 786 2886 lit.
802 2833 829 2901 b,
908 2832 989 2901 Apud
1013 2829 1187 2885 Richardium
1215 2851 1272 2886 non
1322 2802 1380 2858 tus
1408 2789 1531 2858 dolori*
1559 2790 1820 2865 intereludimr·
1872 2793 1942 2865 sed
1972 2800 2139 2889 quoniam
2173 2807 2311 2898 ³¹iquid

388 2908 498 2978 tegitur.
519 2933 547 2945 -
584 2903 676 2956 Nemo
696 2918 728 2955 eo
748 2899 915 2981 offenditur,
944 2898 1018 2969 quod
1037 2897 1137 2970 (ποτε.
1156 2899 1272 2954 satians
1323 2889 1470 2959 omnino
1492 2890 1683 2960 dicendum
1705 2906 1777 2979 est,
1802 2905 1836 2963 et
1857 2896 2062 2985 significatio
2084 2908 2310 2983 ostendenda

387 2975 460 3032 hanc
487 2973 639 3029 orationem
663 2971 713 3024 sibi
737 2970 874 3024 conscribi
898 2988 914 3023 s
939 2966 1136 3035 Melanthone,
1174 2987 1271 3023 socero

263 3047 265 3051 '
388 3062 455 3114 sno,
479 3040 594 3098 curavit.
629 3031 1272 3108 &Epistolisenimvolhp.411.etp.422.
1322 2990 1436 3061 ¹¹⁰⁸OE
1448 2991 1576 3076 luctu&
1601 3016 1730 3086 quaem
1743 3007 1784 3064 ut
1796 2992 1886 3064 mihi
1900 2999 1983 3068 veni
1996 3000 2093 3087 (Μὴ)
2117 3007 2212 3094 qu⁰d
2229 3035 2309 3082 ΠΜ·

390 3110 574 3181 conspicitur,
607 3105 813 3160 Melanthonein
830 3104 932 3159 Sabino
956 3107 1095 3174 scripsisse
1112 3104 1193 3159 etiam
1211 3123 1271 3159 esni
1322 3090 1503 3182 gniludinl
1525 3116 1644 3161 terum
1667 3118 1888 3189 nequaquam
1913 3124 1978 3189 pal·
1999 3115 2050 3172 est
2072 3105 2199 3176 oratio:
2224 3135 2309 3183 vos-

390 3172 1134 3312 tiiittttwtttittff‘iti'ittittssf’vt'tt
1150 3172 1273 3312 titt?
1323 3217 1394 3286 ‘1¹¹0
1415 3216 1480 3285 pro
1499 3206 1614 3263 “m“
1637 3197 1821 3284 Prudentia
1839 3199 1999 3287 mileti
2018 3202 2104 3294 ῖΡδῑ,
2129 3232 2235 3301 quam
2254 3212 2310 3284 iu·

1322 3307 1416 3363 stum
1438 3294 1593 3364 officium
1614 3294 1674 3377 sit,
1699 3295 1800 3363 adlici
1821 3296 1920 3365 luctu
1938 3302 2067 3390 optimi
2084 3305 2263 3402 Principis
2277 3328 2309 3386 et

287 3428 415 3500 Oratio
437 3416 570 3492 hadita
592 3439 617 3488 a
644 3417 837 3510 Georgii)
861 3411 1053 3502 Sabino,
1079 3409 1274 3505 instincte
1323 3393 1431 3511 filii&
1476 3406 1706 3512 ‘hqmnfffl
1739 3395 1910 3512 ficlfffflffl
1942 3404 2147 3490 r²⁵Pt¹blica
2181 3411 2309 3502 fecerit,

287 3523 580 3607 Dorotheus,
613 3520 783 3612 coniugis
810 3515 1059 3588 illustrissimi
1085 3520 1274 3608 Principis
1323 3516 1449 3612 ⁸P¹J⁸³
1468 3495 1531 3564 ²³¹¹
1552 3495 1705 3613 limum&
1754 3493 1895 3615 Deffldff
1915 3512 1950 3568 et
1970 3506 2234 3621 consolationes
2256 3517 2309 3586 di.

285 3629 432 3704 Apgmg
455 3621 688 3697 Marcggomq
714 3614 949 3708 granam„
981 3622 1159 3689 mm
1186 3620 1274 3690 Du.
1323 3607 1458 3664 vinitas
1477 3598 1641 3680 traditas,
1669 3619 1749 3665 cum
1760 3590 1938 3667 Ecclesiae
1960 3601 2161 3679 doctrinam
2184 3613 2230 3683 de
2248 3642 2309 3686 vo.

285 3736 440 3821 ciseio,
465 3721 666 3822 qnaeobiii
682 3726 753 3792 111.
768 3719 1021 3812 IdusAprilis,
1047 3743 1144 3792 anno
1164 3718 1273 3795 1547.
1323 3695 1461 3814 luntate
1490 3692 1570 3814 Ilei·
1589 3710 1624 3768 et
1660 3698 1704 3767 de
1738 3697 2000 3772 immortalitate
2032 3711 2197 3830 teneatis,
2240 3717 2335 3808 ipss

1324 3799 1424 3867 vobis
1444 3797 1618 3868 subiicite.
1670 3795 1760 3868 Cum
1783 3811 1900 3868 autem
1923 3824 2205 3878 commemoratio
2225 3815 2312 3884 lau-

286 3892 373 3976 Etsi
389 3897 554 3969 societate
566 3887 827 3985 lachrymarum
839 3911 879 3958 ac
896 3886 988 3956 veris
1003 3887 1190 3977 gemitibus
1207 3893 1273 3962 do-
1323 3898 1409 3968 dum
1440 3909 1474 3967 et
1496 3898 1667 3969 virtutum
1690 3900 1730 3968 in
1750 3899 1936 3971 funeribus
1958 3905 2094 3995 piorum
2116 3902 2314 3986 hominum

285 4005 417 4085 locem,
443 4012 477 4068 et
489 3996 673 4066 ostendere
688 3992 873 4069 debemus,
900 4002 934 4058 et
947 3988 1273 4086 signiticarealiqua
1322 3999 1481 4069 facienda
1508 3998 1571 4083 sit,
1601 4011 1635 4068 et
1663 4013 1705 4070 ut
1725 3999 1883 4089 ipsorum
1906 4005 2070 4073 memoria
2092 4004 2138 4074 sit
2162 4009 2310 4086 diutur.

284 4130 328 4176 ex
350 4114 450 4194 parte
472 4116 675 4188 possumus,
699 4107 817 4162 tamen
839 4115 919 4161 cnm
940 4103 1011 4160 tam
1033 4092 1163 4163 multae
1180 4107 1273 4164 tam-
1323 4101 1422 4180 nior‚
1448 4112 1483 4169 et
1503 4112 1544 4169 ut
1566 4098 1627 4168 alii
1650 4100 1781 4170 talibus
1798 4101 1961 4192 exemplis
1976 4109 2251 4185 commonefacti
2266 4120 2308 4187 ad

284 4229 355 4299 que
385 4219 507 4292 graves
537 4194 683 4263 dolendi
712 4215 834 4260 causae
863 4207 1094 4276 concurrant,
1137 4196 1273 4266 nullius
1322 4198 1489 4272 ‘virtutem
1520 4214 1555 4270 et
1587 4201 1633 4269 ad
1665 4199 1924 4273 invocationem
1952 4199 2022 4273 Dei
2055 4211 2307 4303 exuscitentnr,

286 4318 385 4375 tanta
409 4295 611 4390 eloquentia
629 4307 698 4374 est,
724 4305 764 4361 ut
780 4315 954 4381 exponere
970 4285 1036 4360 hos
1050 4295 1189 4365 dolores
1207 4321 1271 4387 pro
1323 4326 1385 4393 ego
1408 4325 1550 4396 quoqne
1572 4301 1694 4371 laudes
1718 4301 1977 4373 illustrissimae
1995 4298 2172 4399 Principis
2193 4311 2308 4388 Doro.

287 4398 562 4493 magnitudine,
579 4407 639 4463 aut
659 4393 777 4460 levare
797 4414 856 4459 eos
873 4392 1032 4460 oratione
1048 4397 1273 4469 mediocriter
1323 4399 1426 4473 theae
1453 4403 1623 4473 recitabo:
1658 4404 1719 4471 sed
1748 4418 1788 4473 ut
1817 4416 1963 4494 potero,
1996 4429 2070 4475 non
2101 4423 2142 4480 ut
2173 4418 2312 4507 magni.-

287 4517 406 4602 queat:
433 4511 572 4572 tantum
594 4496 713 4576 abest,
737 4507 777 4562 ut
798 4514 861 4580 08⁰
883 4491 946 4584 qui
962 4505 995 4560 et
1009 4493 1143 4582 ingenii
1159 4497 1273 4569 imbe·
1322 4507 1409 4575 tudo
1438 4504 1609 4576 virtutum
1637 4504 1750 4592 ipsius
1775 4516 1811 4573 et
1830 4502 2072 4596 pulcherrima
2093 4511 2226 4587 decora
2248 4545 2308 4613 po-

287 4607 433 4681 cillitate
461 4615 496 4672 et
520 4597 698 4668 moesticia
723 4594 895 4683 singulari
919 4593 1111 4685 impedior,
1144 4622 1271 4670 conve-
1322 4605 1512 4677 siulabani,
2341 4684 2343 4688 k

286 4711 442 4780 nientein
458 4699 633 4775 huicloco
648 4697 846 4768 orationem
861 4692 992 4766 babere
1004 4699 1146 4788 possim.
1196 4699 1273 4772 Lu·
1422 4705 1513 4776 Nata
1533 4716 1587 4774 est
1600 4700 1772 4796 Princeps
1787 4701 1970 4777 Dorothei
1994 4707 2032 4777 in
2054 4710 2191 4784 familia
2208 4719 2309 4791 nobi-

285 4825 343 4903 get
365 4809 520 4901 optimus
543 4802 707 4896 princeps
727 4798 969 4869 nobilissimae
991 4812 1027 4869 et
1048 4795 1272 4875 charissimae
1321 4808 1453 4877 lissima
1474 4804 1612 4894 Regum
1629 4803 1867 4889 Danicorum,
1894 4824 1992 4897 patre
2006 4807 2104 4899 Rege
2119 4812 2308 4904 Friden'co,

285 4913 445 5001 coniugis
468 4905 673 4994 interitum,
695 4903 734 4971 in
756 4925 827 4993 quii
848 4895 1087 4991 pulcherrima
1110 4905 1271 4975 omnium
1323 4923 1357 4979 et
1371 4919 1483 4976 matre
1499 4903 1623 4990 Arina,
1644 4906 1716 4975 fitia
1730 4903 1951 4978 Marchionis
1966 4908 2113 4981 loannis
2126 4911 2309 5002 Electoris,

285 5015 459 5083 virtutum
472 5006 649 5098 copulatio
664 5005 747 5074 init:
774 5001 992 5094 quiquidem
1008 5004 1072 5072 etsi
1086 5028 1148 5075 sna
1163 5007 1273 5099 ipsius
1322 5010 1387 5079 tilii
1403 5003 1543 5078 Alberti
1559 5004 1801 5087 Marchionis,
1827 5010 1890 5101 qui
1910 5024 2052 5101 propter
2068 5019 2309 5092 excellentiam

286 5113 499 5194 solitudine,
532 5130 595 5178 sno
627 5106 750 5175 dolore
775 5117 814 5174 et
845 5127 909 5172 suo
939 5103 1113 5175 desiderio
1137 5110 1273 5179 crucia-
1323 5109 1466 5181 virtutis
1480 5110 1595 5183 dictus
1611 5122 1663 5179 est
1679 5105 1836 5179 Achilles
1852 5107 2098 5188 Germanicus.
2151 5117 2312 5217 Cumque

286 5236 362 5303 tur,
388 5229 506 5285 tamen
523 5232 605 5279 cnm
620 5207 779 5278 intuetur
794 5205 922 5288 tiliam,
948 5228 1053 5296 quam
1071 5201 1177 5279 habet
1190 5210 1273 5280 nni·
1323 5211 1456 5281 semina
1478 5213 1670 5293 virtutum,
1692 5223 1725 5278 et
1746 5210 1919 5299 igniculos
1940 5218 2205 5308 aparentibus,
2226 5250 2311 5319 quo-

285 5345 362 5393 cam
386 5330 421 5386 et
443 5309 703 5392 charissimam,
727 5307 892 5399 videtque
913 5305 1060 5378 intimos
1072 5331 1193 5380 sensus
1209 5335 1274 5404 pe-
1323 5326 1552 5403 rum‚natura
1574 5312 1642 5382 init
1660 5312 1975 5402 praestantissima,
2001 5323 2199 5409 acceperit,
2222 5327 2313 5398 mul.

194 5440 203 5456 *
286 5422 395 5494 ctoris
420 5415 550 5509 ipsius,
576 5423 682 5505 pater
704 5407 844 5502 sapiens
868 5414 908 5481 et'
923 5406 1117 5480 liberorum
1141 5434 1273 5498 amans,
1324 5427 1401 5484 tuin
1422 5429 1540 5507 postea
1562 5414 1600 5483 in
1621 5426 1749 5483 natura
1770 5415 1925 5506 optima,
1950 5431 2042 5489 recta
2060 5420 2244 5500 institutio
2256 5453 2312 5499 vs-
