4732 6030
244 316 319 394 435
347 389 348 395 ,

790 307 951 385 DECL.
987 307 1063 382 DE
1100 305 1348 383 OFFIClO
1377 302 1718 380 PRINCIPUM.

2197 315 2272 392 456

242 495 302 564 scd
324 490 419 583 pacis
435 488 514 556 finis
531 495 622 568 erat,
649 497 694 552 ut
710 496 802 553 certa
820 484 918 575 sedes
934 497 1093 553 maneret
1108 477 1230 551 Eccle-
1282 474 1508 562 Pulcheriae,
1540 501 1630 569 quae
1653 502 1733 546 cum
1755 491 1844 547 esset
1866 501 1967 548 soror
1987 476 2208 571 Theodosii,
2241 504 2276 560 et

244 596 336 677 siae,
363 590 425 661 ubi
448 597 698 677 propagaretur
721 584 881 654 doctrina
905 585 1076 655 coelestis.
1129 578 1232 672 Opus

246 713 296 766 est
319 716 399 783 pace
422 712 494 755 non
516 687 631 755 solum
653 687 699 754 ad
720 687 939 754 educandam
962 686 1138 768 sobolem,
1170 686 1229 751 sed

245 799 348 867 etiam
365 792 408 858 ad
425 789 626 856 docendam
637 787 875 871 iuventutem,
899 785 933 855 et
950 786 1122 878 reliquam
1138 786 1232 852 mul-

245 894 452 969 titudinem,
479 891 578 957 etad
601 888 808 976 disciplinae
825 911 864 955 ac
885 888 1066 977 religionis
1090 910 1232 954 conser-

244 997 433 1067 vationem.
483 988 560 1057 Hos
579 1013 651 1056 esse
669 990 755 1057 lines
774 988 979 1079 praecipuos
1002 988 1231 1077 gubernatio-

245 1101 300 1168 nis
318 1099 356 1165 in
375 1093 551 1183 imperiis,
578 1085 669 1158 nihil
684 1092 833 1159 dubium
847 1103 909 1159 est.

346 1196 427 1265 Sint
450 1217 534 1261 sane
556 1192 674 1278 magni
691 1206 725 1259 et
745 1190 878 1260 laudati
893 1189 1006 1259 Duces
1022 1185 1233 1270 Alexander,

247 1301 380 1381 lulius,
410 1307 444 1363 et
467 1293 540 1363 alii.
593 1291 674 1361 Sint
697 1293 947 1381 gubernatores
970 1290 1151 1360 domestici
1173 1313 1233 1358 ex-

245 1402 410 1471 callentes
424 1393 631 1487 prudentia,
657 1391 788 1477 Solon,
815 1390 1011 1481 Augustus,
1036 1393 1097 1460 sed
1120 1391 1233 1460 multo

245 1515 361 1572 essent
374 1499 428 1565 illi
445 1495 513 1586 ipsi
533 1493 701 1577 maiores,
727 1495 758 1562 si
777 1494 886 1583 partis
900 1492 1076 1572 victoriis,
1102 1491 1235 1561 consti-

244 1605 330 1676 tutis
355 1597 513 1687 imperiis
535 1591 843 1681 curassentDcum
867 1608 959 1663 recte
975 1594 1153 1677 invocari,
1177 1617 1234 1661 ce-

244 1700 395 1779 lebrari,
421 1698 499 1769 coli.
553 1695 594 1764 ld
611 1697 795 1786 praecipue
811 1694 946 1763 efficere
966 1695 1082 1763 bonus
1104 1694 1234 1782 guber-

245 1819 350 1875 nator
365 1802 481 1879 debet,
506 1798 596 1865 sicut
611 1798 727 1865 bonus
744 1795 992 1885 paterfamilias
1007 1819 1082 1863 non
1097 1807 1233 1865 tantum

247 1926 414 1999 quaerere
429 1898 681 1990 patrimonium
696 1897 818 1964 liberis
831 1897 947 1977 debet,
966 1898 1026 1963 sed
1041 1896 1144 1965 etiam
1161 1909 1233 1965 tra·

166 2057 168 2060 <
245 2011 327 2077 dere
349 2002 416 2072 Dei
439 2000 625 2077 noticiam,
659 2012 692 2064 et
715 2019 832 2065 mores
857 2020 979 2064 eorum
1004 2019 1134 2083 regere.
1184 1995 1235 2066 Ut

119 2142 126 2151 ·
245 2123 362 2178 autem
386 2102 487 2193 pauci
507 2098 771 2188 patresfamilias
785 2098 904 2166 omnia
923 2119 984 2164 sna
1008 2097 1121 2166 officia
1137 2120 1234 2165 com-

245 2210 466 2301 plectuntur,
499 2203 546 2269 ita
579 2201 684 2292 pauci
717 2198 899 2289 Principes
929 2197 968 2265 in
1002 2192 1070 2266 hoc
1094 2222 1233 2267 summo

245 2333 350 2400 opere
366 2306 561 2374 elaborant.
611 2298 708 2371 Rara
725 2312 776 2368 est
797 2294 884 2367 haec
903 2298 1089 2388 perfectio,
1116 2314 1156 2369 ut
1177 2322 1234 2367 ra-

245 2436 305 2481 rae
320 2419 404 2478 sunt
417 2425 572 2493 gemmae
589 2403 683 2469 inter
698 2414 851 2470 caeteros
873 2399 1019 2490 lapides.
1074 2399 1234 2470 Subinde

245 2527 363 2583 tamen
390 2505 527 2596 aliquos
560 2502 687 2571 excitat
709 2500 805 2571 Deus
826 2497 958 2583 Duces,
990 2515 1051 2571 aut
1070 2502 1234 2591 politicos

244 2614 357 2690 viros,
383 2606 446 2698 qui
461 2625 541 2673 suas
560 2602 715 2671 actiones
735 2603 780 2669 ad
799 2625 922 2669 verum
939 2601 1044 2670 tinem
1067 2603 1234 2675 referunt.

246 2711 352 2782 Tales
367 2710 513 2777 suerunt
528 2699 667 2794 loseph,
694 2701 823 2781 David,
850 2699 976 2785 losias,
1001 2717 1035 2773 et
1048 2703 1142 2773 inter
1155 2728 1233 2772 mo-

243 2807 394 2882 narchas
410 2805 535 2898 Cyrus,
561 2800 828 2886 Constantinus,
853 2797 1092 2888 Theodosius,
1118 2805 1234 2874 etalii

245 2915 401 3004 quidam.
440 2905 578 2976 Horum
597 2905 753 2994 exempla
772 2916 853 2972 nota
869 2918 962 2975 sunt.
1008 2903 1149 2991 Quanta
1166 2907 1234 2973 fuit

245 3014 355 3084 animi
374 3010 545 3080 celsitudo
570 3009 607 3075 in
624 3004 877 3085 Constantino,
904 3006 967 3098 qui
988 3031 1068 3075 cum
1087 3001 1235 3076 haberet

245 3116 394 3200 collegas
411 3109 574 3177 inimicos
588 3103 790 3176 Christiano
809 3107 967 3190 nomini,
993 3109 1086 3176 viros
1102 3108 1233 3177 acerri-

244 3238 342 3295 mos,
373 3223 407 3278 et
430 3209 618 3280 instructos
639 3209 814 3294 potentia,
840 3203 943 3301 (nam
961 3209 1076 3277 maior
1093 3209 1234 3299 imperii

244 3337 326 3406 pars
350 3305 466 3378 adhuc
491 3303 705 3374 adhorrebat
725 3332 744 3373 a
765 3303 897 3375 Christi
917 3306 1117 3402 doctrina),
1140 3332 1234 3379 unus

244 3440 280 3486 se
306 3410 472 3502 opposuit
492 3408 564 3475 illis
586 3407 823 3495 grassantibus
846 3408 884 3472 in
900 3409 994 3496 pios,
1020 3411 1234 3498 compescuit

244 3516 443 3590 saeviciam,
460 3524 577 3598 postca
595 3508 718 3575 deletis
735 3507 906 3600 tyrannis,
921 3509 1033 3578 vetuit
1046 3511 1233 3578 sacrificari

244 3616 367 3697 idolis,
398 3609 491 3679 nihil
523 3624 684 3679 metuens
717 3609 798 3676 odia
833 3621 950 3678 tantae
983 3609 1233 3696 multitudinis,

230 3733 334 3812 *quae
352 3712 586 3801 Evangelium
603 3710 839 3782 aversabatur.
887 3708 985 3779 ldem
1001 3725 1119 3802 postea
1131 3715 1232 3782 seda·

244 3821 289 3892 tis
312 3817 477 3887 civilibus
493 3813 617 3896 hellis,
643 3812 748 3880 etiam
762 3811 906 3881 sustulit
921 3813 1156 3883 dissensiones
1174 3839 1232 3884 ec-

242 3918 460 3997 clesiasticas,
487 3929 675 3983 convocata
691 3911 851 4006 Synodo,
877 3936 942 3982 nec
955 3916 1068 3984 adsuit
1081 3925 1251 4002 tantum‚'

242 4036 282 4092 ut
299 4023 370 4089 vim
385 4012 588 4108 prohiberet
605 4016 698 4083 inter
712 4028 838 4101 partes,
858 4017 918 4083 sed
935 4017 1128 4107 disputavit
1145 4017 1232 4108 ipse,

243 4138 279 4192 et
295 4122 475 4191 veritatem
492 4115 626 4205 inquiri
644 4115 765 4184 voluit.
814 4112 905 4181 Nam
920 4139 999 4184 cum
1017 4117 1154 4208 Synodi
1177 4132 1232 4188 to-

243 4226 314 4295 tius
330 4218 506 4288 Ecclesiae
525 4214 653 4282 iudicia
670 4213 758 4291 sint,
785 4236 858 4280 non
880 4228 1017 4284 tantum
1038 4215 1232 4308 Episcopo-

243 4347 341 4400 rum‚
364 4315 587 4386 concedenda
603 4326 685 4382 sunt
699 4314 867 4404 suffragia
882 4315 986 4382 etiam
1004 4317 1083 4383 aliis
1107 4320 1175 4406 piis
1198 4335 1232 4390 et

243 4423 374 4502 doctis,
401 4416 464 4509 qui
486 4421 559 4480 non
578 4415 776 4500 iunguntur
792 4412 999 4481 ministeriis
1022 4417 1231 4488 ecclesiasti-

244 4528 303 4596 cis.
364 4515 589 4590 Constantini
624 4513 823 4603 exemplum
854 4527 973 4602 postea
1007 4510 1230 4590 Theodosius

242 4626 402 4696 imitatus
416 4633 482 4690 est:
507 4631 548 4686 ut
564 4639 705 4705 prorsus
720 4615 851 4684 deleret
866 4615 979 4697 idola,
1004 4641 1126 4687 eorum
1141 4634 1230 4689 tem-

243 4730 300 4821 pla
316 4729 390 4795 solo
406 4720 588 4814 aequavit,
614 4717 743 4786 indixit
757 4715 961 4808 Synodum,
988 4721 1142 4790 ostendit
1156 4721 1231 4790 for-

241 4853 335 4899 mam
359 4823 551 4896 dirimendi
574 4818 793 4900 certaminis,
818 4818 1004 4903 videlicet,
1029 4836 1069 4893 ut
1090 4824 1230 4916 profer.

1283 597 1402 671 postea
1420 577 1590 648 Martiani
1604 581 1777 664 coniunx,
1802 594 1836 648 et
1854 596 1999 671 propter
2012 585 2177 656 eximiam
2190 614 2278 679 pru-

1284 683 1440 751 dentiam
1465 693 1497 749 et
1522 683 1727 768 gravitatem
1752 682 1947 771 plurimum
1969 685 2118 775 polleret
2139 694 2279 761 autori-

1284 798 1375 864 tate,
1400 805 1455 850 res
1469 805 1509 849 eo
1532 797 1689 874 tempore
1711 784 1880 852 maximas
1896 785 1994 853 domi
2015 788 2187 879 singulari
2203 796 2280 863 vir-

1285 899 1357 956 tute
1381 884 1601 971 gubernavit.
2090 967 2093 977 Ι

1373 982 1604 1053 lustinianus
1623 985 1751 1068 deinde
1767 983 1954 1077 Synodum
1972 990 2120 1061 alteram
2136 991 2280 1087 Byzan-

1285 1085 1374 1156 tium
1388 1085 1605 1164 convocavit.
1657 1083 1754 1154 ldem
1772 1110 1848 1155 mos
1863 1088 1931 1158 luit
1952 1091 2020 1181 piis
2036 1090 2195 1184 Regibus
2208 1096 2277 1165 Hi-

1285 1186 1437 1277 spanicis
1463 1198 1496 1254 et
1523 1182 1687 1271 Gallicis,
1719 1212 1915 1258 convocare
1942 1190 2107 1284 Synodos
2139 1197 2176 1264 in
2202 1200 2276 1268 suis

1286 1288 1419 1376 regnis,
1452 1287 1557 1354 etiam
1589 1311 1665 1356 non
1700 1290 1861 1376 consulto
1894 1288 2061 1365 Romano
2094 1295 2274 1373 Pontifice.

1285 1388 1423 1457 Norant
1446 1388 1540 1456 enim
1572 1387 1718 1478 imperia
1745 1390 1877 1460 imitari
1901 1395 2030 1463 debere
2051 1393 2278 1486 Decalogum,

1286 1489 1347 1582 qui
1372 1503 1412 1559 ut
1432 1489 1587 1578 primum
1609 1491 1840 1562 concionatur
1857 1495 1901 1561 de
1917 1500 2158 1568 conservanda
2175 1500 2275 1590 puri-

1287 1604 1356 1661 tate
1378 1590 1580 1678 religionis,
1612 1591 1662 1658 ita
1687 1589 1895 1683 Principum
1918 1591 2009 1666 hanc
2027 1621 2099 1667 esse
2120 1601 2275 1690 primam

1287 1715 1406 1762 curam
1422 1702 1571 1781 oportet.
1620 1689 1815 1782 Decalogus
1834 1695 1929 1762 enim
1949 1712 2000 1767 est
2016 1700 2127 1768 forma
2145 1701 2224 1790 piae
2241 1714 2276 1772 et

1287 1789 1454 1862 honestae
1480 1793 1758 1878 gubernationis.
1809 1790 1916 1866 Extat
1934 1801 2026 1888 apud
2043 1798 2272 1869 Aristotelem

1287 1893 1444 1961 definitio
1461 1890 1689 1981 Magistratus
1704 1894 1937 1966 eruditissime
1953 1900 2111 1988 cogitata,
2134 1915 2168 1970 et
2180 1903 2272 1972 mira

1287 1994 1499 2084 proprietate
1514 2017 1553 2061 ac
1569 1995 1740 2065 brevitate
1757 2000 1992 2088 complectens
2007 2002 2120 2071 officia
2142 2003 2274 2076 omnia.

1289 2095 1409 2187 lnquit
1443 2095 1537 2161 enim
1573 2092 1819 2183 Magistratum
1855 2123 1928 2167 esse
1960 2105 2141 2172 custodem
2176 2104 2273 2190 legis.

1286 2192 1381 2284 Ergo
1401 2219 1480 2263 cum
1505 2197 1612 2265 totius
1635 2196 1721 2285 legis
1739 2213 1856 2270 custos
1877 2201 1940 2282 sit,
1967 2205 2059 2271 tueri
2075 2205 2179 2272 etiam
2201 2206 2275 2294 pri-

1287 2321 1380 2366 mam
1397 2293 1564 2386 Decalogi
1578 2297 1735 2367 tabulam
1752 2301 1904 2371 debebit.
1956 2301 2033 2371 lam
2052 2328 2133 2373 cum
2158 2319 2275 2376 extent

1287 2398 1442 2488 exempla
1468 2398 1606 2487 piorum
1622 2397 1782 2489 Regum,
1804 2427 1883 2471 cum
1905 2417 2111 2492 argumenta
2136 2406 2275 2492 gravis-

1287 2501 1373 2569 sima
1398 2500 1615 2590 praecipiant
1636 2498 1795 2591 Regibus
1822 2527 2012 2573 convocare
2033 2503 2213 2597 Synodos,
2240 2517 2276 2575 ct

1287 2600 1498 2669 constituere
1540 2601 1671 2672 iudicia
1710 2604 1957 2688 ecclesiastica,
2002 2630 2077 2673 non
2115 2606 2274 2676 dubitari

1287 2716 1419 2792 potest,
1446 2703 1540 2793 quod
1556 2703 1602 2770 sit
1619 2701 1773 2774 Romani
1788 2702 2014 2796 Imperatoris
2030 2703 2098 2776 boc
2114 2720 2272 2796 ternpore

1286 2804 1453 2873 officium.
1505 2802 1642 2873 Sentiat
1667 2798 1864 2903 igiturhoc
1884 2819 2020 2893 gratum
2036 2805 2112 2875 Deo
2137 2808 2272 2876 sacrifi-

1287 2905 1380 2973 cium
1398 2905 1492 2988 fore,
1519 2906 1550 2973 si
1568 2930 1663 2974 nunc
1689 2919 1783 2974 recte
1807 2907 1995 2976 diiudicari
2015 2911 2272 2978 controversias

1287 3006 1550 3089 ecclesiasticas,
1577 3021 1611 3076 et
1626 3006 1756 3076 sanciri
1772 3007 1994 3098 disciplinam
2011 3023 2121 3078 curet.
2159 3008 2272 3101 ldque

1286 3108 1411 3175 sinon
1442 3107 1583 3192 fecerit,
1617 3107 1771 3196 graviter
1794 3108 1928 3177 offendi
1948 3111 2164 3179 voluntatem
2187 3109 2271 3184 Deis

1287 3208 1490 3298 praesertim
1507 3232 1586 3277 cum
1605 3210 1766 3278 videatur
1786 3225 1945 3286 secutura
1968 3211 2107 3279 infinita
2124 3211 2275 3304 dissipa-

1286 3310 1334 3377 tio
1357 3324 1390 3377 et
1408 3309 1548 3377 vastitas
1568 3305 1762 3392 Ecclesiae,
1788 3323 1822 3378 et
1845 3333 1983 3393 morum
1997 3312 2182 3397 conlusio,
2205 3314 2277 3382 nisi

1287 3433 1366 3477 vera
1384 3424 1416 3476 et
1431 3408 1596 3477 salutaria
1619 3411 1771 3479 remedia
1789 3412 1827 3478 in
1845 3425 2002 3501 tempore
2017 3428 2247 3504 quaerantur.

1387 3509 1544 3580 Haerent
1556 3522 1687 3579 veteres
1706 3513 1821 3582 morbi
1843 3513 1881 3580 in
1898 3509 2054 3582 Ecclesia
2080 3515 2199 3597 multi,
2226 3519 2272 3584 ad

1286 3604 1367 3695 hos,
1395 3626 1434 3680 ut
1447 3610 1486 3679 fit
1502 3610 1538 3678 in
1552 3601 1757 3693 discordiis,
1785 3613 1889 3683 etiam
1913 3615 2000 3683 novi
2015 3615 2156 3706 quidam
2172 3639 2274 3685 acce-

1285 3715 1386 3780 dunt.
1433 3709 1528 3800 Ergo
1555 3715 1592 3781 in
1614 3715 1796 3807 utriusque
1818 3716 1927 3805 partis
1951 3715 2098 3805 negotiis
2113 3716 2270 3784 delectus

1285 3810 1508 3882 adhibendus
1526 3828 1586 3883 est.
1637 3814 1710 3884 Nec
1725 3831 1808 3886 sunt
1830 3817 1937 3885 armis
1954 3816 2156 3885 stabiliendi
2171 3831 2269 3885 vete-

1284 3939 1340 3984 res
1363 3916 1512 3994 abusus,
1539 3918 1599 3984 sed
1623 3920 1808 4005 praecedat
1822 3941 1903 3986 vera
1918 3918 2139 4001 diiudicatio,
2165 3941 2269 4009 quae,

1285 4018 1443 4086 simodo
1469 4017 1553 4086 velit
1577 4016 1789 4109 Imperator,
1815 4042 1888 4086 non
1903 4019 2056 4088 difficilis
2077 4033 2138 4090 est.
2190 4014 2272 4087 Ad-

1284 4118 1420 4189 ficiatur
1432 4117 1628 4188 miserrima
1643 4115 1819 4188 Ecclesiae
1835 4121 1965 4208 specie:
1987 4121 2164 4190 discordia
2176 4120 2273 4212 parit

1283 4220 1321 4287 in
1343 4235 1491 4313 utraque
1518 4235 1615 4310 parte
1647 4220 1842 4309 plurimum
1867 4222 2052 4308 vitiorum,
2086 4222 2271 4291 confirmat

1282 4322 1466 4389 audaciam
1484 4321 1523 4388 in
1538 4321 1650 4389 malis.
1701 4316 1803 4388 Alibi
1818 4322 2043 4392 trucidantur
2059 4323 2111 4414 pii
2134 4337 2167 4393 et
2188 4346 2271 4392 eru-

1283 4422 1367 4506 diti,
1392 4422 1593 4492 retinentur
1608 4421 1784 4489 idolorum
1805 4422 1939 4505 cultus,
1959 4424 2191 4493 stabiliuntur
2205 4424 2271 4492 lla-

1282 4523 1427 4612 gitiosae
1447 4523 1632 4606 libidines,
1658 4522 1790 4612 templa
1810 4537 1904 4592 muta
1921 4537 2021 4603 sunt,
2048 4549 2113 4594 nec
2136 4520 2271 4597 habeut

1282 4624 1429 4692 idoneos
1463 4624 1745 4693 concionatores:
1785 4636 1820 4693 et
1846 4625 1929 4716 quia
1956 4626 2119 4698 doctriua
2152 4626 2272 4697 consi-
2302 4678 2304 4680 ψ

1282 4724 1398 4803 lescit,
1424 4725 1527 4792 multi
1550 4724 1726 4808 incipiunt
1743 4749 1860 4795 amare
1882 4720 2082 4815 prophanas
2098 4740 2131 4797 et
2150 4729 2275 4819 epicu-
2329 4813 2331 4816 Α

1282 4849 1357 4895 reas
1372 4826 1569 4915 opiniones.
1619 4824 1716 4896 Haec
1741 4828 1846 4916 pestis
1861 4827 1924 4894 diu
1942 4826 1980 4894 in
2000 4826 2098 4898 ltalia
2116 4843 2273 4918 grassata

241 4945 366 5000 rentur
381 4940 474 4997 certa
491 4923 691 4993 testimonia
707 4920 938 5010 probatorum
962 4935 1137 5008 autorum,
1164 4949 1228 4996 nec
1282 4940 1352 5011 est,
1374 4951 1470 4996 nunc
1494 4927 1596 4995 etiam
1619 4943 1771 4997 caeteras
1794 4928 1955 4997 nationes
1970 4930 2116 4999 invadit.
2170 4926 2272 5002 Alibi

239 5032 501 5124 permitteretur
517 5024 581 5093 ulli
597 5048 638 5091 ex
653 5045 725 5092 sese
741 5021 872 5109 fingere
886 5044 996 5091 novas
1019 5023 1227 5115 interpreta-
1280 5028 1652 5098 emendatisabusibus
1662 5031 1853 5099 succedunt
1867 5052 1957 5098 nova
1968 5032 2078 5115 mala,
2104 5044 2271 5123 propter-

239 5136 363 5206 tiones.
395 5126 589 5216 Aliquanto
606 5137 683 5213 post
698 5137 835 5191 secutae
846 5137 931 5194 sunt
942 5120 1090 5216 Synodi,
1106 5123 1229 5218 Ephe-
1280 5154 1338 5213 ca,
1364 5130 1446 5222 quia
1461 5131 1546 5199 boni
1564 5133 1725 5200 doctores
1740 5154 1815 5198 non
1829 5131 2043 5200 adiuvantur
2056 5133 2100 5201 ab
2117 5134 2176 5216 iis,
2203 5133 2270 5225 qui

238 5237 314 5307 sina
332 5240 522 5302 convocata
538 5249 557 5293 a
578 5225 719 5292 iuniore
733 5219 957 5304 Theodosio,
983 5239 1017 5295 et
1032 5222 1227 5299 Chalcedo-
1279 5231 1500 5322 disciplinam
1518 5234 1607 5302 tueri
1623 5234 1811 5323 debebant,
1849 5229 1983 5303 Crescit
1999 5233 2106 5323 igitur
2124 5234 2268 5304 licentia

236 5337 357 5408 nensis
372 5323 801 5401 convocataaMartiano.
852 5324 924 5396 Sed
938 5340 1113 5419 utranque
1129 5332 1226 5400 arbi·
1278 5346 1312 5402 et
1328 5334 1444 5423 legum
1466 5349 1699 5427 contemptus.
1749 5331 1832 5402 Non
1847 5335 1960 5403 frenat
1980 5337 2120 5406 animos
2137 5337 2270 5430 pudor,

234 5455 310 5512 tror
324 5435 495 5506 indictam
509 5449 583 5499 csse
596 5425 746 5497 consilio
759 5425 932 5499 foeminae
947 5428 1226 5522 sapientissimae
1276 5459 1351 5505 non
1379 5436 1572 5527 modestia,
1604 5459 1678 5507 non
1707 5434 1797 5505 iuris
1823 5437 2040 5523 reverentia,
2071 5440 2132 5511 sed
2156 5439 2270 5510 vincit
