4732 6030
127 327 178 413 ta
638 319 798 398 DECL.
832 318 907 394 DE
938 314 1211 395 ENCOMlO
1245 310 1684 409 ELOQUENTIAE.
2129 328 2180 399 ao

128 496 217 572 Deo.
277 492 328 567 Et
349 494 511 589 quamvis
533 518 636 563 verae
660 489 879 584 Theologiae
897 497 1071 565 Doctores
1091 506 1125 561 et
1177 492 1262 560 dum
1280 505 1505 581 praeceptum
1521 484 1688 581 Decalogi
1703 485 1771 563 hoc
1786 495 1953 586 postulat,
1982 511 2021 569 ut
2038 524 2172 574 nomen

129 597 313 690 discipuli,
337 597 410 667 sive
435 591 676 679 Patriarchas,
709 597 783 664 sive
803 595 892 665 alios
907 611 1048 666 sanctos
1067 609 1124 662 re'-
1175 589 1243 661 Dei
1267 594 1313 662 ab
1334 593 1434 662 omni
1460 604 1618 662 creatura
1648 595 1791 663 maximi
1823 601 2017 689 pendatur,
2052 617 2087 674 et
2108 608 2172 675 ad.

127 700 334 793 spiciamus,
361 696 543 768 Habelicis
569 711 737 789 perpetuo
756 699 905 768 subiecti
927 712 1009 767 sunt
1029 697 1125 788 peri·
1176 708 1315 765 oretur:
1341 689 1405 762 has
1422 717 1506 762 vero
1522 687 1724 785 prophanas
1739 722 1855 784 voces,
1877 712 2045 793 tanquam
2063 729 2170 777 vene-

127 802 216 872 culis
245 799 304 894 (ut
333 799 483 871 Satanae
510 799 632 868 odium
657 824 841 892 nunquam
873 800 999 888 cessat)
1025 798 1124 866 duris
1175 812 1256 865 nata
1282 796 1414 885 spicula
1430 795 1583 866 Satanae
1607 797 1761 885 fugiant,
1788 801 1918 892 quibus
1942 798 2169 896 Theologiae

127 903 397 981 certaminibus,
421 914 455 971 et
470 901 578 969 variis
594 901 765 991 agonibus
785 902 1028 972 conflictantes
1043 925 1121 967 cum
1175 914 1236 969 aut
1259 893 1524 989 Theologorum
1548 923 1679 967 nomen
1704 898 1832 970 ironiis
1855 904 1990 974 acerbis
2014 909 2168 998 exagita-
2223 897 2225 901 ¹

126 1005 272 1075 diabolo
306 1016 341 1074 et
373 1002 529 1085 mundo,
564 1015 598 1072 et
627 1003 789 1096 quamvis
821 1004 922 1093 impii
952 1015 1121 1094 perpetuo
1175 1013 1253 1078 tur,
1280 1022 1368 1092 quae
1393 1002 1529 1068 animos
1549 1013 1688 1070 teneros
1710 1002 1878 1088 efferare,
1903 1017 1938 1074 et
1961 1021 2165 1101 contemptu

128 1118 272 1177 teneant
288 1104 433 1173 titulum
449 1100 557 1188 Cain,
584 1098 652 1173 hoc
670 1118 738 1189 est,
764 1106 991 1194 possessoris,
1025 1105 1120 1196 quod
1173 1099 1355 1190 religionis
1373 1101 1409 1167 in
1425 1125 1566 1169 omnem
1582 1103 1755 1196 reliquam
1771 1118 1918 1175 aetatem
1935 1105 2106 1195 imbuere,
2131 1127 2166 1184 et
2223 1190 2233 1201 ι

127 1231 234 1297 regna
268 1206 488 1296 possideant,
521 1217 694 1297 quaerant
725 1230 826 1295 opes,
861 1207 1027 1276 fruantur
1058 1231 1121 1274 vo·
1173 1227 1311 1272 veneno
1333 1202 1487 1271 satanico
1514 1202 1692 1287 incautos,
1733 1216 1772 1273 ut
1797 1230 1870 1274 non
1893 1208 1996 1277 facile
2026 1212 2164 1282 eluatur

127 1308 342 1400 luptatibus,
364 1302 518 1375 habeant
532 1308 710 1397 ingentem
729 1308 896 1397 gloriam,
925 1307 1118 1402 etquidem
1173 1319 1304 1394 postea,
1326 1303 1467 1372 inlicere
1482 1303 1607 1372 solent.
1641 1302 1734 1374 Satis
1752 1307 1846 1373 enim
1863 1310 1999 1399 negocii
2018 1306 2163 1395 habent,

127 1423 311 1504 praetextu
345 1407 503 1477 iusticiae
538 1422 797 1501 persequantur
826 1404 1041 1492 Ecclesiam,
1080 1422 1118 1477 nt
1171 1402 1324 1499 satisque
1339 1405 1540 1476 certaminis
1557 1400 1595 1473 hi
1614 1405 1676 1498 qui
1693 1406 1855 1497 suspiriis
1872 1423 1904 1477 et
1926 1413 2086 1483 oratione
2105 1417 2163 1484 in-

127 1510 217 1582 Cain
247 1512 284 1578 in
308 1511 452 1579 fratrem
474 1506 590 1579 Habel
622 1511 815 1587 saeviebat:
851 1525 969 1588 tamen
996 1535 1120 1579 omncs
1172 1507 1347 1577 desinenti
1374 1509 1612 1604 contendunt,
1635 1520 1676 1577 ut
1694 1508 1733 1575 in
1750 1532 1870 1578 amore
1886 1510 2068 1602 religionis
2085 1541 2161 1586 ma-

127 1609 267 1682 honesti
295 1625 327 1681 ct
358 1610 407 1702 pii
438 1606 619 1696 homines,
652 1613 836 1704 praecipue
869 1614 1118 1691 adolescentes,
1170 1624 1296 1694 neant,
1329 1623 1468 1680 tantum
1495 1610 1611 1694 abest,
1636 1622 1676 1679 ut
1704 1632 1778 1678 non
1808 1611 1854 1681 sit
1882 1614 2098 1703 periculum,
2130 1621 2161 1688 si

125 1714 367 1806 cuiuscunque
378 1713 452 1783 sint
464 1713 622 1795 ordinis,
647 1717 1041 1807 quodcunquetandem
1061 1715 1116 1783 in·
1171 1713 1249 1804 quis
1275 1736 1371 1781 more
1393 1709 1529 1804 Cynico
1556 1711 1594 1778 in
1618 1710 1728 1780 risum
1760 1711 1948 1807 iocumque
1969 1731 2082 1786 vertat
2104 1743 2160 1791 res

125 1815 332 1904 grediantur
353 1814 553 1884 studiorum
576 1815 661 1900 iter,
687 1816 760 1884 sive
779 1817 955 1885 bonarum
977 1817 1119 1899 artium,

123 1916 198 1985 sive
222 1917 310 1986 iuris
335 1915 563 2007 prudentiae,
592 1910 688 1984 hunc
709 1911 882 1985 honorem
908 1918 1038 1985 debent
1053 1911 1115 1983 ha·

123 2019 210 2085 bere
227 2017 320 2099 Deo,
353 2030 393 2085 ut
418 2015 524 2084 sacris
547 2015 660 2084 literis
687 2029 722 2086 et
748 2012 964 2106 Tlreologiae
979 2017 1116 2086 studio·

125 2118 173 2187 sis
190 2115 284 2209 (sine
298 2141 367 2209 qua
383 2118 425 2184 ad
444 2117 568 2196 linem,
595 2116 634 2186 in
651 2142 754 2209 quem
779 2130 915 2188 creatus
933 2114 1116 2201 est-homo,

124 2218 305 2308 perveniri
318 2241 391 2285 non
409 2213 539 2310 potest)
558 2211 732 2287 honorem
757 2243 933 2289 summum
950 2214 1115 2293 habeant.

122 2316 171 2390 Et
186 2344 268 2404 nos,
291 2319 420 2412 quibus
435 2322 625 2389 mandatur
637 2320 818 2411 provincia
830 2322 981 2391 docendi
993 2317 1115 2391 Evan-

124 2421 225 2511 gelii,
251 2421 391 2491 tametsi
416 2420 630 2505 vocationis,
662 2435 696 2491 et
721 2422 772 2491 rei
787 2435 912 2527 >antae
936 2422 1114 2513 magnitu-

124 2527 170 2592 do
186 2521 312 2591 merito
336 2546 402 2591 nos
416 2521 587 2593 sollicitos
603 2524 757 2604 detinet,
785 2537 831 2595 ut·
846 2525 885 2595 in
901 2526 1029 2596 timore
1046 2522 1114 2594 Dei

126 2647 181 2693 res
194 2637 308 2694 tantas
332 2623 636 2708 administremus,
667 2639 787 2695 tamen
804 2627 933 2716 gratias
950 2652 991 2697 ex
1008 2628 1114 2697 corde

123 2723 220 2795 Patri
238 2725 378 2795 coelesti
401 2750 504 2815 agere
521 2727 707 2807 debemus,
735 2730 831 2820 quod
851 2728 981 2815 relictis
996 2729 1035 2798 in
1050 2752 1113 2800 sua

123 2827 289 2897 caecitate
306 2840 359 2897 tot
374 2822 575 2918 Epicureis,
602 2841 654 2897 tot
668 2830 801 2896 acerbis
815 2825 977 2899 hostibus
992 2827 1114 2899 Evan-

123 2929 205 3018 gelii
238 2942 272 2998 et
295 2927 497 3015 religionis,
532 2939 585 2994 tot
607 2920 821 3017 hypocritis,
852 2943 886 2997 et
916 2924 1113 2999 pharisaeis

122 3030 304 3120 superbis,
336 3039 387 3094 tot
415 3024 689 3094 admiratoribus
713 3027 899 3098 obstinatis
928 3024 1035 3099 huius
1058 3056 1113 3100 se-

123 3131 217 3212 culi,
244 3125 348 3195 nobis
371 3125 521 3194 infirmis
542 3139 575 3195 et
598 3127 754 3217 indignis
779 3125 962 3220 Evangelii
986 3132 1113 3218 lucem,

123 3245 158 3299 et
172 3229 308 3320 aliquas
328 3241 445 3297 tamen
460 3227 631 3300 scintillas
654 3229 799 3319 spiritus
813 3227 947 3302 Christi
964 3235 1113 3319 dederit,

123 3327 189 3399 has
211 3327 402 3420 primitias,
431 3324 526 3398 hunc
550 3331 760 3409 arrabonem
776 3334 979 3404 coelestium
996 3338 1113 3405 bono·

122 3456 202 3500 rum
220 3444 254 3499 et
269 3444 430 3499 aeternae
446 3431 556 3515 vitae,
582 3431 749 3502 omnibus
771 3435 918 3526 opibus,
944 3437 1112 3507 omnibus

121 3531 250 3602 mundi
274 3531 392 3620 regnis
423 3532 536 3623 pluris
559 3533 797 3609 aestimemus.
856 3535 1021 3610 Habeant
1042 3539 1111 3608 sibi

120 3658 220 3709 suam
256 3634 470 3723 praeclaram
503 3634 783 3721 beatitudinem,
814 3651 848 3708 et
875 3639 937 3707 illa
971 3641 1111 3729 gaudia,

122 3735 184 3829 qui
199 3735 277 3805 sine
292 3733 390 3817 Deo,
415 3734 492 3802 sine
512 3736 701 3825 religione,
726 3740 921 3811 carnalium
937 3742 1108 3834 cupidita·

121 3852 196 3910 tum
220 3837 318 3907 rabie
339 3835 495 3920 incitati,
526 3832 693 3909 anbelant
715 3840 781 3909 toti
804 3844 1054 3914 adcommoda
1077 3858 1111 3914 et

121 3939 319 4029 voluptates
336 3931 601 4022 huiusmodi,
626 3953 662 4008 et
678 3964 760 4030 prae
774 3942 847 4013 illis
862 3957 972 4014 totam
989 3942 1109 4015 Theo·

121 4040 271 4130 logiam,
297 4053 480 4131 totumque
495 4031 730 4127 Evangelium
744 4065 819 4110 non
835 4044 942 4112 unius
957 4046 1043 4113 assis
1057 4046 1111 4114 sa·

122 4141 221 4211 ciunt
228 4194 241 4228 ,
266 4166 340 4211 non
356 4163 449 4210 cassa
466 4163 555 4210 nuce
569 4155 726 4232 emptum
741 4142 811 4213 sibi
826 4144 947 4217 velint.
999 4143 1111 4233 Quic-

121 4243 206 4336 quid
230 4244 295 4327 sit,
328 4242 385 4310 vel
413 4241 625 4333 experientia
657 4243 767 4332 ipsius
799 4247 927 4314 mundi
953 4259 1111 4332 testatur,

121 4345 204 4414 illos
228 4344 359 4415 versari
374 4343 412 4411 in
434 4343 568 4414 incerto
587 4360 621 4415 et
636 4345 792 4430 lubrico,
813 4360 853 4416 ut
868 4342 1030 4418 Christus
1044 4349 1110 4420 ait:

123 4444 222 4533 Quid
240 4449 381 4537 prodest
396 4446 558 4526 tandem,
590 4446 621 4514 si
636 4470 728 4515 unus
745 4441 938 4518 homuncio
957 4449 1111 4539 potiatur

122 4570 261 4626 rerum,
286 4563 378 4618 terra
392 4547 553 4640 marique
575 4560 699 4638 potens
715 4548 779 4633 sit,
806 4563 989 4644 totumque
1007 4551 1111 4621 deni·

1171 1827 1304 1894 tantas,
1330 1815 1368 1880 in
1389 1838 1539 1904 quarum
1559 1814 1670 1899 digna
1686 1813 1921 1884 admiratione
1941 1816 2000 1885 vix
2023 1823 2159 1913 magnis

1171 1914 1423 1984 certaminibus
1446 1938 1482 1982 se
1508 1913 1677 1998 retinent,
1707 1914 1781 1982 imo
1804 1940 1824 1984 a
1848 1916 1920 1988 Deo
1948 1921 2183 2004 retinentum·

1171 2015 1232 2107 qui
1251 2040 1331 2085 vere
1345 2028 1429 2085 sunt
1444 2015 1575 2099 sancti,
1599 2038 1751 2109 vereque
1767 2017 1829 2108 pii.
1880 2018 1971 2089 Dixi.

1191 2423 1259 2496 No.
1285 2424 1321 2496 6.
1984 2456 2033 2500 an.
2048 2436 2143 2499 1523.

1975 2521 2148 2551 M

1357 2640 1631 2729 Encomc'am
1657 2644 1954 2753 eloquentiae.

1233 2818 1384 2892 Separatim
1398 2818 1517 2892 prodiit,
1534 2828 1564 2871 ut
1577 2818 1681 2874 dictum
1697 2830 1737 2873 est
1749 2820 1777 2873 in
1791 2818 1859 2890 Epp.
1878 2820 1938 2872 Vol.
1955 2820 1975 2877 Ι.
1987 2840 2021 2940 p.
2035 2823 2087 2876 644
2100 2844 2153 2896 sq.,
2197 2888 2199 2892 y

1267 2889 1314 2942 ubi
1327 2890 1451 2941 dedimus
1464 2888 1604 2956 epistolam
1618 2888 1846 3010 nuncupatoriam
1860 2889 1892 2941 ad
1905 2888 1973 2945 Sim.
2015 2911 2028 2942 r

1267 2959 1372 3011 Recusa
1386 2958 1457 3026 apud
1473 2956 1626 3026 Crat.Myl.
1642 2974 1666 3024 p.
1681 2960 1712 3007 10
1731 2995 1747 3035 ⁸,
1767 2955 1795 3006 in
1806 2956 1957 3010 Declamat.
1972 2909 2154 3032 ἸζΙῖἓιῖὃῗ,

1265 3027 1294 3079 in
1309 3024 1427 3081 Servent.
1442 3024 1462 3078 Ι.
1479 3042 1506 3095 p.
1519 3021 1597 3091 884„
1615 3023 1687 3096 apud
1704 3021 1832 3082 Racbard.
1847 3023 1866 3081 l.
1883 3042 1909 3092 p.
1926 3023 1987 3079 252.

1164 3188 1415 3256 Necessariae
1437 3203 1516 3252 esse
1532 3180 1586 3252 ad
1600 3203 1708 3254 omne
1730 3182 1940 3255 studiorum
1951 3207 2073 3281 penas
2088 3211 2155 3262 ar-

1163 3296 1224 3359 tes
1238 3284 1404 3375 dicendi,
1430 3280 1526 3355 Pha.
1544 3287 1634 3356 Met.
1650 3286 1905 3360 Declamatio.
1943 3292 2051 3375 (θίγοι
2075 3296 2153 3364 En·

1430 3389 1592 3458 comtum
1614 3387 1883 3484 eloquentiae.)

1164 3523 1479 3628 Quemadmodum
1499 3531 1655 3603 Hesiodo
1679 3535 1795 3621 dolet,
1820 3537 1955 3606 nescire
1976 3543 2152 3634 mortales,

1163 3652 1335 3733 quantum
1360 3650 1394 3712 et
1414 3634 1536 3705 Malva
1561 3650 1596 3705 et
1618 3631 1799 3705 Albucum
1817 3639 1953 3708 adferre
1975 3630 2152 3713 commodi

1162 3743 1268 3812 rebus
1290 3736 1456 3809 humanis
1479 3750 1630 3831 queant,
1656 3739 1795 3809 tametsi
1818 3740 1905 3808 viles
1929 3736 2077 3825 herbae,
2104 3747 2153 3815 ita

1162 3868 1227 3913 nos
1244 3865 1385 3935 qnoque
1408 3863 1483 3908 non
1498 3863 1594 3908 nunc
1616 3839 1769 3927 primum
1788 3840 1971 3928 querimur
1988 3843 2153 3932 ignorare

1162 3945 1420 4020 adulescentes,
1445 3949 1616 4027 quantum
1634 3939 1808 4007 momenti
1830 3933 1982 4012 babeant
1997 3945 2041 4013 ad
2066 3947 2152 4015 soli-

1164 4046 1246 4111 dam
1262 4037 1498 4109 eruditionem
1513 4037 1709 4126 parandum
1724 4037 1865 4108 dicendi
1880 4055 1983 4122 artes,
2007 4049 2152 4138 quaein

1163 4142 1312 4234 speciem
1328 4135 1421 4208 nibil
1438 4138 1648 4230 profitentur
1661 4138 1848 4225 eiusmodi,
1871 4142 1930 4211 cui
1945 4146 2072 4236 vulgus
2086 4153 2152 4220 ad-

1164 4245 1326 4338 plaudat,
1361 4254 1536 4311 caeterum
1570 4240 1722 4311 utilitate
1754 4241 1856 4311 facile
1888 4268 1943 4313 res
1977 4242 2151 4322 humanas
2228 4256 2231 4261 ’

1163 4369 1286 4417 omncs
1303 4344 1462 4415 vicerint.
1480 4335 1612 4434 -Neque
1621 4342 1716 4411 enim
1730 4367 1879 4437 usquam
1889 4346 2084 4441 quidquam
2100 4369 2153 4424 eat

1164 4450 1203 4519 in
1217 4462 1288 4518 tota
1304 4470 1423 4515 rerum
1441 4444 1688 4528 universitate,
1719 4448 1816 4514 unde
1831 4448 1875 4514 ad
1891 4452 2056 4521 mortales
2075 4477 2152 4523 am-

1165 4550 1277 4641 pliora
1295 4549 1499 4631 commoda,
1524 4570 1629 4639 quam
1653 4569 1692 4613 ex
1716 4540 1783 4616 hoc
1801 4547 1929 4617 artium
1950 4573 2076 4640 genere
2094 4562 2153 4626 re-'

122 4672 194 4741 que
209 4652 380 4719 mundum
395 4672 489 4719 unus
507 4643 649 4732 habeat,
673 4649 702 4719 si
718 4651 856 4720 animae
871 4653 1040 4722 iacturam
1055 4654 1108 4724 fa·
1164 4655 1281 4724 deant.
1322 4648 1391 4720 Sed
1412 4672 1491 4717 cum
1507 4671 1628 4716 earum
1647 4647 1804 4737 precium
1821 4649 1985 4720 iuventus
2000 4654 2152 4745 ignoret,

122 4750 217 4820 ciat?
268 4745 344 4837 Ego
365 4774 448 4821 vero
473 4745 530 4819 hic
556 4745 683 4821 hortor
707 4776 830 4821 omnes
860 4753 937 4846 pios
962 4754 1111 4835 animos,
1164 4756 1221 4838 fit,
1247 4766 1287 4821 ut
1309 4750 1485 4843 plerisque
1506 4751 1689 4832 sordeant,
1714 4749 1932 4844 minimeque
1948 4754 2076 4844 dignae
2095 4760 2152 4831 iu·

121 4849 345 4945 potissimum
370 4853 625 4932 adolescentes,
667 4867 811 4944 propter
841 4878 930 4948 quos
962 4856 1112 4925 maxime
1164 4856 1346 4937 dicentur,
1371 4853 1501 4945 quibus
1515 4851 1691 4920 discendis
1705 4873 1846 4939 operam
1859 4869 2001 4925 navent.
2043 4858 2153 4930 Prae-

121 4950 188 5024 hae
221 4975 369 5044 pompae
399 4952 437 5021 in
465 4953 675 5047 gymnasiis,
717 4959 759 5023 ad
792 4959 1109 5027 commendandam
1165 4957 1300 5026 clarum
1330 4967 1381 5024 cst
1404 4947 1662 5044 Philosophum
1690 4952 1778 5020 dici:
1814 4955 2057 5044 magnificum,
2091 4961 2154 5034 lu.

122 5056 329 5145 dignitatem
354 5053 535 5125 literarum
560 5069 595 5125 et
610 5056 792 5145 religionis
808 5060 1047 5143 adornantur,
1071 5072 1112 5129 ut
1164 5056 1416 5129 risconsultum
1452 5055 1592 5123 andire:
1637 5048 1834 5144 theologico
1864 5059 2026 5141 nomine,
2060 5060 2153 5135 nihil

121 5159 208 5227 inde
224 5158 270 5227 ab
288 5157 434 5224 ineunte
456 5169 565 5227 aetate
585 5158 817 5229 assuefaciant
832 5184 868 5229 se
884 5163 928 5229 ad
942 5184 1111 5230 reveren·
1164 5156 1233 5229 hoc
1256 5173 1414 5252 tempore
1438 5157 1482 5225 ad
1507 5155 1634 5245 vulgus
1662 5155 1887 5245 plausibilius
1912 5174 1979 5230 est:
2010 5162 2155 5235 dicendi

121 5259 206 5332 tiam
233 5274 266 5330 et
290 5280 446 5326 amorem
468 5257 667 5349 religionis,
699 5273 808 5354 utque
823 5264 867 5330 de
885 5256 1112 5332 hacsanctis-
1164 5262 1313 5346 artium,
1345 5273 1514 5351 tanquam
1536 5255 1819 5346 Megarensium,
1850 5261 1949 5330 nulla
1974 5264 2064 5333 ratio
2088 5260 2154 5334 ha·

121 5362 209 5431 sima
245 5359 461 5451 professione
495 5358 582 5453 (etsi
617 5356 792 5452 Theologi
818 5358 981 5434 homines
1016 5361 1110 5458 sint)
1163 5365 1280 5434 betur.
1332 5361 1524 5452 Propterea
1547 5359 1661 5429 visum
1683 5374 1734 5430 est
1763 5355 1934 5431 hocloco
1961 5364 2156 5452 ostendere,

118 5463 302 5552 magnifice
325 5460 480 5532 sentiant
502 5475 536 5532 et
557 5463 761 5556 loquantur.
820 5463 912 5536 Nam
930 5481 962 5537 et
986 5488 1111 5536 secun·
1164 5490 1255 5561 qaae
1276 5488 1331 5536 res
1353 5462 1503 5533 maxime
1527 5462 1631 5534 nobis
1653 5486 1774 5532 earum
1792 5462 1949 5533 studium
1973 5487 2155 5536 commen·

172 5569 352 5636 biscaran.
372 5569 472 5634 Orsa.
503 5568 576 5632 voc
603 5567 667 5638 XI.
1488 5561 1513 5634 4
