4732 6030
33 346 35 350 -
120 287 196 364 stt

615 273 773 353 nucu.
806 271 880 350 nn
913 265 1317 353 rurunaronn
1348 212 1597 341 ossone
1631 266 1659 340 1.

2082 268 2157 347 51⁸

93 460 245 544 cessit,
277 455 354 529 Rex
383 450 598 526 Germaniae
627 464 679 522 est
714 449 943 530 constitutus,
985 446 1115 517 deinde
1166 444 1209 513 ad
1228 437 1399 511 Ottonem
1417 441 1568 510 delatam
1583 441 1626 511 ad
1643 462 1679 510 se
1697 440 1873 532 pertinere
1888 441 2159 534 arbitrarentur,

122 577 246 632 nactus
261 579 405 629 uxorem
420 553 646 644 Imperatoris
662 548 881 624 Graecorum
897 548 1042 619 loannis
1055 571 1113 623 so-

121 686 237 732 rorem
264 651 547 748 Theophaniam.
610 653 726 724 Taceo
750 652 907 746 reliquos
919 650 1114 740 Principes,

121 777 275 856 quorum
293 756 539 851 propinquitas
563 755 676 826 multa
694 748 825 826 Ottoni
848 753 1053 844 adcopiam
1080 762 1115 820 et

121 865 165 933 ad
185 883 270 933 usus
290 859 518 949 largiebatur.

117 1017 130 1032 ,
223 955 671 1053 ImperatorRomanorum
689 968 724 1025 et
733 951 1008 1034 Germanorum,
1030 975 1115 1044 pro-

122 1079 200 1156 pter
213 1062 387 1152 insignem
403 1057 543 1128 virtutis
557 1057 784 1149 opinionem,
806 1056 919 1125 dictus
935 1069 986 1125 est
1000 1078 1019 1123 a
1037 1078 1114 1122 mo-

122 1167 236 1235 rituro
260 1175 359 1254 patre
383 1158 551 1229 Henrico.
608 1155 796 1249 Quotquot
826 1157 921 1227 enim
945 1153 1114 1227 Carolum

123 1265 297 1356 Magnum
305 1266 592 1344 antecesserunt,
617 1272 651 1328 et
667 1258 775 1327 secuti
792 1271 874 1328 sunt
891 1257 977 1327 boni
996 1254 1113 1347 Impe-

123 1382 257 1437 ratores
272 1386 382 1456 usque
404 1363 449 1431 ad
463 1374 622 1451 tempora
641 1354 787 1430 Ottonis
808 1359 921 1443 tertii,
947 1382 1020 1426 non
1039 1381 1113 1425 am-

123 1469 259 1538 bitione
282 1462 339 1560 (ut
361 1462 520 1555 plerique
536 1460 769 1551 Imperatores
795 1456 941 1552 Graeci)
958 1462 1017 1528 sed
1035 1456 1115 1548 opi-

126 1570 232 1638 nione
249 1563 437 1655 singularis
453 1561 681 1653 prudentiae,
713 1560 889 1644 indiciae,
913 1574 1115 1651 temperan-

125 1672 211 1752 tiae,
236 1667 425 1757 imperium
448 1665 524 1732 sine
541 1664 728 1733 autoritate
749 1660 930 1731 Pontificis
946 1662 1114 1732 obtinue-

124 1783 220 1844 runt.
271 1766 387 1855 Quam
413 1767 555 1857 quidem
571 1763 861 1834 consuetudinem
878 1763 941 1832 etsi
963 1762 1115 1852 accepis-

125 1885 179 1942 set
193 1894 211 1940 a
228 1867 424 1938 maioribus
441 1861 550 1946 Otto,
574 1879 712 1948 tamen,
739 1866 833 1956 quod
849 1877 1027 1934 vereretur
1040 1864 1116 1930 for-

125 1987 216 2043 tasse
245 1966 539 2039 existimationem
578 1965 792 2048 multorum,
831 1964 962 2056 quibus
995 1986 1115 2032 errore

126 2073 279 2164 quodam
306 2080 550 2160 persuaserant
579 2064 679 2149 ltali,
717 2088 791 2132 non
827 2059 1009 2134 habendos
1043 2086 1116 2132 esse

126 2195 275 2241 numero
299 2167 545 2240 Romanorum
566 2165 823 2257 Imperatorum
849 2179 984 2255 patrem
1007 2161 1116 2236 Otto-

126 2273 202 2357 nis,
222 2269 418 2340 Henricum
437 2268 612 2359 primum,
637 2280 691 2351 et,
717 2267 778 2359 qui
798 2260 895 2336 hunc
918 2267 1116 2351 antecessit,

125 2373 331 2446 Conradum
353 2368 549 2449 Francum,
582 2368 665 2462 quia
692 2368 917 2438 autoritatem
941 2367 1117 2462 pontilicis

127 2472 378 2563 neglexissent,
413 2495 491 2542 cum
515 2469 669 2561 primum
698 2483 798 2560 pater
821 2467 997 2540 Henricus
1020 2492 1117 2538 mor-

127 2591 209 2646 tuus
222 2587 328 2658 esset,
353 2586 542 2641 coronatus
561 2565 649 2642 Otto
665 2593 685 2639 a
699 2594 839 2643 summo
854 2567 1116 2640 Germanorum

129 2677 294 2770 pontifice
318 2671 533 2763 Maguntino
553 2669 762 2743 Hildeberto
785 2667 977 2758 monacho,
1004 2672 1117 2741 exrel-

127 2779 216 2849 Ienti
232 2776 393 2847 doctrina
407 2774 586 2866 praedito,
603 2769 837 2864 Aquisgiani,
862 2771 1001 2846 Romae
1011 2774 1116 2844 etiam

130 2902 295 2949 coronam
312 2875 455 2967 imperii
476 2873 609 2964 accepit
629 2895 649 2941 a
667 2872 787 2942 Leone
803 2887 941 2943 octavo.

229 2975 435 3050 Declaratus
464 2997 548 3054 vero
580 2970 775 3060 Imperator
795 2995 957 3062 regnasse
988 2975 1119 3044 dicitur

129 3103 263 3152 annum
283 3074 499 3144 tricesimum
521 3085 666 3145 sextum.
725 3070 847 3163 Longe
863 3074 902 3141 in
923 3069 991 3144 hoe
1008 3075 1119 3163 magi-

129 3192 241 3252 stratu
264 3174 441 3268 principes
475 3195 619 3243 suorum
649 3185 848 3264 temporum
877 3176 1040 3246 excelluit
1061 3177 1120 3244 in-

131 3280 222 3370 signi
240 3278 387 3370 pietate,
410 3274 545 3363 egregie
569 3272 680 3342 animi
704 3276 950 3365 magnitudine
975 3292 1010 3349 et
1033 3301 1120 3347 con-

1164 539 1294 614 Ottoni
1322 566 1397 610 non
1434 557 1534 614 erant
1564 542 1680 614 amici.
1741 539 1836 613 Hinc
1859 545 1990 614 lactum
2015 561 2083 629 est,
2117 562 2157 620 ut

1163 669 1244 715 cum
1260 637 1429 713 Bohemis
1444 644 1647 736 quindecim
1661 667 1774 712 annos
1785 645 2008 717 continenter
2022 650 2156 720 bellum

1164 745 1326 837 gesserit,
1370 758 1516 837 propter
1563 745 1833 835 amplitudinem
1878 747 2157 845 gravitatemque

1163 847 1315 918 civitatis
1336 843 1528 917 Bohemiae
1550 848 1683 933 multo,
1708 871 1812 941 quam
1827 872 1924 918 nunc
1944 862 2016 935 est,
2041 853 2157 924 maio-

1162 973 1249 1019 rem.
1288 944 1381 1018 Cum
1395 945 1546 1038 Ungaris
1561 947 1750 1019 Saxoniam
1766 949 2032 1042 stipendiariam
2042 952 2156 1025 lactu-

1163 1053 1231 1134 ris,
1256 1049 1353 1141 quod
1375 1049 1509 1119 inimici
1536 1050 1674 1142 imperii
1692 1047 1846 1122 Romani
1868 1077 1948 1121 cum
1973 1066 2071 1143 patre
2084 1050 2156 1126 Ot-

1164 1151 1259 1222 tonis
1271 1148 1429 1219 Henrico
1448 1153 1568 1219 eadem
1593 1154 1637 1219 de
1660 1176 1761 1220 causa
1784 1154 1892 1222 armis
1907 1177 2048 1247 quoque
2064 1180 2153 1225 con·

1166 1250 1379 1336 tendissent,
1413 1250 1536 1321 diuet
1566 1253 1693 1322 acriter
1719 1256 1959 1324 decertaverit.
2021 1255 2154 1346 Magna

1164 1355 1270 1424 etiam
1293 1355 1387 1442 apud
1411 1376 1534 1421 omnes
1558 1348 1664 1423 hodie
1685 1354 1854 1425 autoritas
1879 1370 1930 1427 est
1954 1357 2028 1426 eius
2055 1360 2153 1445 belli,

1165 1457 1203 1523 in
1220 1478 1290 1548 quo
1307 1454 1451 1544 triginta
1465 1455 1603 1523 duabus
1618 1455 1817 1543 legionibus
1831 1481 1870 1525 ex
1887 1458 1984 1526 omni
2000 1457 2154 1530 Saxonis

1165 1555 1311 1640 coactis,
1345 1579 1424 1625 cum
1448 1552 1600 1645 Hugone
1628 1553 1815 1625 Gallorum
1846 1559 1951 1639 darre,
1980 1584 2154 1632 novarum

1164 1680 1302 1743 rerum,
1322 1671 1356 1727 et
1372 1656 1489 1746 magni
1508 1656 1648 1747 imperii
1665 1654 1723 1752 (ut
1739 1671 1790 1728 est
1806 1657 2155 1760 Gallorumnatura)

1164 1758 1393 1849 cupidissimo
1410 1758 1579 1830 conflixit.

1263 1857 1345 1927 Non
1357 1862 1476 1927 minus
1497 1859 1601 1927 etiam
1617 1883 1692 1929 rem
1714 1865 1758 1930 ad
1774 1884 1870 1930 arma
1887 1863 2016 1934 deduci
2035 1867 2156 1936 stude-

1166 1960 1253 2030 bant
1268 1954 1415 2028 Ottonis
1430 1961 1635 2044 necessarii,
1662 1961 1700 2028 in
1718 1963 1847 2055 quibus
1865 1965 2034 2034 maiorem
2050 1968 2155 2037 tidem

1166 2083 1239 2130 esse
1259 2061 1436 2150 oportuit.
1502 2060 1593 2130 Nam
1621 2065 1716 2155 quod
1744 2062 1940 2156 Imperator
1969 2065 2156 2140 Conradus

1166 2163 1319 2255 primus,
1346 2160 1520 2248 Francus,
1546 2163 1762 2235 discessurus
1777 2166 2031 2258 Imperatorem
2045 2173 2155 2241 dixis-

1166 2277 1236 2350 set,
1268 2286 1340 2331 non
1376 2265 1521 2333 fratrem
1559 2260 1809 2336 Everhardum
1840 2267 2062 2353 Palatinum,
2094 2275 2156 2343 sed

1166 2363 1361 2435 Henricum
1378 2366 1552 2456 primum,
1579 2381 1711 2457 patrem
1728 2365 1876 2439 Ottonis
1892 2373 2017 2462 primi,
2044 2376 2156 2446 diuet

1167 2467 1293 2537 acriter
1313 2479 1507 2556 pugnatum
1530 2481 1580 2536 est
1601 2470 1769 2538 adversus
1792 2465 1964 2541 Ottonem
1981 2476 2026 2545 ab
2042 2472 2156 2545 Ever-

1167 2563 1280 2637 hardo
1301 2580 1336 2637 et
1349 2563 1497 2638 Ottonis
1510 2568 1618 2637 fratre
1634 2567 1810 2654 Heurico,
1837 2572 1897 2662 qui
1915 2588 2036 2665 captus
2056 2593 2090 2646 et
2113 2601 2154 2645 ex

1169 2667 1358 2740 Germanis
1378 2670 1551 2739 abductus
1572 2694 1591 2739 a
1616 2659 1750 2752 Gallis,
1785 2689 2008 2746 consenserat
2029 2681 2156 2748 adver-

1168 2793 1228 2842 sus
1242 2771 1386 2840 fratrem
1403 2795 1482 2840 cum
1504 2766 1687 2856 hostibus,
1718 2797 1903 2864 persuasus
1918 2800 1992 2845 non
2011 2780 2156 2851 difficile

1168 2895 1259 2958 esse,
1283 2872 1438 2940 obtineri
1452 2895 1472 2940 a
1487 2896 1523 2941 se
1540 2873 1744 2963 imperium,
1767 2872 1902 2948 Ottone
1917 2879 2025 2949 fratre
2039 2882 2155 2973 pulso.

1167 2972 1339 3065 Reliquas
1361 2968 1553 3058 historias,
1574 2998 1620 3042 ne
1637 2977 1778 3064 longius
1795 2979 1840 3046 ab
1856 2979 2017 3052 instituto
2034 2984 2158 3054 videar

1168 3075 1342 3164 digressus
1359 3097 1446 3158 esse,
1470 3088 1662 3169 praetereo.
1717 3075 1814 3148 Galli
1828 3094 1936 3166 certe,
1962 3087 2058 3175 quod
2074 3087 2157 3156 nul-

1168 3176 1202 3244 la
1225 3197 1328 3244 causa
1353 3172 1559 3267 Imperatori
1577 3178 1708 3247 bellum
1732 3181 1911 3263 iecissent,
1945 3186 2071 3257 merito
2092 3209 2157 3256 suo

1169 3278 1207 3344 in
1223 3271 1280 3345 his
1301 3277 1404 3345 bellis
1420 3278 1532 3346 multo
1546 3273 1757 3350 humiliores
1779 3281 2061 3379 infirmioresque
2075 3302 2158 3359 sunt

132 3379 280 3462 stantia,
311 3375 401 3445 mira
429 3374 614 3444 severitate
651 3374 745 3446 vitae
772 3379 905 3467 regiae,
935 3370 1120 3449 excellenti
1170 3377 1302 3461 effecti,
1327 3401 1400 3446 non
1425 3393 1543 3449 tamen
1567 3395 1710 3471 propter
1725 3382 1946 3453 clementiam
1963 3385 2158 3479 Imperato-

131 3481 293 3552 ,cumine
321 3477 466 3556 mentis,
501 3476 690 3567 sapientia,
723 3478 880 3563 iusticia,
918 3479 1120 3565 clementia,
1169 3478 1218 3547 ris
1235 3473 1382 3548 Ottonis
1398 3483 1536 3550 redacta
1556 3477 1674 3551 Gallia
1699 3484 1736 3551 in
1761 3470 2000 3575 provinciam,
2025 3513 2090 3559 nec
2107 3491 2158 3562 ci-

132 3583 262 3676 quibus
297 3578 488 3649 virtutibus
519 3570 604 3646 hinc
631 3579 746 3648 maior
780 3581 922 3650 accessit
950 3583 1121 3652 autoritas
1169 3580 1338 3651 vitatibus
1358 3581 1524 3671 imposito
1545 3583 1740 3672 stipendio,
1766 3610 1845 3654 cum
1871 3588 1924 3656 ius
1940 3590 2025 3658 belli
2041 3592 2159 3678 luerit,

132 3685 257 3768 etiarn,
287 3681 384 3773 quod
409 3679 519 3768 moles
540 3678 706 3774 corporis
724 3680 763 3747 in
790 3674 927 3755 Ottone
956 3705 995 3750 ea
1021 3695 1120 3763 esset,
1170 3693 1211 3750 ut
1232 3681 1295 3772 qui
1313 3681 1499 3765 vicissent,
1525 3682 1587 3766 iis,
1614 3707 1702 3775 quus
1722 3686 1903 3772 vicissent,
1929 3695 2159 3783 quemadmo-

133 3809 222 3879 φης
252 3783 382 3870 regiam
411 3779 562 3848 maxime
590 3780 748 3851 decuerit
767 3781 993 3868 dignitatem,
1025 3784 1120 3875 quod
1171 3782 1256 3865 dum
1271 3782 1416 3867 vellent,
1439 3783 1664 3874 imperarent.
1717 3785 1796 3875 Qua
1812 3791 1956 3880 quidem
1972 3795 2158 3863 clementia

134 3887 250 3976 capilli
266 3883 364 3966 cani,
388 3881 558 3973 prolixior
584 3880 711 3961 barba,
744 3876 886 3953 habitus
905 3883 1057 3974 patrius,
1081 3896 1121 3953 ut
1171 3902 1255 3951 usus
1270 3895 1388 3971 postea
1403 3896 1454 3951 est
1470 3905 1548 3969 erga
1564 3881 1748 3954 Romanos
1769 3889 1892 3970 etiam,
1920 3915 2071 3983 quorum
2090 3893 2160 3965 Ita-

134 3989 194 4081 qui
212 4007 395 4077 nunquam
412 3982 456 4053 sit
473 3981 657 4073 peregrino
674 4004 768 4054 usus.
1172 3983 1257 4051 liam
1278 3975 1375 4050 haud
1402 3983 1510 4049 dubie
1530 3983 1731 4070 vectigalem
1754 3988 1911 4074 fecisset,
1939 4006 1978 4063 ut
2003 3991 2160 4067 Galliam

238 4085 397 4155 ,afflavit
412 4079 508 4153 hunc
524 4077 714 4166 ostonem,
736 4097 918 4191 posgqssam
934 4083 1120 4173 imperium
1173 4080 1363 4173 potuisset,
1384 4081 1414 4150 si
1431 4077 1523 4150 nibil
1538 4097 1659 4153 contra
1677 4085 1850 4163 iusticiam
1869 4092 1989 4166 suisset
2004 4098 2160 4168 facturus

76 4251 92 4265 ,
135 4193 282 4277 adeptus
297 4200 401 4270 esset,
426 4185 464 4254 in
480 4184 586 4255 tantis
603 4184 891 4254 contentionibus
909 4199 943 4254 et
960 4183 1123 4254 certami-
1173 4181 1365 4271 redigendo
1384 4185 1451 4254 sub
1473 4185 1662 4275 imperium
1676 4211 1778 4259 suum
1797 4188 1947 4264 Italiam.
2000 4196 2047 4268 Ut
2065 4200 2160 4269 enim

137 4291 243 4359 nibus
274 4288 434 4371 fortuna,
465 4300 506 4357 ut
530 4299 674 4378 propter
700 4309 816 4355 rerum
840 4312 858 4354 a
889 4310 925 4355 se
948 4301 1124 4376 gestarum
1174 4284 1323 4379 quisque
1337 4286 1487 4355 maxime
1501 4301 1624 4375 potens
1638 4303 1707 4374 est,
1729 4291 1776 4361 ita
1794 4317 1874 4362 eum
1889 4299 1958 4367 late
1973 4300 2163 4369 dominan-

136 4389 436 4478 magnitudinem‚
461 4389 649 4478 agnomine
666 4388 779 4457 dictus
796 4387 841 4457 sit
856 4383 944 4457 Otto
962 4386 1125 4478 Magnus,
1176 4387 1214 4457 di
1228 4387 1402 4483 cupiditas
1423 4388 1520 4477 angit
1540 4390 1733 4480 plurimum
1761 4409 1794 4465 et
1817 4398 1934 4485 agitat.
1987 4398 2082 4470 Tum
2099 4426 2162 4472 ne-

138 4491 374 4573 Universalis,
406 4486 597 4578 Augustus.
658 4482 707 4560 Et
726 4489 853 4560 accidit
878 4503 969 4559 certe
984 4485 1126 4574 Ottoni,
1176 4513 1236 4558 mu
1258 4488 1381 4569 facile,
1415 4493 1510 4582 quod
1536 4493 1659 4578 sciam,
1693 4493 2009 4591 exprincipibusa
2033 4518 2185 4577 conatu.

138 4596 232 4687 quod
257 4592 332 4659 lieri
353 4612 492 4661 necesse
509 4590 578 4658 suit
596 4591 633 4658 in
657 4591 763 4661 tantis
780 4591 1036 4664 calamitatibus
1049 4589 1122 4663 Ro·
1177 4591 1415 4681 amplificandi
1437 4593 1578 4681 imperii
1601 4609 1653 4665 est
1675 4596 1876 4683 deterritus,
1911 4605 2006 4694 quod
2030 4622 2089 4675 aut
2108 4606 2165 4674 lu-

138 4695 233 4765 mgni
249 4693 410 4782 imperii,
435 4690 541 4761 illatis
556 4690 600 4758 ab
614 4690 783 4780 Ungaris,
807 4691 1007 4776 Saracenis,
1028 4691 1128 4763 Lon·
1178 4692 1303 4775 minis,
1327 4705 1388 4762 aut
1402 4716 1546 4772 manus,
1573 4710 1634 4763 aut
1651 4699 1763 4766 cruris
1775 4713 1836 4770 aut
1850 4703 1994 4772 alterius
2014 4707 2166 4776 membri

139 4795 323 4888 gobardis,
356 4791 488 4871 Gallis,
522 4789 709 4875 Vandalis,
736 4797 877 4864 nullum
901 4794 1006 4863 finem
1031 4793 1127 4863 iniu-
1180 4796 1350 4864 iacturam
1372 4793 1518 4864 fecisset.
1577 4793 1677 4865 Talis
1700 4813 1750 4869 est
1769 4800 1840 4869 lere
1863 4805 2024 4874 omnium
2043 4832 2166 4899 regum

141 4900 203 4968 riis
220 4893 355 4968 Ottone
380 4894 447 4962 iam
475 4890 690 4981 Imperatore
707 4894 866 4966 facturis:
892 4894 1033 4966 Horum
1055 4894 1129 4973 alii,
1179 4897 1362 4979 voluntas,
1388 4895 1451 4965 etsi
1466 4919 1541 4964 non
1558 4899 1720 4969 omnium
1736 4901 1815 4970 talis
1830 4903 1876 4974 sit
1890 4908 2047 4980 audacia.
2096 4909 2168 4979 Ve-
2228 4882 2233 4897 Ι

141 5002 236 5093 quod
259 4997 405 5088 imperio
433 4993 597 5066 Romano
628 5018 727 5063 suam
754 4999 948 5086 potentiam
976 4994 1131 5067 diminui
1181 5019 1261 5067 rum
1285 4991 1377 5067 Otto
1395 4991 1449 5066 his
1472 4999 1595 5084 rebus,
1621 5013 1696 5070 tum
1720 5003 1871 5074 aliorum
1891 5033 2033 5103 quoque
2052 5035 2170 5082 exem-

103 5157 105 5161 ,
142 5101 321 5182 viderent,
356 5100 554 5179 fortunam,
587 5118 821 5190 quaeeunque
849 5099 1038 5177 accideret,
1072 5122 1132 5167 ex·
1181 5099 1269 5190 plis,
1299 5099 1380 5190 'qui,
1410 5101 1536 5188 egressi
1559 5099 1696 5171 ltaliam
1721 5118 1755 5175 et
1774 5102 1930 5196 Gallias,
1954 5113 2040 5182 belli
2056 5115 2171 5185 fortu-

142 5203 250 5296 periri
268 5201 489 5281 maluerunt,
514 5222 619 5289 quam
629 5195 876 5269 Romanorum
892 5200 1039 5290 imperia
1056 5222 1132 5270 sus-
1184 5223 1266 5269 nam
1281 5214 1402 5269 contra
1414 5202 1587 5272 iusticiam
1603 5204 1641 5272 in
1657 5203 1849 5279 Germania
1865 5225 2077 5298 tentassent,
2101 5214 2172 5282 mi·

143 5307 266 5375 tinere.
330 5299 424 5384 Alii,
458 5324 608 5392 quorum
635 5299 794 5392 plerique
821 5302 1005 5373 necessarii
1034 5313 1134 5371 erant
1185 5303 1282 5370 nime
1303 5317 1439 5388 motus,
1470 5305 1629 5376 iustitiae
1650 5330 1733 5378 suae
1756 5324 1790 5380 et
1806 5315 2004 5386 autoritatis
2020 5315 2172 5384 multum

144 5423 177 5477 et
201 5402 454 5494 consanguinei
476 5395 640 5485 Ottonis,
677 5403 774 5495 quod
796 5424 969 5472 summam
995 5402 1136 5494 imperii
1186 5402 1356 5475 iudicavit
1392 5405 1576 5494 interesse,
1614 5410 1820 5501 dignitatem
1848 5412 2004 5487 Romani
2032 5415 2174 5509 imperii

1457 5502 1541 5580 ὅδ’
