<?xml version="1.0" encoding="UTF-8"?>
<!DOCTYPE html PUBLIC "-//W3C//DTD XHTML 1.0 Transitional//EN"
    "http://www.w3.org/TR/xhtml1/DTD/xhtml1-transitional.dtd">
<html xmlns="http://www.w3.org/1999/xhtml" xml:lang="en" lang="en">
 <head>
  <title>
</title>
<meta http-equiv="Content-Type" content="text/html;charset=utf-8" />
  <meta name='ocr-system' content='tesseract 3.04.00' />
  <meta name='ocr-capabilities' content='ocr_page ocr_carea ocr_par ocr_line ocrx_word'/>
</head>
<body>
  <div class='ocr_page' id='page_1' title='image "./philippimelanth21melagoog/philippimelanth21melagoog_0451.png"; bbox 0 0 4732 6030; ppageno 0'>
   <div class='ocr_carea' id='block_1_1' title="bbox 205 267 2234 363">
    <p class='ocr_par' dir='ltr' id='par_1_1' title="bbox 205 267 2234 363">
     <span class='ocr_line' id='line_1_1' title="bbox 205 267 2234 363; baseline -0.007 -2"><span class='ocrx_word' id='word_1_1' title='bbox 205 286 282 363; x_wconf 72' lang='lat' dir='ltr'>ste</span> <span class='ocrx_word' id='word_1_2' title='bbox 636 272 799 349; x_wconf 66' lang='lat' dir='ltr'>unct„</span> <span class='ocrx_word' id='word_1_3' title='bbox 836 267 912 343; x_wconf 83' lang='lat' dir='ltr'>DE</span> <span class='ocrx_word' id='word_1_4' title='bbox 946 267 1169 345; x_wconf 88' lang='lat' dir='ltr'>STUDlO</span> <span class='ocrx_word' id='word_1_5' title='bbox 1203 268 1469 345; x_wconf 86' lang='lat' dir='ltr'>LINGUAE</span> <span class='ocrx_word' id='word_1_6' title='bbox 1502 269 1791 346; x_wconf 84' lang='lat' dir='ltr'>EBRAEAE.</span> <span class='ocrx_word' id='word_1_7' title='bbox 2155 270 2234 346; x_wconf 79' lang='grc'>876</span> 
     </span>
    </p>
   </div>
   <div class='ocr_carea' id='block_1_2' title="bbox 125 437 2242 5504">
    <p class='ocr_par' dir='ltr' id='par_1_2' title="bbox 125 437 2242 5504">
     <span class='ocr_line' id='line_1_2' title="bbox 206 437 2239 536; baseline -0.012 -6"><span class='ocrx_word' id='word_1_8' title='bbox 206 475 242 531; x_wconf 87' lang='lat' dir='ltr'>et</span> <span class='ocrx_word' id='word_1_9' title='bbox 257 459 334 527; x_wconf 90' lang='lat' dir='ltr'>inre</span> <span class='ocrx_word' id='word_1_10' title='bbox 348 457 542 526; x_wconf 74' lang='lat' dir='ltr'><strong>laudamus.</strong></span> <span class='ocrx_word' id='word_1_11' title='bbox 591 445 660 516; x_wconf 85' lang='lat' dir='ltr'>Sed</span> <span class='ocrx_word' id='word_1_12' title='bbox 680 447 859 515; x_wconf 88' lang='lat' dir='ltr'>literarum</span> <span class='ocrx_word' id='word_1_13' title='bbox 878 459 911 513; x_wconf 93' lang='lat' dir='ltr'>et</span> <span class='ocrx_word' id='word_1_14' title='bbox 930 439 1035 513; x_wconf 89' lang='lat' dir='ltr'>buius</span> <span class='ocrx_word' id='word_1_15' title='bbox 1051 443 1193 529; x_wconf 89' lang='lat' dir='ltr'>linguae</span> <span class='ocrx_word' id='word_1_16' title='bbox 1246 443 1308 534; x_wconf 91' lang='lat' dir='ltr'>qui</span> <span class='ocrx_word' id='word_1_17' title='bbox 1323 442 1390 511; x_wconf 88' lang='lat' dir='ltr'>sibi</span> <span class='ocrx_word' id='word_1_18' title='bbox 1407 441 1550 512; x_wconf 91' lang='lat' dir='ltr'>titulum</span> <span class='ocrx_word' id='word_1_19' title='bbox 1559 437 1735 511; x_wconf 80' lang='lat' dir='ltr'>Ecclesiae</span> <span class='ocrx_word' id='word_1_20' title='bbox 1749 453 1897 530; x_wconf 88' lang='lat' dir='ltr'>arrogat,</span> <span class='ocrx_word' id='word_1_21' title='bbox 1919 442 2043 524; x_wconf 86' lang='lat' dir='ltr'>deleta,</span> <span class='ocrx_word' id='word_1_22' title='bbox 2064 441 2239 536; x_wconf 76' lang='lat' dir='ltr'>reliquiae</span> 
     </span>
     <span class='ocr_line' id='line_1_3' title="bbox 207 539 2240 651; baseline -0.01 -20"><span class='ocrx_word' id='word_1_23' title='bbox 207 560 364 651; x_wconf 87' lang='lat' dir='ltr'>cognitio</span> <span class='ocrx_word' id='word_1_24' title='bbox 381 555 495 625; x_wconf 90' lang='lat' dir='ltr'>verius</span> <span class='ocrx_word' id='word_1_25' title='bbox 510 548 666 619; x_wconf 87' lang='lat' dir='ltr'>estinter</span> <span class='ocrx_word' id='word_1_26' title='bbox 681 570 764 638; x_wconf 89' lang='lat' dir='ltr'>opes</span> <span class='ocrx_word' id='word_1_27' title='bbox 776 542 950 613; x_wconf 89' lang='lat' dir='ltr'>Ecclesiae</span> <span class='ocrx_word' id='word_1_28' title='bbox 966 546 1194 613; x_wconf 86' lang='lat' dir='ltr'>numeranda.</span> <span class='ocrx_word' id='word_1_29' title='bbox 1247 557 1471 633; x_wconf 84' lang='lat' dir='ltr'>excerptorus</span> <span class='ocrx_word' id='word_1_30' title='bbox 1493 544 1548 616; x_wconf 89' lang='lat' dir='ltr'>sit.</span> <span class='ocrx_word' id='word_1_31' title='bbox 1599 539 1700 611; x_wconf 91' lang='lat' dir='ltr'>Hanc</span> <span class='ocrx_word' id='word_1_32' title='bbox 1722 541 2051 634; x_wconf 91' lang='lat' dir='ltr'>sententiamquam</span> <span class='ocrx_word' id='word_1_33' title='bbox 2072 543 2240 615; x_wconf 81' lang='lat' dir='ltr'>miranda</span> 
     </span>
     <span class='ocr_line' id='line_1_4' title="bbox 202 642 2239 739; baseline -0.017 -6"><span class='ocrx_word' id='word_1_34' title='bbox 202 714 205 719; x_wconf 82' lang='lat'>·</span> <span class='ocrx_word' id='word_1_35' title='bbox 309 659 508 733; x_wconf 75' lang='lat' dir='ltr'>Redeamus</span> <span class='ocrx_word' id='word_1_36' title='bbox 532 650 675 739; x_wconf 90' lang='lat' dir='ltr'>ergoad</span> <span class='ocrx_word' id='word_1_37' title='bbox 690 647 1004 718; x_wconf 88' lang='lat' dir='ltr'>Politianumcnm</span> <span class='ocrx_word' id='word_1_38' title='bbox 1019 644 1190 715; x_wconf 89' lang='lat' dir='ltr'>Picodis-</span> <span class='ocrx_word' id='word_1_39' title='bbox 1247 645 1399 734; x_wconf 90' lang='lat' dir='ltr'>imagine</span> <span class='ocrx_word' id='word_1_40' title='bbox 1415 645 1536 736; x_wconf 82' lang='lat' dir='ltr'>pingit.</span> <span class='ocrx_word' id='word_1_41' title='bbox 1591 642 1637 714; x_wconf 87' lang='lat' dir='ltr'>Ut</span> <span class='ocrx_word' id='word_1_42' title='bbox 1652 644 1781 737; x_wconf 90' lang='lat' dir='ltr'>inquit,</span> <span class='ocrx_word' id='word_1_43' title='bbox 1806 668 1886 713; x_wconf 91' lang='lat' dir='ltr'>cum</span> <span class='ocrx_word' id='word_1_44' title='bbox 1904 642 2025 711; x_wconf 84' lang='lat' dir='ltr'>vineae</span> <span class='ocrx_word' id='word_1_45' title='bbox 2041 658 2138 714; x_wconf 73' lang='lat' dir='ltr'>aestu</span> <span class='ocrx_word' id='word_1_46' title='bbox 2156 668 2239 716; x_wconf 64' lang='lat' dir='ltr'>are.</span> 
     </span>
     <span class='ocr_line' id='line_1_5' title="bbox 209 744 2240 843; baseline -0.011 -8"><span class='ocrx_word' id='word_1_47' title='bbox 209 776 391 835; x_wconf 86' lang='lat' dir='ltr'>serentem.</span> <span class='ocrx_word' id='word_1_48' title='bbox 436 752 619 843; x_wconf 83' lang='lat' dir='ltr'>Magnum,</span> <span class='ocrx_word' id='word_1_49' title='bbox 645 750 773 842; x_wconf 91' lang='lat' dir='ltr'>inquit,</span> <span class='ocrx_word' id='word_1_50' title='bbox 799 758 1045 816; x_wconf 80' lang='lat' dir='ltr'>ornamentum</span> <span class='ocrx_word' id='word_1_51' title='bbox 1060 759 1110 816; x_wconf 91' lang='lat' dir='ltr'>est</span> <span class='ocrx_word' id='word_1_52' title='bbox 1125 745 1192 813; x_wconf 88' lang='lat' dir='ltr'>viri</span> <span class='ocrx_word' id='word_1_53' title='bbox 1247 747 1356 815; x_wconf 83' lang='lat' dir='ltr'>factae</span> <span class='ocrx_word' id='word_1_54' title='bbox 1378 770 1452 816; x_wconf 91' lang='lat' dir='ltr'>non</span> <span class='ocrx_word' id='word_1_55' title='bbox 1467 757 1550 816; x_wconf 90' lang='lat' dir='ltr'>sunt</span> <span class='ocrx_word' id='word_1_56' title='bbox 1571 747 1784 827; x_wconf 84' lang='lat' dir='ltr'>foecundae,</span> <span class='ocrx_word' id='word_1_57' title='bbox 1808 746 1870 814; x_wconf 88' lang='lat' dir='ltr'>sed</span> <span class='ocrx_word' id='word_1_58' title='bbox 1896 744 2042 834; x_wconf 80' lang='lat' dir='ltr'>sparsim</span> <span class='ocrx_word' id='word_1_59' title='bbox 2070 747 2240 835; x_wconf 81' lang='lat' dir='ltr'>pauculas</span> 
     </span>
     <span class='ocr_line' id='line_1_6' title="bbox 208 846 2239 946; baseline -0.012 -13"><span class='ocrx_word' id='word_1_60' title='bbox 208 861 379 936; x_wconf 86' lang='lat' dir='ltr'>versantis</span> <span class='ocrx_word' id='word_1_61' title='bbox 403 862 441 926; x_wconf 93' lang='lat' dir='ltr'>in</span> <span class='ocrx_word' id='word_1_62' title='bbox 465 853 662 946; x_wconf 86' lang='lat' dir='ltr'>Republica</span> <span class='ocrx_word' id='word_1_63' title='bbox 684 850 882 942; x_wconf 76' lang='lat' dir='ltr'>eloquentia</span> <span class='ocrx_word' id='word_1_64' title='bbox 907 847 1054 927; x_wconf 90' lang='lat' dir='ltr'>Latina,</span> <span class='ocrx_word' id='word_1_65' title='bbox 1087 872 1193 939; x_wconf 92' lang='lat' dir='ltr'>quam</span> <span class='ocrx_word' id='word_1_66' title='bbox 1247 871 1332 917; x_wconf 91' lang='lat' dir='ltr'>uvas</span> <span class='ocrx_word' id='word_1_67' title='bbox 1355 861 1569 937; x_wconf 87' lang='lat' dir='ltr'>genuerunt,</span> <span class='ocrx_word' id='word_1_68' title='bbox 1602 870 1688 940; x_wconf 91' lang='lat' dir='ltr'>quas</span> <span class='ocrx_word' id='word_1_69' title='bbox 1710 846 1856 916; x_wconf 91' lang='lat' dir='ltr'>colonus</span> <span class='ocrx_word' id='word_1_70' title='bbox 1876 846 2082 932; x_wconf 89' lang='lat' dir='ltr'>inveniens,</span> <span class='ocrx_word' id='word_1_71' title='bbox 2115 863 2239 919; x_wconf 79' lang='lat' dir='ltr'>tamen</span> 
     </span>
     <span class='ocr_line' id='line_1_7' title="bbox 207 942 2237 1041; baseline -0.009 -4"><span class='ocrx_word' id='word_1_72' title='bbox 207 964 293 1036; x_wconf 88' lang='lat' dir='ltr'>haec</span> <span class='ocrx_word' id='word_1_73' title='bbox 314 960 465 1032; x_wconf 89' lang='lat' dir='ltr'>Ebraica</span> <span class='ocrx_word' id='word_1_74' title='bbox 492 956 606 1025; x_wconf 90' lang='lat' dir='ltr'>studia</span> <span class='ocrx_word' id='word_1_75' title='bbox 633 955 688 1021; x_wconf 91' lang='lat' dir='ltr'>vel</span> <span class='ocrx_word' id='word_1_76' title='bbox 712 951 928 1041; x_wconf 89' lang='lat' dir='ltr'>impediunt,</span> <span class='ocrx_word' id='word_1_77' title='bbox 963 948 1018 1015; x_wconf 90' lang='lat' dir='ltr'>vel</span> <span class='ocrx_word' id='word_1_78' title='bbox 1036 972 1194 1017; x_wconf 86' lang='lat' dir='ltr'>currum·</span> <span class='ocrx_word' id='word_1_79' title='bbox 1247 948 1316 1018; x_wconf 88' lang='lat' dir='ltr'>sibi</span> <span class='ocrx_word' id='word_1_80' title='bbox 1330 950 1542 1037; x_wconf 85' lang='lat' dir='ltr'>gratulatur,</span> <span class='ocrx_word' id='word_1_81' title='bbox 1569 948 1748 1039; x_wconf 87' lang='lat' dir='ltr'>inquiens:</span> <span class='ocrx_word' id='word_1_82' title='bbox 1775 946 1888 1017; x_wconf 85' lang='lat' dir='ltr'>Nemo</span> <span class='ocrx_word' id='word_1_83' title='bbox 1906 942 1968 1015; x_wconf 83' lang='lat' dir='ltr'>ltus</span> <span class='ocrx_word' id='word_1_84' title='bbox 1985 944 2074 1015; x_wconf 90' lang='lat' dir='ltr'>mibi</span> <span class='ocrx_word' id='word_1_85' title='bbox 2090 951 2237 1037; x_wconf 78' lang='lat' dir='ltr'>auferat,</span> 
     </span>
     <span class='ocr_line' id='line_1_8' title="bbox 207 1046 2232 1160; baseline -0.012 -23"><span class='ocrx_word' id='word_1_86' title='bbox 207 1079 309 1160; x_wconf 88' lang='lat' dir='ltr'>punt.</span> <span class='ocrx_word' id='word_1_87' title='bbox 361 1059 533 1146; x_wconf 82' lang='lat' dir='ltr'>Magnum</span> <span class='ocrx_word' id='word_1_88' title='bbox 558 1059 663 1125; x_wconf 90' lang='lat' dir='ltr'>decus</span> <span class='ocrx_word' id='word_1_89' title='bbox 683 1053 876 1134; x_wconf 89' lang='lat' dir='ltr'>sermonis,</span> <span class='ocrx_word' id='word_1_90' title='bbox 907 1050 1135 1119; x_wconf 89' lang='lat' dir='ltr'>consiliorum</span> <span class='ocrx_word' id='word_1_91' title='bbox 1160 1061 1195 1118; x_wconf 91' lang='lat' dir='ltr'>et</span> <span class='ocrx_word' id='word_1_92' title='bbox 1247 1063 1308 1119; x_wconf 89' lang='lat' dir='ltr'>aut</span> <span class='ocrx_word' id='word_1_93' title='bbox 1329 1065 1551 1140; x_wconf 90' lang='lat' dir='ltr'>corrumpat,</span> <span class='ocrx_word' id='word_1_94' title='bbox 1577 1050 1659 1142; x_wconf 92' lang='lat' dir='ltr'>quia</span> <span class='ocrx_word' id='word_1_95' title='bbox 1674 1046 1751 1118; x_wconf 88' lang='lat' dir='ltr'>Deo</span> <span class='ocrx_word' id='word_1_96' title='bbox 1774 1049 2001 1118; x_wconf 70' lang='lat' dir='ltr'>benedicente</span> <span class='ocrx_word' id='word_1_97' title='bbox 2019 1064 2120 1120; x_wconf 88' lang='lat' dir='ltr'>natae</span> <span class='ocrx_word' id='word_1_98' title='bbox 2137 1066 2232 1123; x_wconf 74' lang='lat' dir='ltr'>sunt:</span> 
     </span>
     <span class='ocr_line' id='line_1_9' title="bbox 206 1148 2234 1250; baseline -0.014 -11"><span class='ocrx_word' id='word_1_99' title='bbox 206 1168 389 1239; x_wconf 86' lang='lat' dir='ltr'>actionum</span> <span class='ocrx_word' id='word_1_100' title='bbox 415 1160 603 1250; x_wconf 71' lang='lat' dir='ltr'>elegantia,</span> <span class='ocrx_word' id='word_1_101' title='bbox 636 1180 741 1249; x_wconf 88' lang='lat' dir='ltr'>quam</span> <span class='ocrx_word' id='word_1_102' title='bbox 767 1151 922 1222; x_wconf 84' lang='lat' dir='ltr'>Graecae</span> <span class='ocrx_word' id='word_1_103' title='bbox 951 1152 1070 1220; x_wconf 87' lang='lat' dir='ltr'>literae</span> <span class='ocrx_word' id='word_1_104' title='bbox 1097 1151 1193 1218; x_wconf 88' lang='lat' dir='ltr'>adfe-</span> <span class='ocrx_word' id='word_1_105' title='bbox 1247 1150 1296 1219; x_wconf 91' lang='lat' dir='ltr'>sic</span> <span class='ocrx_word' id='word_1_106' title='bbox 1313 1148 1488 1220; x_wconf 89' lang='lat' dir='ltr'>Ecclesiae</span> <span class='ocrx_word' id='word_1_107' title='bbox 1509 1151 1676 1242; x_wconf 89' lang='lat' dir='ltr'>reliquiae</span> <span class='ocrx_word' id='word_1_108' title='bbox 1693 1151 1944 1230; x_wconf 88' lang='lat' dir='ltr'>servabuntur,</span> <span class='ocrx_word' id='word_1_109' title='bbox 1970 1174 2096 1240; x_wconf 88' lang='lat' dir='ltr'>magna</span> <span class='ocrx_word' id='word_1_110' title='bbox 2114 1154 2234 1225; x_wconf 73' lang='lat' dir='ltr'>multi.</span> 
     </span>
     <span class='ocr_line' id='line_1_10' title="bbox 207 1247 2075 1354; baseline -0.013 -8"><span class='ocrx_word' id='word_1_111' title='bbox 207 1284 308 1341; x_wconf 73' lang='lat' dir='ltr'>nint:</span> <span class='ocrx_word' id='word_1_112' title='bbox 335 1287 501 1354; x_wconf 71' lang='lat' dir='ltr'>magnum</span> <span class='ocrx_word' id='word_1_113' title='bbox 525 1258 714 1349; x_wconf 74' lang='lat' dir='ltr'>sapientiae</span> <span class='ocrx_word' id='word_1_114' title='bbox 743 1257 864 1324; x_wconf 82' lang='lat' dir='ltr'>lumen</span> <span class='ocrx_word' id='word_1_115' title='bbox 888 1265 939 1320; x_wconf 81' lang='lat' dir='ltr'>est</span> <span class='ocrx_word' id='word_1_116' title='bbox 966 1247 1194 1341; x_wconf 85' lang='lat' dir='ltr'>Philosophia</span> <span class='ocrx_word' id='word_1_117' title='bbox 1247 1252 1370 1322; x_wconf 90' lang='lat' dir='ltr'>tudine</span> <span class='ocrx_word' id='word_1_118' title='bbox 1386 1265 1594 1323; x_wconf 86' lang='lat' dir='ltr'>tnsttssrmrs</span> <span class='ocrx_word' id='word_1_119' title='bbox 1610 1252 2075 1343; x_wconf 87' lang='lat' dir='ltr'>calamitatibusabsumpta.</span> 
     </span>
     <span class='ocr_line' id='line_1_11' title="bbox 208 1348 2237 1446; baseline -0.018 -6"><span class='ocrx_word' id='word_1_120' title='bbox 208 1385 243 1441; x_wconf 89' lang='lat' dir='ltr'>et</span> <span class='ocrx_word' id='word_1_121' title='bbox 268 1368 404 1438; x_wconf 89' lang='lat' dir='ltr'>Graeca</span> <span class='ocrx_word' id='word_1_122' title='bbox 427 1361 583 1432; x_wconf 88' lang='lat' dir='ltr'>historia.</span> <span class='ocrx_word' id='word_1_123' title='bbox 632 1356 844 1438; x_wconf 84' lang='lat' dir='ltr'>Adsentior,</span> <span class='ocrx_word' id='word_1_124' title='bbox 874 1355 934 1422; x_wconf 87' lang='lat' dir='ltr'>sed</span> <span class='ocrx_word' id='word_1_125' title='bbox 962 1348 1053 1420; x_wconf 91' lang='lat' dir='ltr'>nihil</span> <span class='ocrx_word' id='word_1_126' title='bbox 1079 1348 1195 1421; x_wconf 89' lang='lat' dir='ltr'>adbuc</span> <span class='ocrx_word' id='word_1_127' title='bbox 1348 1352 1389 1422; x_wconf 93' lang='lat' dir='ltr'>ln</span> <span class='ocrx_word' id='word_1_128' title='bbox 1408 1351 1472 1423; x_wconf 91' lang='lat' dir='ltr'>bac</span> <span class='ocrx_word' id='word_1_129' title='bbox 1487 1353 1639 1443; x_wconf 87' lang='lat' dir='ltr'>imagine</span> <span class='ocrx_word' id='word_1_130' title='bbox 1656 1379 1760 1446; x_wconf 88' lang='lat' dir='ltr'>quam</span> <span class='ocrx_word' id='word_1_131' title='bbox 1778 1355 1887 1424; x_wconf 71' lang='lat' dir='ltr'>multa</span> <span class='ocrx_word' id='word_1_132' title='bbox 1903 1356 2237 1427; x_wconf 60' lang='lat' dir='ltr'>suntadffliffifione</span> 
     </span>
     <span class='ocr_line' id='line_1_12' title="bbox 208 1454 2240 1551; baseline -0.01 -8"><span class='ocrx_word' id='word_1_133' title='bbox 208 1476 253 1543; x_wconf 90' lang='lat' dir='ltr'>de</span> <span class='ocrx_word' id='word_1_134' title='bbox 276 1466 452 1550; x_wconf 86' lang='lat' dir='ltr'>Ecclesia,</span> <span class='ocrx_word' id='word_1_135' title='bbox 478 1467 522 1533; x_wconf 91' lang='lat' dir='ltr'>de</span> <span class='ocrx_word' id='word_1_136' title='bbox 545 1459 724 1551; x_wconf 81' lang='lat' dir='ltr'>agnitione</span> <span class='ocrx_word' id='word_1_137' title='bbox 751 1456 830 1539; x_wconf 87' lang='lat' dir='ltr'>Dei,</span> <span class='ocrx_word' id='word_1_138' title='bbox 864 1457 907 1522; x_wconf 92' lang='lat' dir='ltr'>de</span> <span class='ocrx_word' id='word_1_139' title='bbox 929 1454 1194 1523; x_wconf 86' lang='lat' dir='ltr'>confirmatione</span> <span class='ocrx_word' id='word_1_140' title='bbox 1248 1455 1378 1544; x_wconf 77' lang='lat' dir='ltr'>digna?</span> <span class='ocrx_word' id='word_1_141' title='bbox 1430 1454 1591 1526; x_wconf 85' lang='lat' dir='ltr'>Minatur</span> <span class='ocrx_word' id='word_1_142' title='bbox 1607 1454 1850 1536; x_wconf 88' lang='lat' dir='ltr'>multitudini,</span> <span class='ocrx_word' id='word_1_143' title='bbox 1873 1468 1906 1525; x_wconf 91' lang='lat' dir='ltr'>et</span> <span class='ocrx_word' id='word_1_144' title='bbox 1924 1457 2126 1527; x_wconf 88' lang='lat' dir='ltr'>consolatur</span> <span class='ocrx_word' id='word_1_145' title='bbox 2148 1459 2240 1548; x_wconf 81' lang='lat' dir='ltr'>pios,</span> 
     </span>
     <span class='ocr_line' id='line_1_13' title="bbox 208 1556 2237 1655; baseline -0.007 -12"><span class='ocrx_word' id='word_1_146' title='bbox 208 1573 310 1655; x_wconf 81' lang='lat' dir='ltr'>fidei,</span> <span class='ocrx_word' id='word_1_147' title='bbox 336 1571 423 1639; x_wconf 83' lang='lat' dir='ltr'>dixit</span> <span class='ocrx_word' id='word_1_148' title='bbox 440 1565 648 1636; x_wconf 89' lang='lat' dir='ltr'>Politianus.</span> <span class='ocrx_word' id='word_1_149' title='bbox 702 1560 766 1627; x_wconf 91' lang='lat' dir='ltr'>llla</span> <span class='ocrx_word' id='word_1_150' title='bbox 784 1558 861 1626; x_wconf 90' lang='lat' dir='ltr'>vult</span> <span class='ocrx_word' id='word_1_151' title='bbox 877 1556 970 1625; x_wconf 90' lang='lat' dir='ltr'>Deus</span> <span class='ocrx_word' id='word_1_152' title='bbox 991 1557 1103 1646; x_wconf 87' lang='lat' dir='ltr'>prima</span> <span class='ocrx_word' id='word_1_153' title='bbox 1122 1578 1194 1623; x_wconf 90' lang='lat' dir='ltr'>esse</span> <span class='ocrx_word' id='word_1_154' title='bbox 1249 1571 1282 1627; x_wconf 92' lang='lat' dir='ltr'>et</span> <span class='ocrx_word' id='word_1_155' title='bbox 1305 1572 1424 1625; x_wconf 86' lang='lat' dir='ltr'>narrat</span> <span class='ocrx_word' id='word_1_156' title='bbox 1447 1558 1560 1628; x_wconf 88' lang='lat' dir='ltr'>Deum</span> <span class='ocrx_word' id='word_1_157' title='bbox 1590 1559 1769 1627; x_wconf 88' lang='lat' dir='ltr'>custodem</span> <span class='ocrx_word' id='word_1_158' title='bbox 1792 1557 1885 1641; x_wconf 88' lang='lat' dir='ltr'>fore,</span> <span class='ocrx_word' id='word_1_159' title='bbox 1923 1571 1965 1627; x_wconf 92' lang='lat' dir='ltr'>ut</span> <span class='ocrx_word' id='word_1_160' title='bbox 1989 1558 2123 1628; x_wconf 90' lang='lat' dir='ltr'>vinitor</span> <span class='ocrx_word' id='word_1_161' title='bbox 2147 1584 2237 1631; x_wconf 88' lang='lat' dir='ltr'>uvas</span> 
     </span>
     <span class='ocr_line' id='line_1_14' title="bbox 208 1654 2236 1762; baseline -0.007 -20"><span class='ocrx_word' id='word_1_162' title='bbox 208 1674 343 1752; x_wconf 90' lang='lat' dir='ltr'>studia,</span> <span class='ocrx_word' id='word_1_163' title='bbox 371 1693 460 1762; x_wconf 92' lang='lat' dir='ltr'>qnae</span> <span class='ocrx_word' id='word_1_164' title='bbox 474 1662 651 1736; x_wconf 89' lang='lat' dir='ltr'>Ecclesiae</span> <span class='ocrx_word' id='word_1_165' title='bbox 671 1660 862 1729; x_wconf 90' lang='lat' dir='ltr'>necessaria</span> <span class='ocrx_word' id='word_1_166' title='bbox 877 1671 970 1726; x_wconf 87' lang='lat' dir='ltr'>sunt.</span> <span class='ocrx_word' id='word_1_167' title='bbox 1022 1654 1195 1739; x_wconf 54' lang='lat' dir='ltr'>Phtum,</span> <span class='ocrx_word' id='word_1_168' title='bbox 1248 1681 1326 1727; x_wconf 91' lang='lat' dir='ltr'>suas</span> <span class='ocrx_word' id='word_1_169' title='bbox 1344 1659 1454 1730; x_wconf 86' lang='lat' dir='ltr'>sterili</span> <span class='ocrx_word' id='word_1_170' title='bbox 1471 1675 1625 1749; x_wconf 91' lang='lat' dir='ltr'>tempore</span> <span class='ocrx_word' id='word_1_171' title='bbox 1638 1659 1799 1729; x_wconf 88' lang='lat' dir='ltr'>custodit.</span> <span class='ocrx_word' id='word_1_172' title='bbox 1850 1657 2029 1750; x_wconf 82' lang='lat' dir='ltr'>Saepeme</span> <span class='ocrx_word' id='word_1_173' title='bbox 2045 1661 2082 1728; x_wconf 92' lang='lat' dir='ltr'>in</span> <span class='ocrx_word' id='word_1_174' title='bbox 2097 1657 2152 1730; x_wconf 91' lang='lat' dir='ltr'>bis</span> <span class='ocrx_word' id='word_1_175' title='bbox 2167 1686 2236 1752; x_wconf 90' lang='lat' dir='ltr'>pu-</span> 
     </span>
     <span class='ocr_line' id='line_1_15' title="bbox 207 1754 2233 1867; baseline -0.019 -22"><span class='ocrx_word' id='word_1_176' title='bbox 207 1775 327 1867; x_wconf 90' lang='lat' dir='ltr'>inquit</span> <span class='ocrx_word' id='word_1_177' title='bbox 339 1768 523 1854; x_wconf 89' lang='lat' dir='ltr'>Christus,</span> <span class='ocrx_word' id='word_1_178' title='bbox 554 1764 709 1858; x_wconf 85' lang='lat' dir='ltr'>quaerite</span> <span class='ocrx_word' id='word_1_179' title='bbox 732 1783 879 1849; x_wconf 86' lang='lat' dir='ltr'>regnum</span> <span class='ocrx_word' id='word_1_180' title='bbox 895 1755 981 1841; x_wconf 90' lang='lat' dir='ltr'>Dei,</span> <span class='ocrx_word' id='word_1_181' title='bbox 1008 1773 1042 1828; x_wconf 90' lang='lat' dir='ltr'>et</span> <span class='ocrx_word' id='word_1_182' title='bbox 1061 1773 1194 1828; x_wconf 86' lang='lat' dir='ltr'>caetera</span> <span class='ocrx_word' id='word_1_183' title='bbox 1249 1760 1349 1830; x_wconf 85' lang='lat' dir='ltr'>blicis</span> <span class='ocrx_word' id='word_1_184' title='bbox 1369 1762 1519 1828; x_wconf 90' lang='lat' dir='ltr'>miseriis</span> <span class='ocrx_word' id='word_1_185' title='bbox 1542 1774 1576 1830; x_wconf 90' lang='lat' dir='ltr'>et</span> <span class='ocrx_word' id='word_1_186' title='bbox 1599 1760 1712 1829; x_wconf 90' lang='lat' dir='ltr'>ruinis</span> <span class='ocrx_word' id='word_1_187' title='bbox 1740 1784 1855 1829; x_wconf 80' lang='lat' dir='ltr'>rerum</span> <span class='ocrx_word' id='word_1_188' title='bbox 1881 1754 2115 1830; x_wconf 64' lang='lat' dir='ltr'>humanarum</span> <span class='ocrx_word' id='word_1_189' title='bbox 2145 1757 2233 1831; x_wconf 60' lang='lat' dir='ltr'><strong>haec</strong></span> 
     </span>
     <span class='ocr_line' id='line_1_16' title="bbox 125 1859 2230 1952; baseline -0.013 9"><span class='ocrx_word' id='word_1_190' title='bbox 125 1882 133 1897; x_wconf 61' lang='lat'>⁸</span> <span class='ocrx_word' id='word_1_191' title='bbox 207 1875 420 1947; x_wconf 58' lang='lat' dir='ltr'>adlicientur</span> <span class='ocrx_word' id='word_1_192' title='bbox 433 1870 545 1937; x_wconf 64' lang='lat' dir='ltr'>vobis·</span> <span class='ocrx_word' id='word_1_193' title='bbox 1248 1863 1361 1951; x_wconf 86' lang='lat' dir='ltr'>imago</span> <span class='ocrx_word' id='word_1_194' title='bbox 1380 1863 1593 1931; x_wconf 86' lang='lat' dir='ltr'>consolatur.</span> <span class='ocrx_word' id='word_1_195' title='bbox 1646 1859 1828 1950; x_wconf 80' lang='lat' dir='ltr'>Elegantia</span> <span class='ocrx_word' id='word_1_196' title='bbox 1847 1874 1897 1929; x_wconf 92' lang='lat' dir='ltr'>est</span> <span class='ocrx_word' id='word_1_197' title='bbox 1923 1862 2027 1951; x_wconf 87' lang='lat' dir='ltr'>igitur</span> <span class='ocrx_word' id='word_1_198' title='bbox 2047 1863 2230 1952; x_wconf 86' lang='lat' dir='ltr'>cogitatio·</span> 
     </span>
     <span class='ocr_line' id='line_1_17' title="bbox 308 1958 2230 2061; baseline -0.011 -17"><span class='ocrx_word' id='word_1_199' title='bbox 308 1975 381 2044; x_wconf 91' lang='lat' dir='ltr'>Nec</span> <span class='ocrx_word' id='word_1_200' title='bbox 397 1975 444 2042; x_wconf 87' lang='lat' dir='ltr'>ita</span> <span class='ocrx_word' id='word_1_201' title='bbox 460 1960 817 2061; x_wconf 87' lang='lat' dir='ltr'>impediuntEbraira</span> <span class='ocrx_word' id='word_1_202' title='bbox 832 1959 1099 2029; x_wconf 85' lang='lat' dir='ltr'>studiaLatinas</span> <span class='ocrx_word' id='word_1_203' title='bbox 1116 1961 1194 2028; x_wconf 88' lang='lat' dir='ltr'>lite·</span> <span class='ocrx_word' id='word_1_204' title='bbox 1249 1988 1334 2031; x_wconf 91' lang='lat' dir='ltr'>num</span> <span class='ocrx_word' id='word_1_205' title='bbox 1358 1976 1391 2031; x_wconf 91' lang='lat' dir='ltr'>et</span> <span class='ocrx_word' id='word_1_206' title='bbox 1415 1966 1602 2032; x_wconf 88' lang='lat' dir='ltr'>verborum</span> <span class='ocrx_word' id='word_1_207' title='bbox 1627 1976 1722 2032; x_wconf 89' lang='lat' dir='ltr'>tanta</span> <span class='ocrx_word' id='word_1_208' title='bbox 1747 1964 1785 2030; x_wconf 96' lang='lat' dir='ltr'>in</span> <span class='ocrx_word' id='word_1_209' title='bbox 1809 1958 2013 2053; x_wconf 85' lang='lat' dir='ltr'>Prophetis,</span> <span class='ocrx_word' id='word_1_210' title='bbox 2038 1979 2078 2034; x_wconf 88' lang='lat' dir='ltr'>ut</span> <span class='ocrx_word' id='word_1_211' title='bbox 2095 1965 2157 2057; x_wconf 82' lang='lat' dir='ltr'>qui</span> <span class='ocrx_word' id='word_1_212' title='bbox 2174 1988 2230 2034; x_wconf 71' lang='lat' dir='ltr'>tes</span> 
     </span>
     <span class='ocr_line' id='line_1_18' title="bbox 207 2062 2043 2155; baseline -0.008 -8"><span class='ocrx_word' id='word_1_213' title='bbox 207 2100 264 2147; x_wconf 91' lang='lat' dir='ltr'>ras</span> <span class='ocrx_word' id='word_1_214' title='bbox 286 2091 320 2147; x_wconf 90' lang='lat' dir='ltr'>et</span> <span class='ocrx_word' id='word_1_215' title='bbox 339 2073 513 2154; x_wconf 89' lang='lat' dir='ltr'>Graecas,</span> <span class='ocrx_word' id='word_1_216' title='bbox 538 2082 673 2139; x_wconf 87' lang='lat' dir='ltr'>utnon</span> <span class='ocrx_word' id='word_1_217' title='bbox 696 2063 833 2155; x_wconf 85' lang='lat' dir='ltr'>assequi</span> <span class='ocrx_word' id='word_1_218' title='bbox 856 2062 1133 2131; x_wconf 86' lang='lat' dir='ltr'>mediocritatem</span> <span class='ocrx_word' id='word_1_219' title='bbox 1156 2062 1195 2128; x_wconf 94' lang='lat' dir='ltr'>in</span> <span class='ocrx_word' id='word_1_220' title='bbox 1248 2065 1470 2154; x_wconf 89' lang='lat' dir='ltr'>intelligunt,</span> <span class='ocrx_word' id='word_1_221' title='bbox 1496 2066 1717 2154; x_wconf 89' lang='lat' dir='ltr'>nonpossint</span> <span class='ocrx_word' id='word_1_222' title='bbox 1734 2089 1808 2133; x_wconf 91' lang='lat' dir='ltr'>eam</span> <span class='ocrx_word' id='word_1_223' title='bbox 1826 2087 1898 2132; x_wconf 91' lang='lat' dir='ltr'>non</span> <span class='ocrx_word' id='word_1_224' title='bbox 1915 2089 2043 2139; x_wconf 86' lang='lat' dir='ltr'>amare.</span> 
     </span>
     <span class='ocr_line' id='line_1_19' title="bbox 207 2162 2237 2260; baseline -0.016 9"><span class='ocrx_word' id='word_1_225' title='bbox 207 2180 287 2250; x_wconf 58' lang='lat'>³53⁸</span> <span class='ocrx_word' id='word_1_226' title='bbox 303 2177 441 2248; x_wconf 69' lang='lat' dir='ltr'>d⁰³b⁰⁸</span> <span class='ocrx_word' id='word_1_227' title='bbox 455 2171 587 2260; x_wconf 63' lang='lat' dir='ltr'>lingnis</span> <span class='ocrx_word' id='word_1_228' title='bbox 601 2166 708 2237; x_wconf 72' lang='lat' dir='ltr'>h⁰¹¹¹⁰</span> <span class='ocrx_word' id='word_1_229' title='bbox 725 2164 914 2234; x_wconf 65' lang='lat' dir='ltr'>⁵¹UPi⁰⁸l¹¹⁵</span> <span class='ocrx_word' id='word_1_230' title='bbox 930 2164 1047 2252; x_wconf 74' lang='lat' dir='ltr'>P⁰⁸⁵ll·</span> <span class='ocrx_word' id='word_1_231' title='bbox 1077 2162 1194 2250; x_wconf 66' lang='lat' dir='ltr'><strong>Quam</strong></span> <span class='ocrx_word' id='word_1_232' title='bbox 1349 2165 1530 2235; x_wconf 91' lang='lat' dir='ltr'>Postremo</span> <span class='ocrx_word' id='word_1_233' title='bbox 1548 2168 1642 2258; x_wconf 89' lang='lat' dir='ltr'>qnod</span> <span class='ocrx_word' id='word_1_234' title='bbox 1661 2168 1703 2234; x_wconf 90' lang='lat' dir='ltr'>de</span> <span class='ocrx_word' id='word_1_235' title='bbox 1720 2165 1889 2255; x_wconf 88' lang='lat' dir='ltr'>sapientia</span> <span class='ocrx_word' id='word_1_236' title='bbox 1907 2181 1940 2236; x_wconf 89' lang='lat' dir='ltr'>et</span> <span class='ocrx_word' id='word_1_237' title='bbox 1965 2168 2146 2237; x_wconf 87' lang='lat' dir='ltr'>barbarica</span> <span class='ocrx_word' id='word_1_238' title='bbox 2160 2165 2237 2240; x_wconf 89' lang='lat' dir='ltr'>Re-</span> 
     </span>
     <span class='ocr_line' id='line_1_20' title="bbox 207 2266 2236 2359; baseline -0.014 8"><span class='ocrx_word' id='word_1_239' title='bbox 207 2282 339 2351; x_wconf 69' lang='lat' dir='ltr'>mUllOS</span> <span class='ocrx_word' id='word_1_240' title='bbox 360 2277 454 2347; x_wconf 68' lang='lat' dir='ltr'>enim</span> <span class='ocrx_word' id='word_1_241' title='bbox 480 2275 583 2342; x_wconf 65' lang='lat' dir='ltr'>ellam</span> <span class='ocrx_word' id='word_1_242' title='bbox 601 2269 726 2337; x_wconf 60' lang='lat' dir='ltr'>[¹³15ssss</span> <span class='ocrx_word' id='word_1_243' title='bbox 748 2267 897 2334; x_wconf 69' lang='lat' dir='ltr'>dl⁵⁰rl⁰⁸</span> <span class='ocrx_word' id='word_1_244' title='bbox 915 2266 1099 2332; x_wconf 70' lang='lat' dir='ltr'>“Ominnre</span> <span class='ocrx_word' id='word_1_245' title='bbox 1113 2285 1195 2353; x_wconf 72' lang='lat' dir='ltr'>pos-</span> <span class='ocrx_word' id='word_1_246' title='bbox 1248 2268 1386 2358; x_wconf 89' lang='lat' dir='ltr'>publica</span> <span class='ocrx_word' id='word_1_247' title='bbox 1405 2267 1601 2337; x_wconf 91' lang='lat' dir='ltr'>Politianus</span> <span class='ocrx_word' id='word_1_248' title='bbox 1616 2268 1715 2349; x_wconf 86' lang='lat' dir='ltr'>dixit,</span> <span class='ocrx_word' id='word_1_249' title='bbox 1739 2268 1841 2335; x_wconf 91' lang='lat' dir='ltr'>valde</span> <span class='ocrx_word' id='word_1_250' title='bbox 1859 2282 1963 2341; x_wconf 89' lang='lat' dir='ltr'>errat.</span> <span class='ocrx_word' id='word_1_251' title='bbox 1997 2268 2118 2359; x_wconf 90' lang='lat' dir='ltr'>Longe</span> <span class='ocrx_word' id='word_1_252' title='bbox 2134 2283 2236 2340; x_wconf 91' lang='lat' dir='ltr'>ante-</span> 
     </span>
     <span class='ocr_line' id='line_1_21' title="bbox 207 2364 2234 2473; baseline -0.014 -5"><span class='ocrx_word' id='word_1_253' title='bbox 207 2405 299 2465; x_wconf 62' lang='lat' dir='ltr'>stms</span> <span class='ocrx_word' id='word_1_254' title='bbox 325 2379 387 2473; x_wconf 73' lang='lat' dir='ltr'>qui</span> <span class='ocrx_word' id='word_1_255' title='bbox 403 2373 471 2446; x_wconf 73' lang='lat' dir='ltr'>l¹⁰⁰</span> <span class='ocrx_word' id='word_1_256' title='bbox 488 2389 643 2462; x_wconf 66' lang='grc' dir='ltr'>ῑθῐῐὶΡθῑθ</span> <span class='ocrx_word' id='word_1_257' title='bbox 668 2369 706 2435; x_wconf 70' lang='grc' dir='ltr'>ῙΠ</span> <span class='ocrx_word' id='word_1_258' title='bbox 728 2364 784 2435; x_wconf 67' lang='lat' dir='ltr'>llis</span> <span class='ocrx_word' id='word_1_259' title='bbox 809 2366 923 2434; x_wconf 64' lang='lat' dir='ltr'>itibus</span> <span class='ocrx_word' id='word_1_260' title='bbox 947 2366 1076 2454; x_wconf 75' lang='lat' dir='ltr'>linguis</span> <span class='ocrx_word' id='word_1_261' title='bbox 1100 2379 1133 2434; x_wconf 71' lang='lat' dir='ltr'>el</span> <span class='ocrx_word' id='word_1_262' title='bbox 1157 2366 1193 2431; x_wconf 93' lang='lat' dir='ltr'>in</span> <span class='ocrx_word' id='word_1_263' title='bbox 1247 2369 1368 2438; x_wconf 84' lang='lat' dir='ltr'>celluit</span> <span class='ocrx_word' id='word_1_264' title='bbox 1397 2370 1488 2436; x_wconf 88' lang='lat' dir='ltr'>veris</span> <span class='ocrx_word' id='word_1_265' title='bbox 1512 2370 1728 2437; x_wconf 90' lang='lat' dir='ltr'>ornamentis</span> <span class='ocrx_word' id='word_1_266' title='bbox 1752 2369 1947 2458; x_wconf 87' lang='lat' dir='ltr'>respublica</span> <span class='ocrx_word' id='word_1_267' title='bbox 1974 2368 2112 2441; x_wconf 88' lang='lat' dir='ltr'>ludaica</span> <span class='ocrx_word' id='word_1_268' title='bbox 2137 2370 2234 2442; x_wconf 90' lang='lat' dir='ltr'>Atti-</span> 
     </span>
     <span class='ocr_line' id='line_1_22' title="bbox 205 2467 2230 2562; baseline -0.007 -9"><span class='ocrx_word' id='word_1_269' title='bbox 205 2484 369 2553; x_wconf 88' lang='lat' dir='ltr'>universa</span> <span class='ocrx_word' id='word_1_270' title='bbox 400 2470 632 2562; x_wconf 62' lang='lat' dir='ltr'>Utilosopbia</span> <span class='ocrx_word' id='word_1_271' title='bbox 662 2492 804 2559; x_wconf 90' lang='lat' dir='ltr'>operam</span> <span class='ocrx_word' id='word_1_272' title='bbox 831 2468 966 2555; x_wconf 82' lang='lat' dir='ltr'>egregie</span> <span class='ocrx_word' id='word_1_273' title='bbox 996 2467 1195 2535; x_wconf 77' lang='lat' dir='ltr'>navanrnt?</span> <span class='ocrx_word' id='word_1_274' title='bbox 1247 2495 1320 2538; x_wconf 89' lang='lat' dir='ltr'>cae:</span> <span class='ocrx_word' id='word_1_275' title='bbox 1364 2494 1427 2539; x_wconf 93' lang='lat' dir='ltr'>nec</span> <span class='ocrx_word' id='word_1_276' title='bbox 1454 2473 1607 2539; x_wconf 90' lang='lat' dir='ltr'>concedo</span> <span class='ocrx_word' id='word_1_277' title='bbox 1634 2471 1687 2551; x_wconf 92' lang='lat' dir='ltr'>ei,</span> <span class='ocrx_word' id='word_1_278' title='bbox 1723 2471 1908 2554; x_wconf 81' lang='lat' dir='ltr'>Solonem,</span> <span class='ocrx_word' id='word_1_279' title='bbox 1946 2467 2230 2552; x_wconf 79' lang='lat' dir='ltr'>Themistoclem,</span> 
     </span>
     <span class='ocr_line' id='line_1_23' title="bbox 206 2568 2231 2661; baseline -0.006 -7"><span class='ocrx_word' id='word_1_280' title='bbox 206 2582 261 2654; x_wconf 89' lang='lat' dir='ltr'>De</span> <span class='ocrx_word' id='word_1_281' title='bbox 275 2580 474 2650; x_wconf 89' lang='lat' dir='ltr'>viventibus</span> <span class='ocrx_word' id='word_1_282' title='bbox 490 2575 702 2653; x_wconf 88' lang='lat' dir='ltr'>nondicam,</span> <span class='ocrx_word' id='word_1_283' title='bbox 728 2570 789 2661; x_wconf 90' lang='lat' dir='ltr'>qui</span> <span class='ocrx_word' id='word_1_284' title='bbox 808 2570 957 2637; x_wconf 87' lang='lat' dir='ltr'>etmulti</span> <span class='ocrx_word' id='word_1_285' title='bbox 973 2585 1064 2650; x_wconf 86' lang='lat' dir='ltr'>sunt,</span> <span class='ocrx_word' id='word_1_286' title='bbox 1091 2568 1194 2636; x_wconf 91' lang='lat' dir='ltr'>editis</span> <span class='ocrx_word' id='word_1_287' title='bbox 1248 2570 1429 2640; x_wconf 77' lang='lat' dir='ltr'>Aristiden</span> <span class='ocrx_word' id='word_1_288' title='bbox 1456 2572 1604 2640; x_wconf 88' lang='lat' dir='ltr'>maiores</span> <span class='ocrx_word' id='word_1_289' title='bbox 1626 2572 1720 2639; x_wconf 91' lang='lat' dir='ltr'>viros</span> <span class='ocrx_word' id='word_1_290' title='bbox 1749 2570 1872 2655; x_wconf 84' lang='lat' dir='ltr'>luisse,</span> <span class='ocrx_word' id='word_1_291' title='bbox 1901 2571 2031 2659; x_wconf 85' lang='lat' dir='ltr'>Moise,</span> <span class='ocrx_word' id='word_1_292' title='bbox 2054 2573 2231 2654; x_wconf 66' lang='lat' dir='ltr'>Samuele,</span> 
     </span>
     <span class='ocr_line' id='line_1_24' title="bbox 206 2668 2233 2766; baseline -0.007 -10"><span class='ocrx_word' id='word_1_293' title='bbox 206 2681 446 2755; x_wconf 90' lang='lat' dir='ltr'>monumentis</span> <span class='ocrx_word' id='word_1_294' title='bbox 471 2677 568 2747; x_wconf 89' lang='lat' dir='ltr'>clari.</span> <span class='ocrx_word' id='word_1_295' title='bbox 596 2674 757 2766; x_wconf 91' lang='lat' dir='ltr'>plerique</span> <span class='ocrx_word' id='word_1_296' title='bbox 780 2668 985 2762; x_wconf 88' lang='lat' dir='ltr'>Grynaenm</span> <span class='ocrx_word' id='word_1_297' title='bbox 1019 2671 1194 2752; x_wconf 89' lang='lat' dir='ltr'>novimus,</span> <span class='ocrx_word' id='word_1_298' title='bbox 1245 2670 1399 2755; x_wconf 87' lang='lat' dir='ltr'>Davide,</span> <span class='ocrx_word' id='word_1_299' title='bbox 1425 2671 1526 2751; x_wconf 88' lang='lat' dir='ltr'>Elia,</span> <span class='ocrx_word' id='word_1_300' title='bbox 1552 2669 1691 2751; x_wconf 88' lang='lat' dir='ltr'>Eliseo,</span> <span class='ocrx_word' id='word_1_301' title='bbox 1722 2670 1845 2755; x_wconf 91' lang='lat' dir='ltr'>Esaia,</span> <span class='ocrx_word' id='word_1_302' title='bbox 1874 2670 2030 2749; x_wconf 86' lang='lat' dir='ltr'>leremia.</span> <span class='ocrx_word' id='word_1_303' title='bbox 2089 2675 2172 2748; x_wconf 86' lang='lat' dir='ltr'>Fuit</span> <span class='ocrx_word' id='word_1_304' title='bbox 2195 2679 2233 2747; x_wconf 90' lang='lat' dir='ltr'>in</span> 
     </span>
     <span class='ocr_line' id='line_1_25' title="bbox 150 2766 2231 2868; baseline -0.004 -20"><span class='ocrx_word' id='word_1_305' title='bbox 150 2840 154 2848; x_wconf 95' lang='lat'>.</span> <span class='ocrx_word' id='word_1_306' title='bbox 207 2787 265 2857; x_wconf 90' lang='lat' dir='ltr'>cui</span> <span class='ocrx_word' id='word_1_307' title='bbox 285 2786 384 2854; x_wconf 91' lang='lat' dir='ltr'>nulla</span> <span class='ocrx_word' id='word_1_308' title='bbox 408 2773 662 2868; x_wconf 89' lang='lat' dir='ltr'>Philosophiae</span> <span class='ocrx_word' id='word_1_309' title='bbox 685 2797 764 2864; x_wconf 89' lang='lat' dir='ltr'>pars</span> <span class='ocrx_word' id='word_1_310' title='bbox 786 2773 904 2860; x_wconf 90' lang='lat' dir='ltr'>ignota</span> <span class='ocrx_word' id='word_1_311' title='bbox 928 2771 1016 2854; x_wconf 85' lang='lat' dir='ltr'>luit,</span> <span class='ocrx_word' id='word_1_312' title='bbox 1048 2785 1081 2840; x_wconf 91' lang='lat' dir='ltr'>et</span> <span class='ocrx_word' id='word_1_313' title='bbox 1103 2766 1193 2839; x_wconf 89' lang='lat' dir='ltr'>banc</span> <span class='ocrx_word' id='word_1_314' title='bbox 1247 2771 1391 2842; x_wconf 89' lang='lat' dir='ltr'>Graccis</span> <span class='ocrx_word' id='word_1_315' title='bbox 1415 2773 1555 2863; x_wconf 88' lang='lat' dir='ltr'>politica</span> <span class='ocrx_word' id='word_1_316' title='bbox 1573 2774 1741 2863; x_wconf 87' lang='lat' dir='ltr'>sapientia</span> <span class='ocrx_word' id='word_1_317' title='bbox 1758 2790 1792 2846; x_wconf 89' lang='lat' dir='ltr'>et</span> <span class='ocrx_word' id='word_1_318' title='bbox 1811 2799 1937 2863; x_wconf 88' lang='lat' dir='ltr'>magna</span> <span class='ocrx_word' id='word_1_319' title='bbox 1954 2778 2083 2862; x_wconf 89' lang='lat' dir='ltr'>virtus,</span> <span class='ocrx_word' id='word_1_320' title='bbox 2107 2782 2167 2847; x_wconf 89' lang='lat' dir='ltr'>sed</span> <span class='ocrx_word' id='word_1_321' title='bbox 2191 2782 2231 2848; x_wconf 86' lang='lat' dir='ltr'>in</span> 
     </span>
     <span class='ocr_line' id='line_1_26' title="bbox 207 2869 2228 2970; baseline -0.007 -13"><span class='ocrx_word' id='word_1_322' title='bbox 207 2912 248 2957; x_wconf 91' lang='lat' dir='ltr'>ex</span> <span class='ocrx_word' id='word_1_323' title='bbox 267 2885 413 2956; x_wconf 89' lang='lat' dir='ltr'>Graecis</span> <span class='ocrx_word' id='word_1_324' title='bbox 427 2882 586 2952; x_wconf 85' lang='lat' dir='ltr'>fontibus</span> <span class='ocrx_word' id='word_1_325' title='bbox 603 2874 778 2956; x_wconf 89' lang='lat' dir='ltr'>hauserat,</span> <span class='ocrx_word' id='word_1_326' title='bbox 805 2871 1005 2955; x_wconf 85' lang='lat' dir='ltr'>Aristotele,</span> <span class='ocrx_word' id='word_1_327' title='bbox 1030 2869 1193 2955; x_wconf 88' lang='lat' dir='ltr'>Euclide,</span> <span class='ocrx_word' id='word_1_328' title='bbox 1248 2871 1300 2944; x_wconf 90' lang='lat' dir='ltr'>bis</span> <span class='ocrx_word' id='word_1_329' title='bbox 1329 2876 1459 2944; x_wconf 89' lang='lat' dir='ltr'>nostris</span> <span class='ocrx_word' id='word_1_330' title='bbox 1485 2874 1617 2962; x_wconf 88' lang='lat' dir='ltr'>agnitio</span> <span class='ocrx_word' id='word_1_331' title='bbox 1639 2875 1724 2959; x_wconf 88' lang='lat' dir='ltr'>Dei,</span> <span class='ocrx_word' id='word_1_332' title='bbox 1758 2890 1791 2946; x_wconf 89' lang='lat' dir='ltr'>et</span> <span class='ocrx_word' id='word_1_333' title='bbox 1823 2878 2010 2967; x_wconf 89' lang='lat' dir='ltr'>peculiaris</span> <span class='ocrx_word' id='word_1_334' title='bbox 2039 2879 2228 2970; x_wconf 88' lang='lat' dir='ltr'>sapientiae</span> 
     </span>
     <span class='ocr_line' id='line_1_27' title="bbox 207 2974 2229 3077; baseline -0.013 -1"><span class='ocrx_word' id='word_1_335' title='bbox 207 2987 365 3070; x_wconf 62' lang='lat' dir='ltr'>sillem,</span> <span class='ocrx_word' id='word_1_336' title='bbox 398 3008 486 3077; x_wconf 67' lang='lat' dir='ltr'>(1¹¹⁰ss</span> <span class='ocrx_word' id='word_1_337' title='bbox 508 2976 632 3051; x_wconf 60' lang='lat' dir='ltr'>habuit</span> <span class='ocrx_word' id='word_1_338' title='bbox 654 2976 866 3046; x_wconf 68' lang='lat' dir='ltr'>n0¹3⁸⁵l¹¹¹⁰⁵·</span> <span class='ocrx_word' id='word_1_339' title='bbox 927 2974 1110 3044; x_wconf 85' lang='lat' dir='ltr'>Scribebat</span> <span class='ocrx_word' id='word_1_340' title='bbox 1130 2998 1194 3042; x_wconf 81' lang='lat' dir='ltr'>au·</span> <span class='ocrx_word' id='word_1_341' title='bbox 1246 2980 1373 3066; x_wconf 89' lang='lat' dir='ltr'>gradus</span> <span class='ocrx_word' id='word_1_342' title='bbox 1388 2976 1473 3060; x_wconf 86' lang='lat' dir='ltr'>luit,</span> <span class='ocrx_word' id='word_1_343' title='bbox 1498 3000 1567 3068; x_wconf 93' lang='lat' dir='ltr'>qua</span> <span class='ocrx_word' id='word_1_344' title='bbox 1583 2999 1637 3043; x_wconf 89' lang='lat' dir='ltr'>res</span> <span class='ocrx_word' id='word_1_345' title='bbox 1654 2977 1780 3046; x_wconf 89' lang='lat' dir='ltr'>dubias</span> <span class='ocrx_word' id='word_1_346' title='bbox 1797 2993 1832 3048; x_wconf 91' lang='lat' dir='ltr'>et</span> <span class='ocrx_word' id='word_1_347' title='bbox 1853 2981 2051 3069; x_wconf 90' lang='lat' dir='ltr'>superiores</span> <span class='ocrx_word' id='word_1_348' title='bbox 2065 2977 2229 3050; x_wconf 90' lang='lat' dir='ltr'>humanis</span> 
     </span>
     <span class='ocr_line' id='line_1_28' title="bbox 206 3076 2232 3173; baseline -0.011 -2"><span class='ocrx_word' id='word_1_349' title='bbox 206 3105 277 3161; x_wconf 71' lang='lat' dir='ltr'>lem</span> <span class='ocrx_word' id='word_1_350' title='bbox 302 3104 333 3158; x_wconf 70' lang='lat' dir='ltr'>el</span> <span class='ocrx_word' id='word_1_351' title='bbox 356 3110 496 3163; x_wconf 69' lang='lat' dir='ltr'>Versus,</span> <span class='ocrx_word' id='word_1_352' title='bbox 521 3099 554 3152; x_wconf 78' lang='lat' dir='ltr'>el</span> <span class='ocrx_word' id='word_1_353' title='bbox 578 3084 729 3150; x_wconf 66' lang='lat' dir='ltr'>solutam</span> <span class='ocrx_word' id='word_1_354' title='bbox 750 3078 947 3146; x_wconf 72' lang='lat' dir='ltr'>0rssli⁰¹t⁰¹¹¹</span> <span class='ocrx_word' id='word_1_355' title='bbox 970 3077 1052 3145; x_wconf 74' lang='lat' dir='ltr'>satis</span> <span class='ocrx_word' id='word_1_356' title='bbox 1074 3076 1194 3166; x_wconf 71' lang='lat' dir='ltr'>splen·</span> <span class='ocrx_word' id='word_1_357' title='bbox 1246 3079 1403 3147; x_wconf 90' lang='lat' dir='ltr'>consiliis</span> <span class='ocrx_word' id='word_1_358' title='bbox 1426 3091 1460 3146; x_wconf 89' lang='lat' dir='ltr'>et</span> <span class='ocrx_word' id='word_1_359' title='bbox 1475 3077 1612 3146; x_wconf 93' lang='lat' dir='ltr'>viribus</span> <span class='ocrx_word' id='word_1_360' title='bbox 1638 3081 1857 3149; x_wconf 88' lang='lat' dir='ltr'>vocatiouem</span> <span class='ocrx_word' id='word_1_361' title='bbox 1881 3105 1979 3151; x_wconf 90' lang='lat' dir='ltr'>suam</span> <span class='ocrx_word' id='word_1_362' title='bbox 1998 3095 2034 3153; x_wconf 92' lang='lat' dir='ltr'>et</span> <span class='ocrx_word' id='word_1_363' title='bbox 2050 3083 2115 3154; x_wconf 87' lang='lat' dir='ltr'>Dei</span> <span class='ocrx_word' id='word_1_364' title='bbox 2133 3107 2232 3173; x_wconf 91' lang='lat' dir='ltr'>prae-</span> 
     </span>
     <span class='ocr_line' id='line_1_29' title="bbox 206 3178 2234 3266; baseline -0.011 12"><span class='ocrx_word' id='word_1_365' title='bbox 206 3190 300 3260; x_wconf 67' lang='lat' dir='ltr'>didfl·</span> <span class='ocrx_word' id='word_1_366' title='bbox 351 3186 421 3254; x_wconf 65' lang='lat' dir='ltr'>Hic</span> <span class='ocrx_word' id='word_1_367' title='bbox 442 3183 499 3252; x_wconf 72' lang='lat' dir='ltr'>l¹l⁸</span> <span class='ocrx_word' id='word_1_368' title='bbox 522 3197 591 3252; x_wconf 62' lang='lat' dir='ltr'>lam</span> <span class='ocrx_word' id='word_1_369' title='bbox 617 3182 723 3247; x_wconf 59' lang='lat' dir='ltr'>variis</span> <span class='ocrx_word' id='word_1_370' title='bbox 748 3192 783 3247; x_wconf 71' lang='grc' dir='ltr'>θῑ</span> <span class='ocrx_word' id='word_1_371' title='bbox 806 3178 985 3245; x_wconf 64' lang='lat' dir='ltr'>immemis</span> <span class='ocrx_word' id='word_1_372' title='bbox 1009 3178 1194 3247; x_wconf 76' lang='lat' dir='ltr'>nrlibnset</span> <span class='ocrx_word' id='word_1_373' title='bbox 1246 3181 1394 3248; x_wconf 91' lang='lat' dir='ltr'>sentiam</span> <span class='ocrx_word' id='word_1_374' title='bbox 1410 3180 1586 3249; x_wconf 89' lang='lat' dir='ltr'>intuentes</span> <span class='ocrx_word' id='word_1_375' title='bbox 1600 3181 1774 3266; x_wconf 89' lang='lat' dir='ltr'>gerebant.</span> <span class='ocrx_word' id='word_1_376' title='bbox 1811 3180 1937 3250; x_wconf 89' lang='lat' dir='ltr'>Graeci</span> <span class='ocrx_word' id='word_1_377' title='bbox 1958 3184 2234 3255; x_wconf 82' lang='lat' dir='ltr'>illisereomnes</span> 
     </span>
     <span class='ocr_line' id='line_1_30' title="bbox 206 3274 2234 3383; baseline -0.004 -22"><span class='ocrx_word' id='word_1_378' title='bbox 206 3290 338 3378; x_wconf 88' lang='lat' dir='ltr'>linguis</span> <span class='ocrx_word' id='word_1_379' title='bbox 359 3283 534 3355; x_wconf 87' lang='lat' dir='ltr'>Ebraeam</span> <span class='ocrx_word' id='word_1_380' title='bbox 556 3282 717 3349; x_wconf 87' lang='lat' dir='ltr'>addebat.</span> <span class='ocrx_word' id='word_1_381' title='bbox 782 3274 932 3345; x_wconf 91' lang='lat' dir='ltr'>Amabat</span> <span class='ocrx_word' id='word_1_382' title='bbox 955 3279 1048 3345; x_wconf 89' lang='lat' dir='ltr'>enim</span> <span class='ocrx_word' id='word_1_383' title='bbox 1070 3276 1193 3346; x_wconf 91' lang='lat' dir='ltr'>Eccle-</span> <span class='ocrx_word' id='word_1_384' title='bbox 1247 3305 1328 3349; x_wconf 87' lang='lat' dir='ltr'>suae</span> <span class='ocrx_word' id='word_1_385' title='bbox 1344 3281 1534 3371; x_wconf 89' lang='lat' dir='ltr'>sapientiae</span> <span class='ocrx_word' id='word_1_386' title='bbox 1549 3281 1675 3349; x_wconf 85' lang='lat' dir='ltr'>fiducia</span> <span class='ocrx_word' id='word_1_387' title='bbox 1692 3282 1782 3363; x_wconf 90' lang='lat' dir='ltr'>elati,</span> <span class='ocrx_word' id='word_1_388' title='bbox 1795 3283 2000 3350; x_wconf 88' lang='lat' dir='ltr'>tandemvel</span> <span class='ocrx_word' id='word_1_389' title='bbox 2015 3291 2234 3383; x_wconf 72' lang='grc' dir='ltr'><em>πολυπραγ-</em></span> 
     </span>
     <span class='ocr_line' id='line_1_31' title="bbox 206 3374 2233 3471; baseline -0.003 -8"><span class='ocrx_word' id='word_1_390' title='bbox 206 3395 294 3463; x_wconf 89' lang='lat' dir='ltr'>siam</span> <span class='ocrx_word' id='word_1_391' title='bbox 310 3389 397 3468; x_wconf 91' lang='lat' dir='ltr'>Dei,</span> <span class='ocrx_word' id='word_1_392' title='bbox 421 3401 456 3455; x_wconf 91' lang='lat' dir='ltr'>et</span> <span class='ocrx_word' id='word_1_393' title='bbox 479 3385 593 3453; x_wconf 83' lang='lat' dir='ltr'>sontes</span> <span class='ocrx_word' id='word_1_394' title='bbox 616 3378 796 3449; x_wconf 87' lang='lat' dir='ltr'>doctrinae</span> <span class='ocrx_word' id='word_1_395' title='bbox 820 3380 1018 3468; x_wconf 90' lang='lat' dir='ltr'>quaerebat.</span> <span class='ocrx_word' id='word_1_396' title='bbox 1072 3379 1193 3468; x_wconf 89' lang='lat' dir='ltr'>ltaque</span> <span class='ocrx_word' id='word_1_397' title='bbox 1246 3374 1411 3471; x_wconf 78' lang='grc' dir='ltr'><em>μοσύνῃ,</em></span> <span class='ocrx_word' id='word_1_398' title='bbox 1439 3384 1493 3450; x_wconf 88' lang='lat' dir='ltr'>vel</span> <span class='ocrx_word' id='word_1_399' title='bbox 1515 3382 1762 3470; x_wconf 88' lang='lat' dir='ltr'>cupiditatibus</span> <span class='ocrx_word' id='word_1_400' title='bbox 1784 3379 1923 3465; x_wconf 85' lang='lat' dir='ltr'>iniustis</span> <span class='ocrx_word' id='word_1_401' title='bbox 1948 3381 2114 3471; x_wconf 89' lang='lat' dir='ltr'>impulsi,</span> <span class='ocrx_word' id='word_1_402' title='bbox 2144 3389 2233 3457; x_wconf 90' lang='lat' dir='ltr'>civi-</span> 
     </span>
     <span class='ocr_line' id='line_1_32' title="bbox 205 3477 2232 3583; baseline -0.009 -18"><span class='ocrx_word' id='word_1_403' title='bbox 205 3496 300 3565; x_wconf 87' lang='lat' dir='ltr'>iuter</span> <span class='ocrx_word' id='word_1_404' title='bbox 316 3490 530 3583; x_wconf 91' lang='lat' dir='ltr'>precandum</span> <span class='ocrx_word' id='word_1_405' title='bbox 544 3484 677 3577; x_wconf 89' lang='lat' dir='ltr'>aliquid</span> <span class='ocrx_word' id='word_1_406' title='bbox 697 3477 846 3567; x_wconf 83' lang='lat' dir='ltr'>Ebraice</span> <span class='ocrx_word' id='word_1_407' title='bbox 860 3477 1007 3566; x_wconf 89' lang='lat' dir='ltr'>legebat.</span> <span class='ocrx_word' id='word_1_408' title='bbox 1248 3483 1377 3551; x_wconf 91' lang='lat' dir='ltr'>tatibus</span> <span class='ocrx_word' id='word_1_409' title='bbox 1400 3483 1471 3551; x_wconf 89' lang='lat' dir='ltr'>suis</span> <span class='ocrx_word' id='word_1_410' title='bbox 1492 3505 1635 3572; x_wconf 90' lang='lat' dir='ltr'>magnas</span> <span class='ocrx_word' id='word_1_411' title='bbox 1648 3484 1768 3552; x_wconf 91' lang='lat' dir='ltr'>ruinas</span> <span class='ocrx_word' id='word_1_412' title='bbox 1782 3494 2010 3555; x_wconf 77' lang='lat' dir='ltr'>attraxerunt.</span> <span class='ocrx_word' id='word_1_413' title='bbox 2063 3483 2109 3556; x_wconf 89' lang='lat' dir='ltr'>Et</span> <span class='ocrx_word' id='word_1_414' title='bbox 2127 3484 2232 3558; x_wconf 74' lang='lat' dir='ltr'>habet</span> 
     </span>
     <span class='ocr_line' id='line_1_33' title="bbox 306 3575 2231 3679; baseline -0.004 -17"><span class='ocrx_word' id='word_1_415' title='bbox 306 3591 360 3662; x_wconf 90' lang='lat' dir='ltr'>De</span> <span class='ocrx_word' id='word_1_416' title='bbox 377 3590 547 3679; x_wconf 86' lang='lat' dir='ltr'>elegantia</span> <span class='ocrx_word' id='word_1_417' title='bbox 571 3583 742 3654; x_wconf 88' lang='lat' dir='ltr'>sermonis</span> <span class='ocrx_word' id='word_1_418' title='bbox 763 3605 836 3649; x_wconf 95' lang='lat' dir='ltr'>non</span> <span class='ocrx_word' id='word_1_419' title='bbox 861 3575 919 3647; x_wconf 91' lang='lat' dir='ltr'>hic</span> <span class='ocrx_word' id='word_1_420' title='bbox 936 3583 1072 3662; x_wconf 90' lang='lat' dir='ltr'>dicam,</span> <span class='ocrx_word' id='word_1_421' title='bbox 1097 3581 1191 3672; x_wconf 90' lang='lat' dir='ltr'>quod</span> <span class='ocrx_word' id='word_1_422' title='bbox 1246 3580 1361 3651; x_wconf 84' lang='lat' dir='ltr'>David</span> <span class='ocrx_word' id='word_1_423' title='bbox 1387 3580 1595 3664; x_wconf 87' lang='lat' dir='ltr'>anchoram,</span> <span class='ocrx_word' id='word_1_424' title='bbox 1623 3611 1690 3676; x_wconf 93' lang='lat' dir='ltr'>qua</span> <span class='ocrx_word' id='word_1_425' title='bbox 1715 3608 1811 3654; x_wconf 87' lang='lat' dir='ltr'>suam</span> <span class='ocrx_word' id='word_1_426' title='bbox 1830 3586 1949 3651; x_wconf 88' lang='lat' dir='ltr'>navim</span> <span class='ocrx_word' id='word_1_427' title='bbox 1968 3586 2073 3654; x_wconf 84' lang='lat' dir='ltr'>etiarn</span> <span class='ocrx_word' id='word_1_428' title='bbox 2087 3613 2231 3679; x_wconf 90' lang='lat' dir='ltr'>quassa-</span> 
     </span>
     <span class='ocr_line' id='line_1_34' title="bbox 206 3678 2227 3775; baseline -0.014 -7"><span class='ocrx_word' id='word_1_429' title='bbox 206 3695 334 3768; x_wconf 86' lang='lat' dir='ltr'>Graeci</span> <span class='ocrx_word' id='word_1_430' title='bbox 352 3694 478 3764; x_wconf 88' lang='lat' dir='ltr'>citant:</span> <span class='ocrx_word' id='word_1_431' title='bbox 505 3684 721 3759; x_wconf 90' lang='lat' dir='ltr'>Anacharsis</span> <span class='ocrx_word' id='word_1_432' title='bbox 742 3684 833 3774; x_wconf 90' lang='lat' dir='ltr'>apud</span> <span class='ocrx_word' id='word_1_433' title='bbox 850 3678 986 3749; x_wconf 91' lang='lat' dir='ltr'>Atticos</span> <span class='ocrx_word' id='word_1_434' title='bbox 1001 3684 1194 3766; x_wconf 80' lang='lat' dir='ltr'>soloecizet,</span> <span class='ocrx_word' id='word_1_435' title='bbox 1247 3701 1317 3755; x_wconf 86' lang='lat' dir='ltr'>tarn</span> <span class='ocrx_word' id='word_1_436' title='bbox 1343 3687 1457 3755; x_wconf 90' lang='lat' dir='ltr'>ventis</span> <span class='ocrx_word' id='word_1_437' title='bbox 1487 3701 1517 3756; x_wconf 90' lang='lat' dir='ltr'>et</span> <span class='ocrx_word' id='word_1_438' title='bbox 1543 3687 1708 3756; x_wconf 84' lang='lat' dir='ltr'>fluctibus</span> <span class='ocrx_word' id='word_1_439' title='bbox 1734 3700 1864 3765; x_wconf 89' lang='lat' dir='ltr'>servet,</span> <span class='ocrx_word' id='word_1_440' title='bbox 1901 3687 2054 3775; x_wconf 83' lang='lat' dir='ltr'>ignotam</span> <span class='ocrx_word' id='word_1_441' title='bbox 2078 3684 2227 3756; x_wconf 65' lang='lat' dir='ltr'>Themi.</span> 
     </span>
     <span class='ocr_line' id='line_1_35' title="bbox 205 3779 2223 3883; baseline -0.01 -12"><span class='ocrx_word' id='word_1_442' title='bbox 205 3798 317 3871; x_wconf 88' lang='lat' dir='ltr'>Solon</span> <span class='ocrx_word' id='word_1_443' title='bbox 341 3820 424 3865; x_wconf 87' lang='lat' dir='ltr'>vero</span> <span class='ocrx_word' id='word_1_444' title='bbox 448 3794 541 3883; x_wconf 92' lang='lat' dir='ltr'>apud</span> <span class='ocrx_word' id='word_1_445' title='bbox 564 3783 721 3882; x_wconf 86' lang='lat' dir='ltr'>Scythas.</span> <span class='ocrx_word' id='word_1_446' title='bbox 783 3783 863 3852; x_wconf 91' lang='lat' dir='ltr'>Non</span> <span class='ocrx_word' id='word_1_447' title='bbox 893 3783 987 3851; x_wconf 80' lang='lat' dir='ltr'>enirn</span> <span class='ocrx_word' id='word_1_448' title='bbox 1013 3784 1104 3853; x_wconf 87' lang='lat' dir='ltr'>valet</span> <span class='ocrx_word' id='word_1_449' title='bbox 1126 3779 1193 3853; x_wconf 91' lang='lat' dir='ltr'>hoc</span> <span class='ocrx_word' id='word_1_450' title='bbox 1246 3786 1370 3871; x_wconf 91' lang='lat' dir='ltr'>stocli,</span> <span class='ocrx_word' id='word_1_451' title='bbox 1396 3786 1544 3874; x_wconf 88' lang='lat' dir='ltr'>Pericli,</span> <span class='ocrx_word' id='word_1_452' title='bbox 1570 3801 1604 3856; x_wconf 94' lang='lat' dir='ltr'>et</span> <span class='ocrx_word' id='word_1_453' title='bbox 1627 3789 1813 3860; x_wconf 87' lang='lat' dir='ltr'>similibus.</span> <span class='ocrx_word' id='word_1_454' title='bbox 1873 3786 1949 3858; x_wconf 93' lang='lat' dir='ltr'>Scit</span> <span class='ocrx_word' id='word_1_455' title='bbox 1967 3812 2020 3872; x_wconf 90' lang='lat' dir='ltr'>se,</span> <span class='ocrx_word' id='word_1_456' title='bbox 2045 3788 2106 3856; x_wconf 90' lang='lat' dir='ltr'>scit</span> <span class='ocrx_word' id='word_1_457' title='bbox 2126 3811 2223 3856; x_wconf 87' lang='lat' dir='ltr'>suam</span> 
     </span>
     <span class='ocr_line' id='line_1_36' title="bbox 205 3884 2226 3981; baseline -0.012 -11"><span class='ocrx_word' id='word_1_458' title='bbox 205 3901 337 3970; x_wconf 87' lang='lat' dir='ltr'>dictum</span> <span class='ocrx_word' id='word_1_459' title='bbox 355 3900 392 3965; x_wconf 95' lang='lat' dir='ltr'>in</span> <span class='ocrx_word' id='word_1_460' title='bbox 409 3896 629 3966; x_wconf 88' lang='lat' dir='ltr'>universnm:</span> <span class='ocrx_word' id='word_1_461' title='bbox 660 3886 901 3956; x_wconf 91' lang='lat' dir='ltr'>inventionem</span> <span class='ocrx_word' id='word_1_462' title='bbox 918 3897 1042 3954; x_wconf 87' lang='lat' dir='ltr'>natura</span> <span class='ocrx_word' id='word_1_463' title='bbox 1060 3886 1193 3954; x_wconf 91' lang='lat' dir='ltr'>diiudi-</span> <span class='ocrx_word' id='word_1_464' title='bbox 1246 3888 1499 3981; x_wconf 88' lang='lat' dir='ltr'>rempublicam</span> <span class='ocrx_word' id='word_1_465' title='bbox 1512 3886 1587 3957; x_wconf 92' lang='lat' dir='ltr'>Deo</span> <span class='ocrx_word' id='word_1_466' title='bbox 1605 3913 1709 3958; x_wconf 90' lang='lat' dir='ltr'>curae</span> <span class='ocrx_word' id='word_1_467' title='bbox 1725 3913 1815 3958; x_wconf 89' lang='lat' dir='ltr'>esse:</span> <span class='ocrx_word' id='word_1_468' title='bbox 1842 3902 1876 3958; x_wconf 88' lang='lat' dir='ltr'>ct</span> <span class='ocrx_word' id='word_1_469' title='bbox 1895 3884 1961 3958; x_wconf 91' lang='lat' dir='ltr'>bac</span> <span class='ocrx_word' id='word_1_470' title='bbox 1978 3914 2037 3980; x_wconf 89' lang='lat' dir='ltr'>spe</span> <span class='ocrx_word' id='word_1_471' title='bbox 2055 3913 2116 3957; x_wconf 85' lang='lat' dir='ltr'>nec</span> <span class='ocrx_word' id='word_1_472' title='bbox 2135 3890 2226 3957; x_wconf 77' lang='lat' dir='ltr'>abii.</span> 
     </span>
     <span class='ocr_line' id='line_1_37' title="bbox 205 3982 2230 4084; baseline -0.014 2"><span class='ocrx_word' id='word_1_473' title='bbox 205 4016 280 4084; x_wconf 88' lang='lat' dir='ltr'>cat,</span> <span class='ocrx_word' id='word_1_474' title='bbox 303 4024 343 4069; x_wconf 63' lang='grc' dir='ltr'>δῦ</span> <span class='ocrx_word' id='word_1_475' title='bbox 364 4000 474 4068; x_wconf 75' lang='lat' dir='ltr'>mulla</span> <span class='ocrx_word' id='word_1_476' title='bbox 498 3997 543 4063; x_wconf 72' lang='lat' dir='ltr'>nb</span> <span class='ocrx_word' id='word_1_477' title='bbox 563 3991 753 4082; x_wconf 76' lang='lat' dir='ltr'>ingeniosis</span> <span class='ocrx_word' id='word_1_478' title='bbox 773 4003 806 4057; x_wconf 92' lang='lat' dir='ltr'>et</span> <span class='ocrx_word' id='word_1_479' title='bbox 824 3988 1057 4078; x_wconf 90' lang='lat' dir='ltr'>prudentibus</span> <span class='ocrx_word' id='word_1_480' title='bbox 1075 3982 1193 4055; x_wconf 90' lang='lat' dir='ltr'>homi·</span> <span class='ocrx_word' id='word_1_481' title='bbox 1246 3991 1292 4059; x_wconf 88' lang='lat' dir='ltr'>cit</span> <span class='ocrx_word' id='word_1_482' title='bbox 1313 4014 1410 4058; x_wconf 89' lang='lat' dir='ltr'>arma</span> <span class='ocrx_word' id='word_1_483' title='bbox 1437 3991 1472 4058; x_wconf 93' lang='lat' dir='ltr'>in</span> <span class='ocrx_word' id='word_1_484' title='bbox 1496 3991 1650 4059; x_wconf 88' lang='lat' dir='ltr'>adversis</span> <span class='ocrx_word' id='word_1_485' title='bbox 1670 3993 1791 4070; x_wconf 89' lang='lat' dir='ltr'>rebus,</span> <span class='ocrx_word' id='word_1_486' title='bbox 1818 4014 1883 4058; x_wconf 91' lang='lat' dir='ltr'>nec</span> <span class='ocrx_word' id='word_1_487' title='bbox 1895 3991 2022 4060; x_wconf 92' lang='lat' dir='ltr'>deserit</span> <span class='ocrx_word' id='word_1_488' title='bbox 2043 3991 2230 4060; x_wconf 87' lang='lat' dir='ltr'>stationem</span> 
     </span>
     <span class='ocr_line' id='line_1_38' title="bbox 204 4087 2235 4194; baseline -0.008 -21"><span class='ocrx_word' id='word_1_489' title='bbox 204 4105 328 4186; x_wconf 91' lang='lat' dir='ltr'>nibus,</span> <span class='ocrx_word' id='word_1_490' title='bbox 353 4121 554 4194; x_wconf 88' lang='lat' dir='ltr'>quanquam</span> <span class='ocrx_word' id='word_1_491' title='bbox 573 4094 702 4182; x_wconf 91' lang='lat' dir='ltr'>ignaris</span> <span class='ocrx_word' id='word_1_492' title='bbox 719 4087 874 4158; x_wconf 89' lang='lat' dir='ltr'>Graecae</span> <span class='ocrx_word' id='word_1_493' title='bbox 890 4091 1040 4178; x_wconf 89' lang='lat' dir='ltr'>linguae,</span> <span class='ocrx_word' id='word_1_494' title='bbox 1066 4112 1191 4178; x_wconf 88' lang='lat' dir='ltr'>magna</span> <span class='ocrx_word' id='word_1_495' title='bbox 1246 4114 1364 4175; x_wconf 89' lang='lat' dir='ltr'>suam,</span> <span class='ocrx_word' id='word_1_496' title='bbox 1389 4094 1450 4161; x_wconf 86' lang='lat' dir='ltr'>sed</span> <span class='ocrx_word' id='word_1_497' title='bbox 1469 4092 1580 4160; x_wconf 88' lang='lat' dir='ltr'>exitus</span> <span class='ocrx_word' id='word_1_498' title='bbox 1603 4093 1732 4163; x_wconf 81' lang='lat' dir='ltr'>faustos</span> <span class='ocrx_word' id='word_1_499' title='bbox 1748 4105 1917 4181; x_wconf 89' lang='lat' dir='ltr'>expectat.</span> <span class='ocrx_word' id='word_1_500' title='bbox 1967 4090 2070 4160; x_wconf 88' lang='lat' dir='ltr'>Hanc</span> <span class='ocrx_word' id='word_1_501' title='bbox 2094 4093 2235 4183; x_wconf 90' lang='lat' dir='ltr'>sapien-</span> 
     </span>
     <span class='ocr_line' id='line_1_39' title="bbox 205 4189 2237 4283; baseline -0.017 12"><span class='ocrx_word' id='word_1_502' title='bbox 205 4215 483 4279; x_wconf 63' lang='lat' dir='ltr'>fflmvefflsslale</span> <span class='ocrx_word' id='word_1_503' title='bbox 502 4190 957 4283; x_wconf 65' lang='lat' dir='ltr'>⁰¹⁰⁰gll³l³²ldl⁰l³⁸¹¹¹¹b</span> <span class='ocrx_word' id='word_1_504' title='bbox 1245 4193 1330 4263; x_wconf 90' lang='lat' dir='ltr'>tiam</span> <span class='ocrx_word' id='word_1_505' title='bbox 1360 4194 1530 4262; x_wconf 90' lang='lat' dir='ltr'>maiorem</span> <span class='ocrx_word' id='word_1_506' title='bbox 1563 4208 1596 4263; x_wconf 92' lang='lat' dir='ltr'>et</span> <span class='ocrx_word' id='word_1_507' title='bbox 1623 4195 1731 4282; x_wconf 88' lang='lat' dir='ltr'>magis</span> <span class='ocrx_word' id='word_1_508' title='bbox 1753 4193 1941 4262; x_wconf 89' lang='lat' dir='ltr'>salutarem</span> <span class='ocrx_word' id='word_1_509' title='bbox 1963 4189 2237 4277; x_wconf 85' lang='lat' dir='ltr'>Themistoclea,</span> 
     </span>
     <span class='ocr_line' id='line_1_40' title="bbox 307 4286 2235 4392; baseline -0.01 -13"><span class='ocrx_word' id='word_1_510' title='bbox 307 4301 355 4372; x_wconf 80' lang='lat' dir='ltr'>Et</span> <span class='ocrx_word' id='word_1_511' title='bbox 371 4321 552 4392; x_wconf 78' lang='lat' dir='ltr'>nunqnam</span> <span class='ocrx_word' id='word_1_512' title='bbox 571 4292 740 4384; x_wconf 75' lang='lat' dir='ltr'>snpientia</span> <span class='ocrx_word' id='word_1_513' title='bbox 756 4303 806 4358; x_wconf 75' lang='lat' dir='ltr'>est</span> <span class='ocrx_word' id='word_1_514' title='bbox 822 4291 897 4357; x_wconf 76' lang='lat' dir='ltr'>sine</span> <span class='ocrx_word' id='word_1_515' title='bbox 913 4291 1100 4378; x_wconf 85' lang='lat' dir='ltr'>elegantia,</span> <span class='ocrx_word' id='word_1_516' title='bbox 1125 4286 1192 4359; x_wconf 91' lang='lat' dir='ltr'>boc</span> <span class='ocrx_word' id='word_1_517' title='bbox 1246 4295 1385 4364; x_wconf 89' lang='lat' dir='ltr'>discetis</span> <span class='ocrx_word' id='word_1_518' title='bbox 1407 4319 1446 4363; x_wconf 85' lang='lat' dir='ltr'>ex</span> <span class='ocrx_word' id='word_1_519' title='bbox 1463 4296 1614 4364; x_wconf 86' lang='lat' dir='ltr'>lectione</span> <span class='ocrx_word' id='word_1_520' title='bbox 1628 4294 1783 4386; x_wconf 88' lang='lat' dir='ltr'>Reipub.</span> <span class='ocrx_word' id='word_1_521' title='bbox 1800 4292 1979 4378; x_wconf 90' lang='lat' dir='ltr'>ludaicae,</span> <span class='ocrx_word' id='word_1_522' title='bbox 2002 4318 2127 4386; x_wconf 88' lang='lat' dir='ltr'>quam,</span> <span class='ocrx_word' id='word_1_523' title='bbox 2152 4318 2235 4364; x_wconf 90' lang='lat' dir='ltr'>curn</span> 
     </span>
     <span class='ocr_line' id='line_1_41' title="bbox 206 4391 2236 4496; baseline -0.013 -18"><span class='ocrx_word' id='word_1_524' title='bbox 206 4421 277 4496; x_wconf 88' lang='lat' dir='ltr'>est,</span> <span class='ocrx_word' id='word_1_525' title='bbox 302 4405 380 4472; x_wconf 89' lang='lat' dir='ltr'>sine</span> <span class='ocrx_word' id='word_1_526' title='bbox 404 4402 463 4468; x_wconf 93' lang='lat' dir='ltr'>illa</span> <span class='ocrx_word' id='word_1_527' title='bbox 487 4411 560 4465; x_wconf 91' lang='lat' dir='ltr'>arte</span> <span class='ocrx_word' id='word_1_528' title='bbox 583 4397 710 4463; x_wconf 91' lang='lat' dir='ltr'>idonea</span> <span class='ocrx_word' id='word_1_529' title='bbox 728 4391 944 4479; x_wconf 87' lang='lat' dir='ltr'>temporibus</span> <span class='ocrx_word' id='word_1_530' title='bbox 967 4417 1006 4460; x_wconf 91' lang='lat' dir='ltr'>ac</span> <span class='ocrx_word' id='word_1_531' title='bbox 1024 4393 1193 4482; x_wconf 87' lang='lat' dir='ltr'>personis,</span> <span class='ocrx_word' id='word_1_532' title='bbox 1246 4395 1350 4463; x_wconf 91' lang='lat' dir='ltr'>suerit</span> <span class='ocrx_word' id='word_1_533' title='bbox 1366 4392 1523 4466; x_wconf 86' lang='lat' dir='ltr'>Ecclesia</span> <span class='ocrx_word' id='word_1_534' title='bbox 1541 4394 1628 4482; x_wconf 86' lang='lat' dir='ltr'>Ilei,</span> <span class='ocrx_word' id='word_1_535' title='bbox 1653 4422 1725 4465; x_wconf 92' lang='lat' dir='ltr'>non</span> <span class='ocrx_word' id='word_1_536' title='bbox 1751 4397 1908 4464; x_wconf 87' lang='lat' dir='ltr'>sinamus</span> <span class='ocrx_word' id='word_1_537' title='bbox 1931 4396 2151 4465; x_wconf 80' lang='lat' dir='ltr'>barbaricam</span> <span class='ocrx_word' id='word_1_538' title='bbox 2169 4421 2236 4464; x_wconf 85' lang='lat' dir='ltr'>vo-</span> 
     </span>
     <span class='ocr_line' id='line_1_42' title="bbox 205 4491 2236 4596; baseline -0.018 5"><span class='ocrx_word' id='word_1_539' title='bbox 205 4531 287 4579; x_wconf 63' lang='lat' dir='ltr'>cum</span> <span class='ocrx_word' id='word_1_540' title='bbox 318 4504 434 4596; x_wconf 63' lang='lat' dir='ltr'>aliqua</span> <span class='ocrx_word' id='word_1_541' title='bbox 462 4495 632 4587; x_wconf 64' lang='lat' dir='ltr'>Slnssllldsl</span> <span class='ocrx_word' id='word_1_542' title='bbox 662 4492 832 4561; x_wconf 68' lang='lat' dir='ltr'>⁵¹¹³Vil³l⁰</span> <span class='ocrx_word' id='word_1_543' title='bbox 855 4491 1010 4564; x_wconf 71' lang='lat' dir='ltr'>dicendi.</span> <span class='ocrx_word' id='word_1_544' title='bbox 1070 4491 1192 4561; x_wconf 90' lang='lat' dir='ltr'>Fuisse</span> <span class='ocrx_word' id='word_1_545' title='bbox 1246 4496 1329 4567; x_wconf 89' lang='lat' dir='ltr'>cari.</span> <span class='ocrx_word' id='word_1_546' title='bbox 1381 4495 1476 4567; x_wconf 90' lang='lat' dir='ltr'>Haec</span> <span class='ocrx_word' id='word_1_547' title='bbox 1498 4500 1592 4567; x_wconf 93' lang='lat' dir='ltr'>enim</span> <span class='ocrx_word' id='word_1_548' title='bbox 1619 4497 1838 4567; x_wconf 90' lang='lat' dir='ltr'>domicilium</span> <span class='ocrx_word' id='word_1_549' title='bbox 1863 4496 1932 4567; x_wconf 88' lang='lat' dir='ltr'>suit</span> <span class='ocrx_word' id='word_1_550' title='bbox 1948 4496 2139 4585; x_wconf 87' lang='lat' dir='ltr'>agnitionis</span> <span class='ocrx_word' id='word_1_551' title='bbox 2153 4494 2236 4580; x_wconf 88' lang='lat' dir='ltr'>Dei,</span> 
     </span>
     <span class='ocr_line' id='line_1_43' title="bbox 206 4589 2238 4697; baseline -0.008 -17"><span class='ocrx_word' id='word_1_552' title='bbox 206 4624 321 4680; x_wconf 85' lang='lat' dir='ltr'>autem</span> <span class='ocrx_word' id='word_1_553' title='bbox 338 4602 546 4697; x_wconf 89' lang='lat' dir='ltr'>sapientiam</span> <span class='ocrx_word' id='word_1_554' title='bbox 560 4589 792 4686; x_wconf 88' lang='lat' dir='ltr'>inProphetis</span> <span class='ocrx_word' id='word_1_555' title='bbox 806 4593 1043 4672; x_wconf 84' lang='lat' dir='ltr'>excellentem,</span> <span class='ocrx_word' id='word_1_556' title='bbox 1058 4595 1193 4683; x_wconf 89' lang='lat' dir='ltr'>magni·</span> <span class='ocrx_word' id='word_1_557' title='bbox 1246 4599 1435 4687; x_wconf 87' lang='lat' dir='ltr'>sapientiae</span> <span class='ocrx_word' id='word_1_558' title='bbox 1453 4623 1607 4669; x_wconf 91' lang='lat' dir='ltr'>summae</span> <span class='ocrx_word' id='word_1_559' title='bbox 1625 4599 1719 4669; x_wconf 89' lang='lat' dir='ltr'>inter</span> <span class='ocrx_word' id='word_1_560' title='bbox 1737 4595 1918 4678; x_wconf 87' lang='lat' dir='ltr'>homines,</span> <span class='ocrx_word' id='word_1_561' title='bbox 1945 4600 2153 4688; x_wconf 90' lang='lat' dir='ltr'>prudentiae</span> <span class='ocrx_word' id='word_1_562' title='bbox 2168 4623 2238 4689; x_wconf 86' lang='lat' dir='ltr'>po·</span> 
     </span>
     <span class='ocr_line' id='line_1_44' title="bbox 205 4693 2233 4795; baseline -0.007 -13"><span class='ocrx_word' id='word_1_563' title='bbox 205 4713 292 4782; x_wconf 92' lang='lat' dir='ltr'>tudo</span> <span class='ocrx_word' id='word_1_564' title='bbox 314 4733 431 4779; x_wconf 91' lang='lat' dir='ltr'>rernm</span> <span class='ocrx_word' id='word_1_565' title='bbox 455 4718 629 4795; x_wconf 83' lang='lat' dir='ltr'>gestarum</span> <span class='ocrx_word' id='word_1_566' title='bbox 649 4697 813 4771; x_wconf 81' lang='lat' dir='ltr'>ostendit.</span> <span class='ocrx_word' id='word_1_567' title='bbox 865 4693 985 4784; x_wconf 87' lang='lat' dir='ltr'>Quare</span> <span class='ocrx_word' id='word_1_568' title='bbox 1001 4721 1074 4765; x_wconf 90' lang='lat' dir='ltr'>non</span> <span class='ocrx_word' id='word_1_569' title='bbox 1093 4710 1193 4786; x_wconf 93' lang='lat' dir='ltr'>pute-</span> <span class='ocrx_word' id='word_1_570' title='bbox 1247 4699 1373 4781; x_wconf 91' lang='lat' dir='ltr'>liticae,</span> <span class='ocrx_word' id='word_1_571' title='bbox 1395 4700 1628 4785; x_wconf 88' lang='lat' dir='ltr'>fortitudinis,</span> <span class='ocrx_word' id='word_1_572' title='bbox 1654 4701 1928 4770; x_wconf 88' lang='lat' dir='ltr'>castissimorum</span> <span class='ocrx_word' id='word_1_573' title='bbox 1948 4724 2100 4779; x_wconf 91' lang='lat' dir='ltr'>morum,</span> <span class='ocrx_word' id='word_1_574' title='bbox 2127 4700 2233 4770; x_wconf 90' lang='lat' dir='ltr'>disci·</span> 
     </span>
     <span class='ocr_line' id='line_1_45' title="bbox 203 4796 2237 4895; baseline -0.008 -13"><span class='ocrx_word' id='word_1_575' title='bbox 203 4813 250 4882; x_wconf 85' lang='lat' dir='ltr'>tis</span> <span class='ocrx_word' id='word_1_576' title='bbox 273 4834 392 4880; x_wconf 88' lang='lat' dir='ltr'>earum</span> <span class='ocrx_word' id='word_1_577' title='bbox 414 4809 610 4879; x_wconf 88' lang='lat' dir='ltr'>orationem</span> <span class='ocrx_word' id='word_1_578' title='bbox 635 4800 803 4869; x_wconf 89' lang='lat' dir='ltr'>insulsam</span> <span class='ocrx_word' id='word_1_579' title='bbox 823 4821 912 4866; x_wconf 90' lang='lat' dir='ltr'>esse:</span> <span class='ocrx_word' id='word_1_580' title='bbox 944 4801 1004 4868; x_wconf 90' lang='lat' dir='ltr'>sed</span> <span class='ocrx_word' id='word_1_581' title='bbox 1022 4814 1062 4869; x_wconf 93' lang='lat' dir='ltr'>ut</span> <span class='ocrx_word' id='word_1_582' title='bbox 1078 4800 1191 4890; x_wconf 61' lang='lat' dir='ltr'>pictur</span> <span class='ocrx_word' id='word_1_583' title='bbox 1245 4801 1381 4891; x_wconf 91' lang='lat' dir='ltr'>plinae,</span> <span class='ocrx_word' id='word_1_584' title='bbox 1410 4815 1443 4870; x_wconf 89' lang='lat' dir='ltr'>et</span> <span class='ocrx_word' id='word_1_585' title='bbox 1459 4827 1578 4872; x_wconf 89' lang='lat' dir='ltr'>earnm</span> <span class='ocrx_word' id='word_1_586' title='bbox 1600 4803 1729 4871; x_wconf 84' lang='lat' dir='ltr'>artium</span> <span class='ocrx_word' id='word_1_587' title='bbox 1744 4825 1833 4895; x_wconf 88' lang='lat' dir='ltr'>quae</span> <span class='ocrx_word' id='word_1_588' title='bbox 1855 4801 1948 4870; x_wconf 88' lang='lat' dir='ltr'>inter</span> <span class='ocrx_word' id='word_1_589' title='bbox 1971 4796 2237 4892; x_wconf 87' lang='lat' dir='ltr'>philosophicas</span> 
     </span>
     <span class='ocr_line' id='line_1_46' title="bbox 205 4901 2237 4999; baseline -0.01 -14"><span class='ocrx_word' id='word_1_590' title='bbox 205 4938 281 4985; x_wconf 91' lang='lat' dir='ltr'>ram</span> <span class='ocrx_word' id='word_1_591' title='bbox 312 4911 452 4999; x_wconf 87' lang='lat' dir='ltr'>longius</span> <span class='ocrx_word' id='word_1_592' title='bbox 480 4909 630 4996; x_wconf 88' lang='lat' dir='ltr'>positam</span> <span class='ocrx_word' id='word_1_593' title='bbox 655 4903 812 4971; x_wconf 89' lang='lat' dir='ltr'>iudicare</span> <span class='ocrx_word' id='word_1_594' title='bbox 835 4901 1015 4970; x_wconf 80' lang='lat' dir='ltr'>difficilius</span> <span class='ocrx_word' id='word_1_595' title='bbox 1042 4916 1112 4984; x_wconf 91' lang='lat' dir='ltr'>est,</span> <span class='ocrx_word' id='word_1_596' title='bbox 1145 4901 1191 4969; x_wconf 90' lang='lat' dir='ltr'>ita</span> <span class='ocrx_word' id='word_1_597' title='bbox 1245 4903 1451 4995; x_wconf 89' lang='lat' dir='ltr'>praecipuae</span> <span class='ocrx_word' id='word_1_598' title='bbox 1477 4918 1569 4972; x_wconf 89' lang='lat' dir='ltr'>sunt.</span> <span class='ocrx_word' id='word_1_599' title='bbox 1622 4903 1693 4975; x_wconf 92' lang='lat' dir='ltr'>Sed</span> <span class='ocrx_word' id='word_1_600' title='bbox 1716 4927 1813 4975; x_wconf 93' lang='lat' dir='ltr'>nunc</span> <span class='ocrx_word' id='word_1_601' title='bbox 1826 4903 2049 4973; x_wconf 88' lang='lat' dir='ltr'>collationem</span> <span class='ocrx_word' id='word_1_602' title='bbox 2071 4903 2237 4992; x_wconf 83' lang='lat' dir='ltr'>gentium</span> 
     </span>
     <span class='ocr_line' id='line_1_47' title="bbox 206 5002 1417 5107; baseline -0.022 -23"><span class='ocrx_word' id='word_1_603' title='bbox 206 5014 319 5107; x_wconf 84' lang='lat' dir='ltr'>ignari</span> <span class='ocrx_word' id='word_1_604' title='bbox 335 5036 450 5081; x_wconf 88' lang='lat' dir='ltr'>rerum</span> <span class='ocrx_word' id='word_1_605' title='bbox 462 5007 636 5079; x_wconf 85' lang='lat' dir='ltr'>Ecclesiae</span> <span class='ocrx_word' id='word_1_606' title='bbox 653 5002 823 5073; x_wconf 89' lang='lat' dir='ltr'>nonsatis</span> <span class='ocrx_word' id='word_1_607' title='bbox 841 5006 970 5085; x_wconf 83' lang='lat' dir='ltr'>vident,</span> <span class='ocrx_word' id='word_1_608' title='bbox 986 5025 1090 5093; x_wconf 90' lang='lat' dir='ltr'>qnam</span> <span class='ocrx_word' id='word_1_609' title='bbox 1109 5002 1193 5071; x_wconf 74' lang='lat' dir='ltr'>itta,</span> <span class='ocrx_word' id='word_1_610' title='bbox 1244 5004 1417 5077; x_wconf 55' lang='lat' dir='ltr'>omittam,</span> 
     </span>
     <span class='ocr_line' id='line_1_48' title="bbox 203 5097 2242 5209; baseline -0.007 -22"><span class='ocrx_word' id='word_1_611' title='bbox 203 5131 292 5209; x_wconf 84' lang='lat' dir='ltr'>stres</span> <span class='ocrx_word' id='word_1_612' title='bbox 327 5128 362 5185; x_wconf 88' lang='lat' dir='ltr'>et</span> <span class='ocrx_word' id='word_1_613' title='bbox 394 5111 513 5179; x_wconf 89' lang='lat' dir='ltr'>dulces</span> <span class='ocrx_word' id='word_1_614' title='bbox 549 5109 718 5196; x_wconf 88' lang='lat' dir='ltr'>imagines</span> <span class='ocrx_word' id='word_1_615' title='bbox 751 5117 952 5194; x_wconf 86' lang='lat' dir='ltr'>proponant</span> <span class='ocrx_word' id='word_1_616' title='bbox 984 5097 1192 5192; x_wconf 89' lang='lat' dir='ltr'>Prophetae.</span> <span class='ocrx_word' id='word_1_617' title='bbox 1345 5103 1399 5174; x_wconf 92' lang='lat' dir='ltr'>De</span> <span class='ocrx_word' id='word_1_618' title='bbox 1415 5107 1556 5196; x_wconf 91' lang='lat' dir='ltr'>linguae</span> <span class='ocrx_word' id='word_1_619' title='bbox 1572 5108 1688 5178; x_wconf 90' lang='lat' dir='ltr'>studio</span> <span class='ocrx_word' id='word_1_620' title='bbox 1706 5102 1773 5176; x_wconf 91' lang='lat' dir='ltr'>boc</span> <span class='ocrx_word' id='word_1_621' title='bbox 1788 5131 1850 5175; x_wconf 92' lang='lat' dir='ltr'>vos</span> <span class='ocrx_word' id='word_1_622' title='bbox 1865 5131 1928 5175; x_wconf 91' lang='lat' dir='ltr'>oro</span> <span class='ocrx_word' id='word_1_623' title='bbox 1947 5119 1980 5175; x_wconf 91' lang='lat' dir='ltr'>et</span> <span class='ocrx_word' id='word_1_624' title='bbox 1994 5107 2170 5190; x_wconf 91' lang='lat' dir='ltr'>obtestor,</span> <span class='ocrx_word' id='word_1_625' title='bbox 2197 5119 2242 5175; x_wconf 91' lang='lat' dir='ltr'>ut</span> 
     </span>
     <span class='ocr_line' id='line_1_49' title="bbox 205 5200 2240 5302; baseline -0.006 -13"><span class='ocrx_word' id='word_1_626' title='bbox 205 5213 324 5289; x_wconf 88' lang='lat' dir='ltr'>Obvia</span> <span class='ocrx_word' id='word_1_627' title='bbox 340 5227 424 5285; x_wconf 91' lang='lat' dir='ltr'>sunt</span> <span class='ocrx_word' id='word_1_628' title='bbox 440 5211 572 5302; x_wconf 88' lang='lat' dir='ltr'>ubique</span> <span class='ocrx_word' id='word_1_629' title='bbox 587 5208 742 5297; x_wconf 84' lang='lat' dir='ltr'>exempla</span> <span class='ocrx_word' id='word_1_630' title='bbox 760 5205 1022 5283; x_wconf 85' lang='lat' dir='ltr'>venustissime,</span> <span class='ocrx_word' id='word_1_631' title='bbox 1049 5200 1194 5273; x_wconf 91' lang='lat' dir='ltr'>sedboc</span> <span class='ocrx_word' id='word_1_632' title='bbox 1245 5207 1401 5296; x_wconf 89' lang='lat' dir='ltr'>cogitetis</span> <span class='ocrx_word' id='word_1_633' title='bbox 1424 5210 1558 5278; x_wconf 91' lang='lat' dir='ltr'>donum</span> <span class='ocrx_word' id='word_1_634' title='bbox 1591 5212 1792 5299; x_wconf 90' lang='lat' dir='ltr'>linguarum</span> <span class='ocrx_word' id='word_1_635' title='bbox 1818 5211 1856 5276; x_wconf 93' lang='lat' dir='ltr'>in</span> <span class='ocrx_word' id='word_1_636' title='bbox 1880 5203 2036 5277; x_wconf 87' lang='lat' dir='ltr'>Ecclesia</span> <span class='ocrx_word' id='word_1_637' title='bbox 2060 5207 2240 5277; x_wconf 91' lang='lat' dir='ltr'>divinitus</span> 
     </span>
     <span class='ocr_line' id='line_1_50' title="bbox 166 5302 2239 5398; baseline -0.01 -2"><span class='ocrx_word' id='word_1_638' title='bbox 166 5316 169 5321; x_wconf 39' lang='lat'>⁵</span> <span class='ocrx_word' id='word_1_639' title='bbox 204 5344 316 5390; x_wconf 86' lang='lat' dir='ltr'>unum</span> <span class='ocrx_word' id='word_1_640' title='bbox 331 5315 499 5388; x_wconf 77' lang='lat' dir='ltr'>recitabo·</span> <span class='ocrx_word' id='word_1_641' title='bbox 552 5309 724 5379; x_wconf 87' lang='lat' dir='ltr'>Praedieit</span> <span class='ocrx_word' id='word_1_642' title='bbox 740 5302 882 5389; x_wconf 83' lang='lat' dir='ltr'>Esaias,</span> <span class='ocrx_word' id='word_1_643' title='bbox 906 5303 1021 5374; x_wconf 91' lang='lat' dir='ltr'>Deum</span> <span class='ocrx_word' id='word_1_644' title='bbox 1036 5320 1194 5377; x_wconf 87' lang='lat' dir='ltr'>servatu-</span> <span class='ocrx_word' id='word_1_645' title='bbox 1246 5309 1405 5377; x_wconf 87' lang='lat' dir='ltr'>excitari:</span> <span class='ocrx_word' id='word_1_646' title='bbox 1438 5333 1477 5378; x_wconf 88' lang='lat' dir='ltr'>ac</span> <span class='ocrx_word' id='word_1_647' title='bbox 1502 5310 1590 5381; x_wconf 91' lang='lat' dir='ltr'>velle</span> <span class='ocrx_word' id='word_1_648' title='bbox 1613 5312 1750 5387; x_wconf 87' lang='lat' dir='ltr'>Deum,</span> <span class='ocrx_word' id='word_1_649' title='bbox 1784 5322 1823 5378; x_wconf 89' lang='lat' dir='ltr'>ut</span> <span class='ocrx_word' id='word_1_650' title='bbox 1845 5323 1965 5378; x_wconf 88' lang='lat' dir='ltr'>nostra</span> <span class='ocrx_word' id='word_1_651' title='bbox 1988 5309 2174 5398; x_wconf 89' lang='lat' dir='ltr'>diligentia</span> <span class='ocrx_word' id='word_1_652' title='bbox 2200 5309 2239 5377; x_wconf 92' lang='lat' dir='ltr'>id</span> 
     </span>
     <span class='ocr_line' id='line_1_51' title="bbox 204 5408 2241 5504; baseline -0.016 6"><span class='ocrx_word' id='word_1_653' title='bbox 204 5444 286 5495; x_wconf 69' lang='lat' dir='ltr'>mm</span> <span class='ocrx_word' id='word_1_654' title='bbox 308 5444 382 5491; x_wconf 71' lang='lat'>⁰⁵⁸⁸</span> <span class='ocrx_word' id='word_1_655' title='bbox 406 5439 507 5501; x_wconf 70' lang='lat'><strong>⁸⁰⁰⁵,</strong></span> <span class='ocrx_word' id='word_1_656' title='bbox 540 5414 601 5483; x_wconf 73' lang='lat' dir='ltr'>³⁰d</span> <span class='ocrx_word' id='word_1_657' title='bbox 622 5411 689 5495; x_wconf 64' lang='lat' dir='ltr'>ila,</span> <span class='ocrx_word' id='word_1_658' title='bbox 722 5422 759 5479; x_wconf 76' lang='lat' dir='ltr'>Ul</span> <span class='ocrx_word' id='word_1_659' title='bbox 783 5428 909 5495; x_wconf 67' lang='lat' dir='ltr'>magna</span> <span class='ocrx_word' id='word_1_660' title='bbox 934 5420 1032 5500; x_wconf 88' lang='lat' dir='ltr'>parte</span> <span class='ocrx_word' id='word_1_661' title='bbox 1056 5408 1194 5499; x_wconf 91' lang='lat' dir='ltr'>populi,</span> <span class='ocrx_word' id='word_1_662' title='bbox 1245 5431 1375 5481; x_wconf 89' lang='lat' dir='ltr'>munus</span> <span class='ocrx_word' id='word_1_663' title='bbox 1408 5424 1589 5500; x_wconf 89' lang='lat' dir='ltr'>tueamur,</span> <span class='ocrx_word' id='word_1_664' title='bbox 1625 5426 1665 5484; x_wconf 94' lang='lat' dir='ltr'>ut</span> <span class='ocrx_word' id='word_1_665' title='bbox 1692 5413 1812 5484; x_wconf 87' lang='lat' dir='ltr'>laudat</span> <span class='ocrx_word' id='word_1_666' title='bbox 1843 5433 1980 5497; x_wconf 88' lang='lat' dir='ltr'>servos,</span> <span class='ocrx_word' id='word_1_667' title='bbox 2010 5411 2073 5504; x_wconf 93' lang='lat' dir='ltr'>qui</span> <span class='ocrx_word' id='word_1_668' title='bbox 2103 5408 2241 5485; x_wconf 86' lang='lat' dir='ltr'>talenta</span> 
     </span>
    </p>
   </div>
   <div class='ocr_carea' id='block_1_3' title="bbox 0 0 2370 6021">
    <p class='ocr_par' dir='ltr' id='par_1_3' title="bbox 0 0 2370 6021">
     <span class='ocr_line' id='line_1_52' title="bbox 0 0 2370 6021; baseline 0 0"><span class='ocrx_word' id='word_1_669' title='bbox 0 0 2370 6021; x_wconf 95' lang='lat' dir='ltr'> </span> 
     </span>
    </p>
   </div>
  </div>
 </body>
</html>
