4732 6030
108 141 182 221 125
432 137 439 142 ’
541 135 705 212 DECL.
755 133 832 210 DE
872 135 1144 212 MISERIIS
1180 130 1706 212 PAEDAGOGORUM.
2065 135 2137 213 teo

105 296 200 408 Qnis
219 338 297 386 non
321 312 424 384 malit
447 312 488 381 11
510 311 662 404 pistrino
686 310 845 392 molere,
874 336 980 404 quam
1002 308 1095 381 hanc
1145 333 1211 380 nec
1232 310 1381 382 accendi
1400 310 1475 381 ulla
1491 310 1631 381 ratione
1645 322 1815 401 possunt,
1842 311 1950 399 magis
1973 311 2052 400 cogi
2072 335 2137 381 vo-

105 434 180 492 tam
207 419 389 488 molestam
421 415 636 508 plenamque
666 406 839 483 stomachi
861 413 1094 505 pervicaciam
1143 415 1225 483 lunt
1239 425 1410 507 tanquam
1425 414 1590 504 pecudes.
1641 410 1780 483 Deinde
1797 412 1992 483 neclaudis
2015 437 2135 483 amore

108 520 249 613 gerere?
300 518 370 590 Sed
394 518 449 587 111
475 518 584 587 istum
598 518 743 587 tandem
759 516 914 607 coepisse
929 517 1094 602 scribere,
1144 540 1210 585 nec
1234 517 1371 607 pudore
1397 515 1663 587 extimulantur.
1716 514 1830 585 Porro
1846 538 1926 584 cum
1943 510 2134 586 hominum

109 622 302 715 plurimum
320 644 448 713 operae
463 620 503 688 in
520 618 770 689 emendatione
791 619 1004 711 scriptorum
1029 643 1095 710 po-
1144 631 1291 688 naturae
1317 617 1459 709 proprie
1485 619 1602 709 pudor
1623 616 1753 689 insitus
1769 617 1836 702 sit,
1861 616 1948 710 quid
1974 640 2047 687 esse
2067 640 2134 687 no-

105 725 266 797 nendum
285 721 349 797 est.
399 718 465 794 Est
490 720 587 791 enim
608 722 796 791 sceleratus
812 733 1016 811 praeceptor
1033 721 1095 814 qni
1144 734 1236 791 stros
1257 743 1389 813 pueros
1412 720 1547 804 dicam,
1576 742 1665 813 quos
1686 719 1774 789 adeo
1797 744 1872 791 101
1896 722 2006 812 pudet
2026 719 2135 788 insci·
2228 759 2236 773 ι

103 822 171 896 hac
194 827 235 896 in
250 850 289 897 re
307 837 434 910 cessat,
458 825 489 894 si
509 821 660 894 Horatio
683 823 880 908 credimus,
904 823 967 916 qui
990 839 1094 913 negat
1143 821 1239 894 tiae?
1264 845 1328 912 ego
1344 823 1463 893 verius
1477 836 1636 893 monstra
1653 816 1842 892 hominum
1851 822 2013 915 dixerim,
2026 845 2133 915 quam

103 931 239 1000 bonum
264 929 381 997 virum
415 949 505 1011 csse,
539 926 708 1019 quicum
734 948 862 995 censor
892 927 953 995 liat
986 926 1092 995 alieni
1143 925 1206 1019 qui
1237 925 1374 996 mutilis
1408 926 1577 996 membris
1603 937 1665 995 aut
1687 925 1781 994 caeci
1804 936 2009 997 nascuntur.
2067 919 2134 994 Est

104 1032 250 1123 scripti,
282 1030 371 1101 vitia
397 1053 471 1098 non
496 1023 753 1119 reprehendat;
791 1041 845 1098 est
867 1026 964 1100 enim
987 1043 1094 1100 notus
1143 1028 1238 1098 enim
1254 1027 1368 1096 levius
1384 1028 1537 1119 malum,
1562 1027 1690 1098 mutilo
1710 1029 1799 1118 pede
1820 1050 1913 1111 esse,
1939 1050 2044 1118 quam
2061 1020 2132 1093 hu-

103 1133 320 1204 versiculus:
1100 1211 1104 1220 ,
1142 1154 1248 1202 mana
1263 1143 1380 1199 mente
1395 1152 1526 1198 carere:
1562 1129 1622 1199 isti
1643 1129 1739 1199 enim
1753 1130 1961 1220 simpliciter
1976 1123 2132 1197 humana

1143 1235 1256 1325 speeie
1271 1231 1434 1302 beluinas
1456 1245 1591 1302 mentes
1609 1245 1750 1320 tegunt,
1783 1255 1872 1323 quos
1889 1233 1928 1300 in
1943 1255 1982 1299 re
1997 1230 2131 1321 turpis-

1142 1336 1229 1405 sima
1244 1333 1588 1427 flagitiosissimaque
1602 1332 1659 1403 sui
1672 1327 1767 1401 nihil
1785 1335 1904 1423 pudet.
1945 1329 2130 1403 Postremo
2188 1390 2196 1401 .

100 1436 267 1508 Primum
308 1448 425 1506 autem
458 1435 497 1504 in
530 1434 749 1525 corrigendis
789 1434 963 1504 sermonis
997 1432 1093 1504 vitiis
1143 1461 1330 1532 nunquam
1348 1437 1535 1529 quisquam
1553 1434 2132 1525 111110111111111111011011,1111

102 1541 266 1611 oculatus
282 1550 486 1629 praeceptor
501 1560 575 1607 101
588 1537 783 1628 simplicem
798 1537 957 1607 laborem
970 1535 1092 1622 sumit,
1143 1541 1192 1611 ita
1213 1540 1466 1632 obtemperarit
1487 1537 1698 1629 discipulus,
1733 1550 1772 1608 ut
1797 1536 2045 1627 praescriptam
2074 1537 2132 1605 di-

102 1640 189 1710 dum
218 1640 445 1729 grammatica
476 1653 590 1709 errata
613 1652 743 1724 mutat,
774 1640 860 1710 dum
885 1639 1034 1709 obscure
1058 1654 1092 1709 11
1141 1643 1263 1714 scendi
1285 1643 1458 1711 rationem
1482 1655 1622 1711 secutus
1643 1640 1707 1723 sit,
1738 1652 1778 1708 ut
1798 1641 1855 1707 ‘ad
1892 1633 1958 1708 hos
1991 1653 2130 1708 autores

99 1743 264 1833 ambigue
281 1741 374 1813 dicta
390 1743 573 1833 perspicue
593 1741 758 1833 explicat,
780 1744 868 1811 dum
894 1741 1090 1832 impropria
1141 1746 1357 1814 evolvendos
1379 1743 1517 1833 alligari
1540 1769 1576 1814 se
1597 1765 1720 1835 passus
1742 1742 1805 1825 sit,
1832 1744 1871 1809 in
1894 1741 2025 1833 quibus
2045 1763 2126 1808 eum

99 1844 261 1935 corrigit,
295 1845 382 1914 dum
406 1836 565 1913 horridis
584 1845 686 1913 addit
708 1843 882 1926 nitorem,
916 1857 951 1912 et
968 1843 1089 1926 figuris
1140 1847 1225 1915 solis
1253 1847 1385 1913 versari
1416 1857 1522 1939 atque
1561 1844 1772 1914 commorari
1811 1857 1979 1937 tanquam
2028 1842 2126 1910 domi

98 1946 302 2030 illuminat,
332 1958 369 2015 et
385 1945 540 2033 gratiora
555 1943 815 2036 blandioreque
831 1942 926 2013 facit.
976 1941 1091 2011 Porro
1140 1972 1224 2017 suae
1239 1960 1446 2039 praeceptor
1460 1947 1619 2031 volebat,
1645 1959 1686 2016 ut
1701 1948 1743 2013 ad
1762 1959 1900 2035 tempus
1917 1945 2047 2034 scripta
2061 1944 2127 2013 ab·

98 2049 256 2138 relegere
276 2048 398 2137 inepte
427 2045 556 2136 scripta
589 2068 782 2136 puerorum
816 2044 1005 2113 molestum
1040 2058 1091 2114 est
1140 2049 1302 2130 solverit,
1328 2062 1367 2118 ut
1389 2072 1428 2119 ea
1455 2072 1544 2141 quae
1567 2049 1711 2117 edidicit
1726 2048 1825 2117 statis
1842 2043 1939 2117 horis
1955 2046 2126 2114 memoria

97 2148 264 2242 quamvis
279 2147 429 2239 patienti
446 2146 677 2238 praeceptori,
692 2159 824 2240 quanto
843 2147 954 2235 magis
969 2169 1089 2215 emen·
1140 2151 1361 2243 repetiverit,
1384 2164 1424 2221 ut
1447 2174 1610 2221 sermone
1628 2151 1847 2240 castigatiore
1870 2150 1964 2241 apud
1991 2146 2128 2216 sodales

98 2251 197 2320 datio
225 2248 371 2337 fatiget?
410 2247 616 2340 praesertim
651 2272 731 2318 cum
764 2249 965 2342 plerunque
997 2248 1088 2317 ratio
1138 2276 1223 2323 usus
1240 2253 1296 2324 sit.
1355 2251 1477 2322 Nostri
1501 2254 1645 2347 quidem
1668 2250 1761 2320 nihil
1785 2247 1913 2322 horum
1939 2263 2128 2342 praestant,

98 2353 203 2424 etiam
222 2374 286 2421 cur
302 2350 486 2444 quippiam
502 2349 669 2435 mutarit,
694 2350 884 2419 indicanda
903 2351 958 2422 sit.
992 2349 1088 2419 Tum
1139 2355 1177 2424 in
1199 2378 1372 2424 carcerem
1396 2378 1431 2423 se
1456 2355 1593 2424 includi
1616 2353 1931 2443 citiuspatientur,
1954 2377 2059 2444 quam
2088 2353 2127 2420 in

98 2452 292 2543 castigandi
316 2452 433 2524 acrius
453 2451 517 2545 qui
533 2451 768 2543 negligentius
784 2453 975 2544 scripsere,
1000 2447 1088 2522 1101-
1137 2480 1212 2526 110
1229 2470 1353 2526 101011
1368 2456 1533 2526 detineri.
1586 2453 1747 2525 Varietas
1760 2469 1857 2543 grata
1873 2469 1925 2523 est
1940 2454 1994 2521 illi
2009 2454 2127 2526 aetati.

97 2555 198 2627 tandi
219 2555 282 2625 alii
304 2568 346 2625 ut
365 2554 546 2647 inceptum
575 2577 719 2624 cursum
742 2568 901 2645 urgeant.
962 2551 1086 2648 Neque
1139 2556 1262 2650 ltaque
1282 2558 1401 2643 varia,
1427 2558 1488 2627 sed
1511 2556 1709 2651 plerunque
1731 2556 1905 2625 deteriora
1929 2556 2070 2643 legunt,
2094 2554 2126 2623 si

96 2680 181 2728 vero
198 2670 336 2728 tantum
352 2655 525 2728 sermonis
540 2655 625 2726 vitia
647 2659 877 2727 monstranda
899 2669 999 2738 sunt,
1025 2658 1085 2726 sed
1136 2673 1255 2730 tamen
1270 2660 1407 2754 aliquid
1429 2661 1561 2748 legunt.
1613 2657 1686 2729 lam
1710 2658 1832 2727 fodere
1857 2657 1996 2726 malunt
2018 2680 2124 2749 quam

153 1273 215 1338 Vir
230 1279 329 1338 bonus
344 1287 375 1336 et
386 1273 519 1357 prudens
532 1294 636 1336 versus
649 1272 846 1356 reprehendet
858 1276 979 1338 inertes.

97 2761 137 2830 in
167 2754 224 2829 his
257 2758 321 2854 qui
351 2759 423 2829 iam
451 2754 621 2829 nonnihil
653 2773 929 2851 promoverunt,
964 2782 1084 2828 rerum
1137 2762 1344 2832 memoriam
1360 2776 1420 2831 aut
1443 2762 1602 2853 linguam
1619 2783 1790 2833 exercere.
1841 2758 1901 2829 Sic
1916 2771 1999 2828 sunt
2022 2759 2124 2847 pueri
2225 2833 2235 2856 .

96 2864 201 2934 etiam
242 2857 406 2932 habenda
439 2859 549 2942 ratio,
588 2873 623 2928 et
662 2861 862 2929 voluntates
900 2862 1084 2946 regendae.
1137 2863 1175 2932 in
1197 2887 1345 2954 genere,
1371 2863 1433 2934 alii
1459 2864 1588 2953 magis,
1621 2863 1681 2931 alii
1707 2863 1826 2930 minus
1851 2861 1981 2950 ignavi.
2032 2858 2124 2929 Nam

96 2958 768 3054 (11103ἆὸῐῦθῐῐῖῐῃΰῡῦνὶῑῖὃᾶθῙθῡῑθηῑ,
795 2958 832 3025 in
856 2959 934 3053 aliis
959 2974 1011 3028 est
1035 2961 1085 3028 ri·
1136 2965 1273 3035 etiamsi
1291 2965 1370 3058 quis
1385 2965 1507 3033 indole
1527 2986 1695 3054 generosa
1712 2976 1782 3046 cst,
1807 2978 1925 3033 tamen
1947 2986 1986 3032 ea
2011 2974 2123 3031 aetate

95 3067 215 3137 dicula
238 3063 378 3132 vanitas
403 3072 438 3128 et
460 3057 578 3126 inanis
608 3057 793 3142 iactantia,
817 3072 852 3129 et
870 3058 944 3128 1111
970 3084 1085 3131 mores
1136 3090 1260 3156 parum
1286 3067 1324 3134 10
1346 3065 1474 3133 animis
1488 3067 1630 3135 roboris
1645 3077 1707 3134 est.
1756 3061 1804 3133 Et
1820 3065 2122 3157 quemadmodum

94 3169 209 3263 stylus
227 3160 353 3252 arguit.
392 3156 489 3229 Haec
503 3158 587 3229 vitia
606 3183 686 3229 cum
703 3160 796 3230 vires
810 3160 1005 3251 accipiunt,
1020 3185 1084 3232 nec
1135 3168 1264 3257 longus
1284 3168 1386 3236 labor
1410 3180 1462 3237 est
1484 3167 1677 3237 infantium
1697 3189 1844 3256 corpora
1867 3167 2123 3256 firmare‚··‘ge-

93 3263 274 3339 eteneris
294 3260 423 3332 animis
449 3260 671 3345 evelluntur,
706 3256 855 3331 haerent
878 3263 918 3331 in
939 3264 1084 3333 senibus
1134 3269 1280 3355 stando,
1313 3269 1463 3362 aliisque
1486 3269 1654 3340 mollibus
1677 3268 1871 3352 exercitiis,
1896 3269 1945 3338 sic
1972 3268 2121 3338 infantia

93 3390 234 3438 summa
248 3388 328 3435 cum
346 3363 579 3455 turpitudine.
614 3358 814 3454 Expendite
827 3388 977 3457 quaeso,
997 3388 1084 3435 cou-
1134 3370 1360 3461 ingeniorum
1381 3394 1456 3441 non
1472 3370 1543 3440 nisi
1559 3394 1639 3441 sero
1655 3385 1815 3449 curatur,
1842 3383 2031 3463 postquam
2057 3370 2122 3439 diu

92 3483 187 3541 stent
204 3462 291 3537 haec
304 3465 547 3536 mediocribus
564 3465 870 3558 praeceptoribus,
896 3468 953 3536 vel
967 3467 998 3536 si
1015 3469 1080 3538 do·
1132 3495 1269 3543 summa
1284 3473 1449 3543 comitate
1466 3474 1629 3543 docueris
1644 3487 1678 3541 11
1694 3471 1947 3556 adsuefeceris,
1973 3471 2122 3542 necali·
2236 3480 2240 3489 ‘

92 3572 176 3644 eiles
192 3564 350 3639 habeant
362 3567 573 3658 discipulos,
599 3581 767 3639 ettamen
786 3569 919 3639 nostris
928 3564 1006 3639 ¹fere
1019 3583 1083 3640 aut
1132 3587 1186 3643 ter
1207 3575 1369 3646 tractaris
1393 3588 1498 3667 atque
1522 3598 1605 3645 suos
1634 3574 1801 3644 alumnos
1825 3574 2024 3644 nutriculae
2046 3587 2121 3643 tra·

92 3673 236 3765 ingenia
251 3672 398 3754 desunt,
425 3682 486 3739 aut
501 3671 599 3740 deest
613 3670 779 3740 voluutas
792 3671 965 3745 discendi.
1004 3671 1081 3741 Du·
1132 3690 1240 3748 etant.
1296 3675 1340 3746 11
1372 3689 1472 3746 tanta
1503 3676 1630 3747 inertia
1659 3677 1830 3760 istorum,
1862 3675 2010 3764 cogitate
2033 3676 2120 3765 quid

90 3776 242 3868 plicatur
256 3786 372 3845 autem
396 3771 518 3856 labor,
541 3795 621 3842 cum
639 3794 775 3841 summa
795 3774 832 3842 vi
854 3775 896 3842 ad
924 3773 1078 3843 officium
1130 3778 1242 3847 animi
1257 3778 1476 3869 praeceptori
1488 3779 1551 3863 sit,
1576 3779 1747 3847 nimirum
1773 3777 1867 3844 idem
1889 3778 1986 3865 quod
2002 3773 2120 3864 Impe-

91 3877 350 3969 cogendisunt.
388 3863 1078 3966 Ν111111111111111111101111111111-
1132 3880 1261 3961 111011,
1287 3880 1351 3972 qui
1372 3879 1507 3947 abiecta
1531 3879 1699 3945 victoriae
1723 3899 1800 3964 spe,
1826 3875 1995 3964 intelligit
2024 3870 2118 3947 hosti

92 3994 209 4065 rator,
237 3979 265 4049 si
291 3975 424 4046 milites
442 3968 572 4045 habeat
591 3975 748 4066 primum
763 3976 927 4065 ignavos,
950 3977 1080 4045 deiude
1130 3981 1298 4060 salutem,
1321 3990 1399 4046 tum
1423 3998 1522 4044 suam
1546 3989 1622 4045 tum
1647 3976 1781 4067 patriae
1803 3976 1932 4046 scelere
1947 3979 2119 4060 exereitus
2224 3998 2232 4007 ’

96 4104 184 4174 quos
211 4104 285 4151 non
309 4080 441 4171 pudeat
461 4079 602 4167 fugere,
629 4091 807 4169 postremo
830 4078 892 4169 qui
915 4100 990 4146 non
1013 4078 1078 4145 ob·
1130 4081 1186 4148 sui
1205 4077 1384 4168 proditam
1406 4099 1489 4151 esse.
1541 4075 1774 4149 Consumitur
1799 4079 2033 4149 acerbissimis
2056 4105 2119 4150 cu-

96 4196 310 4274 temperent,
349 4181 409 4250 sed
433 4192 592 4270 pugnent
617 4178 765 4260 iniussi,
797 4178 915 4247 locum
939 4179 1078 4268 capiant
1129 4181 1196 4262 ris,
1223 4181 1348 4248 videus
1363 4178 1544 4249 1111111111
1558 4181 1667 4251 locari
1684 4179 1910 4271 gravissimos
1924 4182 2063 4252 labores
2078 4183 2119 4253 in

93 4309 136 4355 ex
156 4305 219 4355 suo
245 4283 416 4365 arbitrio,
447 4303 523 4350 101
548 4295 689 4352 servent
715 4279 873 4351 ordines.
932 4275 1075 4350 Etenim
1129 4283 1315 4352 iuventute
1330 4281 1527 4352 formanda.
1854 4301 1857 4308 ’

91 4387 189 4474 apud
206 4381 454 4481 Thucydidem
477 4384 635 4474 egregius
649 4382 793 4503 quidam
811 4380 1077 4473 1111111101ἀί-
1231 4382 1316 4456 Dixi
1330 4377 1501 4454 hactenus
1516 4386 1561 4455 de
1575 4381 1771 4468 aerumnis,
1796 4406 1884 4477 quas
1901 4383 1939 4452 in
1956 4386 2117 4457 docendo

89 4489 140 4561 cit
155 4490 201 4558 ad
219 4487 307 4558 bene
322 4487 555 4580 pugnandum
573 4485 727 4579 requiri,
753 4498 792 4555 ut
808 4485 920 4555 velint
935 4485 1076 4565 milites,
1127 4500 1265 4557 tanturn
1281 4486 1509 4577 perferimus,
1531 4497 1637 4556 restat
1650 4486 1759 4556 altera
1775 4486 1882 4556 officii
1897 4490 2010 4558 nostri
2034 4513 2116 4580 pars

88 4605 133 4663 ut
146 4590 269 4680 fugere
284 4592 431 4682 pudeat,
459 4601 499 4659 ut
519 4589 764 4679 obtemperent
780 4585 1075 4678 Imperatoribus:
1127 4590 1232 4679 louge
1254 4587 1435 4658 difficilior
1453 4588 1648 4679 superiori,
1670 4612 1753 4656 cura
1777 4590 2014 4676 regendorum
2038 4616 2117 4660 mo-

88 4694 139 4767 ita
165 4693 206 4764 in
235 4687 301 4763 hac
336 4687 543 4762 scholastica
577 4690 706 4759 militia
741 4689 949 4758 miserrimis
984 4691 1076 4758 curis
1126 4716 1218 4761 cum.
1272 4688 1369 4777 Quid
1388 4690 1437 4759 ibi
1454 4690 1538 4759 mali
1555 4713 1628 4758 101
1643 4690 1740 4759 videt
1756 4692 1984 4780 praeceptor?
2035 4690 2118 4762 Pri-

88 4809 298 4890 1111111101
319 4796 525 4877 coniicitur,
560 4815 641 4862 cum
669 4791 846 4861 docendos
873 4792 1076 4882 susceperit,
1127 4817 1225 4862 mum
1249 4804 1344 4861 aetas
1368 4792 1428 4860 illa
1454 4804 1580 4862 natura
1603 4794 1647 4860 ad
1677 4793 1805 4861 vitium
1829 4793 2040 4882 propensior
2054 4810 2118 4870 est.

88 4899 152 4993 qui
164 4897 322 4991 primum
341 4921 414 4968 non
429 4897 581 4985 flagrant
602 4895 676 4964 ulla
693 4894 886 4985 cupiditate
904 4893 1076 4963 discendi.
1125 4891 1174 4965 Et
1188 4892 1289 4962 Plato
1306 4894 1463 4986 scripsit,
1488 4895 1623 4964 nullam
1640 4894 1780 4962 beluam
1797 4894 2117 4966 intractabiliorem

87 4995 191 5071 Nihil
213 4999 311 5071 enim
335 5000 375 5068 in
407 4999 506 5067 omni
526 4998 598 5068 vita
621 4997 800 5086 egregium
828 4995 919 5065 111111
950 5009 1075 5087 potest,
1126 5019 1199 5064 esse
1215 5019 1339 5087 puero.
1393 4995 1515 5091 Itaque
1534 5010 1718 5086 tantopere
1743 4997 1887 5066 sudabit
1909 5013 2117 5091 praeceptor

87 5102 161 5173 nisi
177 5103 319 5187 animus
336 5101 454 5171 studio
478 5100 553 5170 eius
571 5099 623 5169 rei
639 5122 746 5193 quam
760 5097 918 5183 affectat,
944 5100 1076 5182 ardeat,
1126 5099 1165 5167 in
1180 5098 1345 5188 regendis
1360 5093 1434 5183 his,
1450 5098 1511 5192 qui
1526 5097 1622 5168 domi
1638 5120 1774 5167 summa
1790 5099 1973 5190 diligentia
1987 5125 2118 5190 paren-

85 5219 121 5278 et
135 5207 185 5277 ad
198 5230 276 5277 eam
290 5226 420 5294 magno
437 5204 590 5294 quodam
606 5214 707 5271 motu
730 5213 836 5293 atque
856 5200 993 5291 impetu
1016 5223 1075 5269 ra·
1124 5215 1199 5272 tum
1216 5202 1260 5269 ad
1274 5200 1481 5292 religionem
1491 5213 1525 5270 et
1536 5202 1707 5286 adbonos
1720 5225 1837 5271 mores
1853 5204 2006 5274 instituti
2021 5219 2115 5286 sunt,

84 5308 215 5402 piatur.
275 5302 327 5379 At
348 5305 461 5377 nostri
484 5304 635 5396 turpiter
661 5304 793 5394 frigent
824 5302 864 5370 in
895 5301 1073 5388 discendo,
1125 5303 2026 5398 011101111111111010111111111111111111110111
2049 5328 2116 5393 gu-
