4732 6030
169 300 250 425 907
897 329 1058 408 unct.
1091 330 1166 406 uu
1199 335 1468 415 castaus.
1808 340 1819 361 ·
2132 355 2218 431 900

170 511 296 595 Nubae
327 519 367 587 in
400 510 551 584 diluvio.
615 505 666 577 lta
699 506 825 577 servati
859 521 941 576 sunt
971 502 1161 594 israelitae,
1214 525 1248 581 et
1262 536 1343 597 oro,
1368 527 1409 584 ut
1423 515 1594 585 immensa
1611 517 1851 590 misericordia
1868 533 1926 593 tua
1944 525 2051 594 nobis
2065 544 2217 620 peccata

171 636 304 697 euntes
317 622 410 688 inter
424 614 603 682 undarum
618 623 756 679 montes
770 609 809 677 in
823 608 912 677 mari
929 609 1051 678 rubro.
1213 615 1383 687 remittas.
1418 615 1505 687 Tibi
1522 632 1604 686 nota
1622 633 1705 689 sunt
1721 621 1870 692 vulnera
1886 639 2017 696 nostra.
2053 628 2218 714 Tuscis,

273 720 370 793 Haec
402 715 553 785 illustria
586 712 742 803 exempla
773 711 952 801 proposita
986 724 1086 795 suut,
1121 724 1163 782 ut
1213 740 1279 785 nos
1302 717 1340 786 in
1364 706 1429 788 hac
1451 732 1547 788 tauta
1574 720 1779 792 infirmitate
1801 726 1930 794 molem
1955 753 2217 806 aerumnarum

132 854 147 901 ·,
170 824 275 918 caepe
292 820 360 894 hoc
380 820 488 890 modo
511 813 705 888 Ecclesiam
726 814 803 881 sine
825 813 898 882 ulla
921 824 1161 882 creaturarum
1212 833 1412 895 nostrarum
1435 822 1610 891 sustinere
1632 848 1705 892 non
1726 848 1836 915 posse.
1888 827 1944 898 Tu
1973 831 2084 921 igitur
2107 838 2218 908 nobis

98 967 105 973 ·
170 948 237 1025 ope
250 924 384 997 servari
398 921 560 992 sciamus.
609 913 658 986 Et
672 916 774 986 multi
794 915 833 984 in
849 915 1004 1005 propriis
1021 916 1162 1006 pericu·
1212 945 1315 1011 opem
1338 923 1430 992 feras
1452 923 1492 991 in
1522 925 1671 1015 privatis
1693 940 1727 995 et
1755 929 1907 1017 publicis
1937 933 2214 1012 calamitatibus.

169 1035 215 1104 lis
235 1031 322 1100 tales
345 1024 572 1096 liberationes
596 1019 736 1087 divinas
756 1018 923 1087 omnibus
943 1018 1161 1107 temporibus
1213 1021 1272 1091 'l'u
1294 1023 1341 1092 sis
1367 1026 1471 1093 nobis
1496 1027 1766 1112 umbraculum,
1799 1044 1832 1099 et
1858 1032 1896 1099 in
1922 1027 1977 1101 his
2002 1040 2213 1127 regionibus

169 1133 416 1228 experiuntur,
441 1135 482 1194 ut
496 1122 612 1195 David
632 1119 767 1213 inquit:
793 1121 899 1188 Pater
917 1131 952 1187 et
970 1132 1081 1188 mater
1098 1121 1162 1188 de·
1211 1120 1387 1195 Ecclesiae
1418 1142 1452 1197 et
1486 1151 1606 1198 earum
1640 1124 1792 1220 hospitia
1824 1148 1984 1225 protegas
2018 1156 2052 1211 et
2082 1166 2209 1220 serves.

168 1238 392 1330 reliquerunt
405 1251 480 1311 me,
505 1223 680 1296 Dominus
695 1238 811 1291 autem
827 1219 979 1310 suscepit
995 1244 1062 1293 me.
1113 1216 1161 1289 Et
1213 1225 1307 1296 Dixi.
2006 1250 2009 1257 ’

168 1340 257 1413 alibi
287 1331 405 1428 inquit
433 1329 613 1399 Psalmus:
652 1323 833 1395 Liberavit
862 1345 1069 1414 pauperem,
1103 1322 1161 1392 cui

168 1466 244 1514 non
261 1451 335 1508 erat
350 1434 504 1506 adiutor.
721 1488 724 1493 .
1226 1452 2208 1492 mma—„-

271 1537 321 1611 Ut
336 1549 452 1607 autem
471 1530 557 1601 haec
571 1541 668 1600 tanta
687 1528 779 1596 bona
797 1529 1036 1619 experiamur,
1062 1527 1160 1619 prius

166 1649 272 1716 fidem
293 1655 328 1711 et
351 1634 612 1707 invocationem
640 1630 680 1697 in
705 1629 810 1699 nobis
835 1630 979 1700 accendi
1007 1643 1160 1722 oportet,
1210 1599 1390 1727 Q
1944 1708 1946 1712 Ι
2040 1649 2090 1693 ιιι.
2114 1632 2214 1700 toto.

167 1749 258 1818 sicut
272 1743 441 1832 scriptum
458 1749 524 1805 est:
551 1730 667 1803 Amen
683 1731 763 1800 dico
781 1722 894 1805 vobis.
936 1731 995 1803 Sic
1014 1744 1161 1803 etexer-
1498 1748 1504 1761 ·
1756 1799 1766 1818 ,
2025 1719 2204 1747 Μ

167 1849 277 1918 cenda
302 1845 406 1921 fides,
442 1852 481 1909 ut
503 1849 584 1905 ante
608 1834 856 1903 liberationem
879 1848 913 1903 et
938 1847 1083 1925 petatet
1100 1858 1159 1902 ex·
1564 1792 1641 1883 De
1662 1797 1857 1910 legibus&

166 1963 280 2043 pectet
305 1944 497 2023 auxilium,
527 1952 561 2008 et
587 1937 740 2029 quadam
765 1936 1023 2029 tranquillitate
1048 1936 1159 2023 animi
1279 1961 1311 2016 1,¹
1325 1959 1417 2020 „tm
1431 1962 1553 2021 nm„
1564 1964 1598 2020 Τ,
1612 1966 1657 2025 W·
1673 1989 1701 2039 tt·
1713 1971 1747 2026 54
1758 1990 1836 2045 ,ww
1860 1971 1978 2032 sm,
1994 1974 2027 2032 T·
2041 1977 2089 2034 IV·
2110 1997 2141 2052 p.
2153 1985 2188 2038 ts

166 2050 365 2146 acquiescat
389 2045 429 2112 in
450 2040 545 2124 Deo,
578 2062 644 2108 nec
667 2037 759 2106 tristi
780 2038 925 2108 fremitu
949 2033 1094 2131 haereat
1120 2038 1158 2105 in
1311 2033 1340 2085 ⁵¹¹
1352 2031 1384 2084 Τ·
1397 2030 1446 2088 ¹¹¹·
1460 2033 1574 2091 Etim·
1587 2036 1627 2092 ¹5¹·
1641 2038 1670 2107 ff,
1680 2041 1706 2093 ⁵·
1719 2048 1745 2094 εἰ
1757 2042 1832 2112 ⁸t¹¹<¹
1846 2042 1972 2101 nictare.
1984 2044 2016 2100 Τ·
2026 2048 2059 2103 ¹¹·
2071 2053 2171 2121 ΡΜ·
2191 2025 2209 2054 ἢ

166 2143 1159 2331 {t‘t:.ttaatt‘¹atttaaa}taust?
1365 2189 1413 2264 ..
1433 2192 1596 2291 ...a
1810 2224 1834 2273 a
1859 2205 1909 2275 υ·

164 2381 255 2436 sum,
272 2350 446 2424 custodiat
462 2347 567 2416 corda
583 2358 711 2426 vestra,
726 2342 762 2410 id
779 2356 846 2411 est:
874 2343 934 2413 Sic
949 2343 1159 2436 acquiescite
1210 2291 1673 2468 deffl'i'c'lz’elfbabimm
1698 2309 1906 2431 dffoemmlu‘
1930 2318 2040 2397 tssdtu
2061 2316 2207 2389 Ductori,

163 2461 204 2528 in
219 2456 295 2528 Deo
311 2456 405 2523 inter
426 2447 600 2541 pericula,
632 2457 673 2515 ut
689 2444 800 2512 animi
816 2446 1014 2513 confirmati
1030 2444 1158 2514 fiducia
1304 2451 1311 2465 ’
1461 2429 1472 2467 ¹
1518 2429 1554 2468 ⁶¹¹
1577 2429 1647 2487 ⁶¹⁰⁹
1674 2408 2152 2506 W¹l0b⁰¹g⁸0⁸¹¹¹¹⁰MD.L.).

163 2556 428 2630 misericordiae
444 2566 478 2621 et
492 2547 709 2642 praesentiae
723 2546 800 2630 Dei,
826 2546 962 2636 placide
978 2560 1158 2637 expectent
1208 2531 1333 2618 Multa
1355 2561 1438 2618 sunt
1463 2549 1664 2622 testimonia
1681 2555 1726 2623 de
1739 2552 1816 2626 Deo
1833 2551 1916 2629 huic
1930 2562 1994 2630 toti
2015 2562 2206 2642 machinae

163 2663 336 2734 auxilium
354 2669 388 2726 et
406 2651 673 2733 liberationem,
699 2660 732 2716 et
755 2648 930 2720 retineant
954 2649 1159 2743 tranquilli·
1210 2648 1367 2730 coelesti,
1392 2662 1427 2717 et
1449 2652 1619 2722 omnibus
1643 2658 1770 2726 mundi
1794 2663 2003 2752 corporibus
2021 2667 2205 2761 impressa,

164 2778 292 2843 tatem,
325 2781 415 2852 quae
439 2754 582 2824 initium
611 2765 664 2821 est
689 2749 783 2820 vitae
808 2767 987 2836 aeternae,
1020 2766 1054 2822 et
1081 2751 1157 2819 sine
1209 2773 1300 2844 quae
1321 2762 1495 2820 testantur
1519 2747 1616 2822 hunc
1637 2762 1812 2829 muudum
1836 2789 1909 2834 non
1931 2790 2011 2837 casu
2038 2774 2204 2862 extitisse,

163 2891 234 2960 qna
250 2888 324 2934 non
346 2872 459 2952 potest
476 2855 550 2925 fieri
568 2853 758 2924 invocatio.
1209 2856 1268 2922 sed
1292 2876 1311 2920 a
1341 2858 1458 2921 metite
1487 2849 1765 2931 architectatrice
1794 2866 1884 2936 mira
1913 2882 1985 2939 arte
2013 2876 2199 2947 conditum

264 2966 356 3037 Nam
384 2957 582 3031 diffidentia
609 2955 722 3025 adfert
745 2955 844 3024 triste
874 2967 909 3025 et
938 2949 1157 3026 horrendum
1209 2978 1283 3024 esse
1310 2968 1343 3023 rt
1370 2957 1584 3032 conservari.
1636 2959 1707 3032 Sed
1727 2966 1972 3041 testimonium
1989 2974 2087 3044 valde
2111 2966 2198 3049 illu-

164 3070 288 3139 odium
305 3056 472 3134 adversus
491 3061 623 3139 Deum,
649 3059 746 3150 quod
764 3057 907 3128 initium
925 3071 978 3127 est
993 3071 1158 3129 aeterno·
1209 3071 1279 3127 stre
1296 3070 1363 3137 est,
1390 3058 1487 3150 quod
1508 3072 1651 3131 aeterna
1670 3089 1769 3135 mens
1791 3073 2009 3147 transfundit
2030 3076 2067 3144 in
2085 3073 2202 3150 homi-

155 3193 245 3240 ·rum
261 3166 500 3243 cruciatuum,
537 3175 571 3230 et
588 3161 704 3228 rabies
721 3159 846 3227 similis
863 3159 1071 3234 diabolicae.
1209 3183 1270 3228 nes
1287 3181 1369 3228 suae
1387 3159 1475 3229 lucis
1490 3175 1523 3230 et
1539 3163 1729 3254 sapientiae
1747 3171 1883 3256 radios,
1910 3178 1972 3268 qui
1992 3180 2120 3252 docent
2138 3208 2204 3257 nos

266 3266 345 3336 Hos
360 3262 459 3356 quasi
476 3261 605 3329 fluctus
623 3261 843 3341 animorum,
870 3276 904 3329 et
922 3256 984 3328 has
1001 3276 1157 3332 conster·
1210 3276 1243 3332 et
1255 3284 1328 3329 esse
1344 3257 1474 3346 Deum,
1500 3287 1632 3334 numen
1647 3266 1857 3356 intelligens,
1885 3298 2057 3363 numeros
2074 3297 2110 3354 et
2124 3307 2204 3375 gra.

163 3372 326 3445 nationes
341 3363 541 3459 prospicere
554 3384 616 3428 vos
628 3359 697 3427 iam
713 3373 863 3449 oportet,
884 3374 917 3429 et
933 3364 1157 3451 praemunire
1209 3366 1276 3433 dus
1291 3386 1410 3431 rerum
1426 3366 1612 3450 ordinans,
1637 3367 1809 3452 liberum,
1834 3374 1997 3444 sanciens
2016 3386 2201 3460 actionum

165 3491 199 3547 et
222 3472 432 3543 confirmare
453 3477 593 3556 pectora
611 3461 823 3550 cogitatione
841 3461 1044 3531 divinanrm
1071 3488 1159 3531 con·
1209 3464 1433 3549 discrimina,
1466 3469 1667 3537 discernens
1688 3470 1781 3537 bona
1807 3474 1964 3560 amalis,
1991 3481 2203 3572 beneficum,

164 3577 398 3653 solationum,
421 3581 456 3636 et
472 3566 612 3635 assidua
629 3564 864 3635 invocatione.
1119 3592 1123 3599 ·
1209 3565 1372 3659 aequale,
1400 3592 1523 3652 verax,
1549 3571 1707 3640 sanciens
1721 3573 1883 3643 ordinem
1897 3581 2084 3669 castitatis,
2111 3584 2202 3661 bor.

267 3674 430 3746 Profecto
453 3665 540 3737 haec
560 3682 717 3757 tempora
744 3690 818 3734 non
839 3667 1039 3734 concedunt
1054 3667 1158 3736 nobis
1210 3668 1363 3738 ribiliter
1379 3669 1532 3740 irascens
1550 3674 1716 3757 omnibus
1738 3677 2002 3750 confusionibus
2024 3687 2079 3754 sui
2094 3696 2195 3760 ordi-

163 3784 329 3853 nsitatsm
353 3772 576 3844 securitatem
600 3781 634 3838 et
656 3765 914 3837 temulentiam:
950 3771 1010 3836 sed
1034 3785 1156 3860 postu·
1210 3771 1276 3839 nis.
1330 3769 1482 3839 Monent
1503 3787 1537 3843 et
1561 3774 1615 3843 illi
1640 3774 1706 3867 ips'i
1729 3778 1821 3846 radii
1844 3781 1983 3850 divinae
2003 3786 2194 3875 sapientiae

163 3886 262 3967 lant,
288 3893 327 3948 ut
344 3877 437 3945 veris
457 3872 649 3964 gemitibus
672 3870 843 3939 auxilium
862 3884 1042 3960 petamus,
1066 3871 1159 3940 sicut
1209 3873 1247 3940 in
1268 3873 1372 3940 nobis
1395 3873 1475 3942 ideo
1500 3870 1591 3945 hanc
1615 3877 1728 3946 lucem
1752 3879 1790 3949 iu
1807 3904 1872 3950 nos
1889 3885 2092 3956 transfusam
2108 3916 2199 3979 esse,

162 3983 342 4056 Dominus
371 3977 506 4073 inquit:
544 3972 696 4062 Vigilate
729 3986 764 4043 et
788 3986 902 4055 orate,
934 3995 980 4040 ne
1013 3973 1157 4042 irruatis
1210 3988 1248 4044 ut
1272 3975 1492 4044 conditorem
1518 4000 1766 4067 agnoscamus,
1792 3997 1826 4053 et
1845 3987 1972 4073 gratias
1993 3989 2022 4054 ei
2040 4013 2203 4082 agamus,

164 4085 477 4165 intentationem,
503 4103 547 4147 ne
569 4078 674 4145 fracti
696 4075 957 4166 desperatione,
985 4075 1096 4144 ruatis
1118 4075 1157 4142 in
1210 4077 1273 4167 qui
1294 4077 1398 4146 nobis
1419 4078 1513 4147 bona
1544 4082 1582 4149 in
1607 4082 1684 4172 ipso
1709 4105 1845 4154 stimma
1870 4086 2045 4176 impertit,
2078 4096 2204 4185 vitam,

163 4206 345 4261 aeternum
362 4182 520 4255 exitium.
786 4220 797 4235 2
1208 4178 1497 4268 intelligentiam,
1527 4183 1742 4268 libertatem,
1776 4186 1941 4255 noticiam
1970 4215 2203 4270 numerorum

264 4286 445 4377 Sapientia
468 4279 662 4349 necessaria
688 4291 759 4360 est,
786 4291 820 4346 et
842 4276 998 4367 pericula
1018 4279 1157 4349 animae
1209 4296 1243 4353 et
1256 4281 1413 4366 ordinis,
1436 4284 1641 4356 discrimina
1657 4287 1832 4358 bonarum
1850 4304 1884 4359 et
1898 4293 2071 4363 malarum
2090 4301 2203 4369 actio.

164 4409 199 4465 et
214 4385 389 4481 praesidia
407 4381 617 4470 intelligere.
671 4378 823 4447 Pereunt
842 4379 1001 4464 animae,
1028 4396 1155 4451 etcum
1209 4408 1309 4456 uum.
1360 4382 1500 4454 Deinde
1526 4388 1665 4458 addidit
1694 4388 1798 4456 etiam
1828 4393 2003 4463 societatis
2033 4392 2203 4474 honestae

161 4494 339 4587 Epicurea
355 4483 542 4557 securitate
558 4482 646 4552 iram
660 4477 727 4549 Dei
745 4492 996 4565 contemnunt,
1021 4496 1057 4552 et
1076 4507 1155 4553 cum
1208 4487 1370 4571 vincula,
1395 4491 1556 4558 etmulta
1578 4490 1670 4558 vitae
1695 4491 1881 4580 praesidia.
1933 4492 1999 4565 Est
2021 4514 2142 4571 autem
2170 4524 2204 4580 et

162 4594 358 4669 diffidentia
374 4592 504 4660 fractae
521 4585 774 4678 opprimuntur
787 4583 976 4657 moesticia.
1009 4579 1057 4653 Et
1072 4580 1156 4653 haec
1207 4590 1255 4657 ob
1272 4584 1361 4657 hanc
1382 4613 1522 4658 causam
1544 4585 1630 4658 haec
1648 4592 1707 4659 lux
1729 4593 1766 4660 in
1787 4596 1892 4663 nobis
1909 4620 2072 4688 accensa,
2101 4621 2140 4676 ut
2157 4609 2203 4681 sir

96 4778 99 4783 ,
162 4702 291 4772 scelera
316 4692 499 4769 cumulant
524 4711 664 4782 poenas.
721 4682 855 4755 Contra
878 4710 962 4756 vero
989 4686 1059 4777 pii,
1094 4688 1153 4780 qui
1207 4715 1332 4759 norma
1356 4691 1465 4773 vitae,
1490 4707 1524 4762 et
1545 4707 1743 4781 congruant
1767 4697 1878 4765 nostri
1906 4722 2019 4770 mores
2041 4728 2122 4773 cum
2146 4732 2203 4780 sa.

59 4854 70 4861 .
161 4804 231 4873 fide
254 4816 288 4871 et
312 4796 537 4871 invocatione
563 4792 702 4862 animos
724 4788 882 4877 erigunt,
917 4803 952 4859 et
974 4792 1018 4858 ad
1041 4790 1153 4860 Deum
1208 4793 1340 4885 pientia
1361 4807 1395 4862 et
1418 4794 1601 4863 voluntate
1617 4793 1694 4866 Dei.
1731 4794 1784 4866 Ac
1804 4813 1844 4868 ut
1857 4799 2006 4871 sciamus
2022 4808 2116 4876 serio
2135 4805 2203 4883 boc

160 4906 350 4987 accedunt,
374 4899 530 4971 retinent
553 4893 655 4964 initia
682 4891 773 4962 vitae
795 4904 975 4973 aeternae,
1003 4907 1036 4963 et
1058 4892 1159 4986 mitt,
1207 4919 1287 4965 eum
1311 4895 1419 4971 velle.
1454 4896 1608 4965 declarat
1637 4899 1726 4966 iram
1754 4902 1922 4970 adversus
1947 4912 2205 4991 conturbantes

159 5008 338 5103 gestionem
354 5001 576 5094 publicarum
593 4988 833 5066 calamitatum
852 4993 1054 5084 impetrant.
1208 4993 1303 5065 hunc
1328 4995 1491 5065 ordinem
1518 4994 1752 5068 horribilibus
1779 5004 1933 5093 poenis·
1967 5005 2205 5087 Manifestum

50 5118 54 5125 “
160 5148 166 5161 ·
263 5106 318 5179 Te
334 5104 442 5197 igitur
457 5100 508 5171 bli
521 5098 601 5184 Dei,
627 5094 782 5167 Domine
800 5095 877 5165 lesu
893 5091 1048 5181 Christe,
1074 5101 1155 5166 c'cu-
1207 5112 1259 5169 est
1274 5098 1385 5181 enim,
1411 5098 1568 5187 pollutos
1583 5102 1762 5172 atrocibus
1777 5106 1969 5177 sceleribus
1983 5135 2109 5183 omnes
2125 5134 2206 5190 tan-

157 5215 260 5291 cifixe
282 5234 347 5304 pro
370 5203 476 5277 nobis
502 5216 536 5274 et
557 5201 779 5283 resuscitate,
804 5198 867 5292 qui
887 5211 957 5270 stas
972 5198 1012 5267 in
1027 5210 1154 5269 arcano
1207 5203 1287 5270 dem
1302 5201 1480 5272 atrocibus
1497 5204 1666 5294 exemplis
1683 5228 1813 5296 poenas
1829 5207 1936 5282 luere.
1972 5208 2018 5282 Et
2035 5211 2095 5286 hic
2112 5227 2206 5294 ordo

157 5317 309 5393 consilio
332 5304 551 5388 divinitatis,
583 5316 618 5372 et
642 5325 706 5394 pro
730 5302 836 5372 nobis
864 5300 1089 5394 interpellas,
1121 5316 1155 5372 et
1207 5319 1247 5374 ut
1263 5318 1440 5384 servetur,
1466 5304 1615 5395 imperia
1640 5306 1800 5377 instituta
1818 5324 1920 5399 sunt,
1945 5338 2034 5404 quae
2049 5322 2129 5392 verrit
2146 5349 2207 5396 ω.

18 5388 29 5397 ·
114 5474 120 5481 .
155 5421 295 5497 dixisti:
322 5411 454 5487 Venite
469 5409 515 5480 ad
531 5428 588 5477 me
601 5424 741 5490 omnes,
755 5405 817 5498 qui
834 5405 1004 5476 laboratis
1018 5420 1052 5479 et
1066 5430 1155 5477 one·
1207 5429 1293 5475 nare
1305 5427 1403 5476 suam
1419 5408 1627 5498 sapientiam
1643 5410 1681 5477 in
1695 5431 1822 5498 genere
1839 5406 2005 5500 humano,
2021 5433 2058 5490 et
2074 5429 2208 5512 punire

249 5523 336 5611 ntis,
357 5533 395 5595 et
406 5538 474 5609 ego
490 5508 646 5585 reficiam
661 5512 738 5594 vos,
764 5507 893 5579 invoco
911 5523 987 5581 toto
1003 5522 1156 5602 pectore,
1206 5522 1440 5584 contumaces.
1491 5510 1598 5580 Hanc
1621 5536 1742 5582 curam
1767 5513 1831 5584 etsi
1855 5519 2001 5590 mandat
2016 5517 2118 5596 Deus
2139 5552 2206 5620 gu.
