4732 6030
205 368 280 446 627

763 355 952 437 DECL,
981 352 1056 432 DE
1088 351 1286 431 PAULO
1321 353 1656 436 APOSTOLO.

2166 352 2253 433 628

208 566 303 626 cem,
330 561 418 632 quos
436 531 567 605 hostes:
594 531 691 601 unde
715 529 761 601 sit
783 524 870 602 baec
891 530 1078 601 infirmitas
1094 552 1200 620 gene·
1249 530 1349 615 tiam,
1370 553 1460 623 quae
1476 544 1610 601 mentes
1624 531 1673 601 ita
1688 542 1796 619 regat,
1812 553 1859 598 ne
1875 531 1914 600 in
1931 528 2020 600 tales
2035 552 2137 601 casus
2152 532 2251 604 caeci

209 646 261 716 ris
287 639 456 720 humani,
487 635 584 704 unde
612 629 798 703 horribilis
821 632 982 703 conlusio
1005 632 1116 718 vitae,
1148 644 1203 703 tot
1251 633 1533 726 praecipitemur.

213 745 368 838 gentium
383 754 486 830 atque
502 737 696 829 impiorum
716 737 927 821 eversiones,
951 735 1062 825 etqui
1079 748 1202 825 portus

1350 732 1505 804 Eeontra
1529 734 1684 803 conferte
1701 730 1869 803 leremiae
1891 733 2075 823 politiam,
2100 739 2251 830 quaein

212 845 389 932 Ecclesiae
414 841 459 908 sit
487 840 580 908 inter
603 851 701 909 tanta
727 839 895 930 pericula.
952 834 1114 929 Cumque
1134 831 1201 905 bu·
1252 837 1402 928 speciem
1424 837 1552 906 misera
1575 850 1644 921 est,
1675 859 1754 904 cum
1777 834 1823 903 sit
1845 834 2010 905 salutaris
2034 841 2187 933 populo,
2216 855 2254 914 et

213 969 319 1017 mana
334 942 517 1031 diligentia
537 940 671 1011 servari
687 938 845 1009 Ecclesia
868 963 943 1010 non
964 939 1093 1031 possit,
1125 963 1204 1008 ore-

214 1068 294 1115 mus
310 1044 427 1113 Deum
444 1044 536 1112 veris
558 1042 759 1112 animorum
783 1043 958 1123 motibus,
992 1054 1033 1111 ut
1053 1064 1116 1110 sua
1137 1041 1205 1108 im-

216 1169 338 1218 mensa
355 1145 511 1216 bonitate
529 1157 673 1236 propter
692 1144 807 1213 lilium
827 1158 941 1214 servet
955 1139 1134 1212 Ecclesiae
1150 1164 1206 1209 re-

217 1250 365 1342 liquias,
392 1261 427 1316 et
448 1249 510 1316 det
532 1247 581 1316 eis
605 1246 798 1337 tranquilla
821 1241 997 1335 hospicia,
1023 1245 1061 1312 in
1078 1243 1208 1336 aliqui·

217 1353 285 1421 bus
304 1349 472 1441 imperiis,
497 1350 663 1418 defendat
677 1360 712 1417 et
726 1349 822 1416 iuvet
836 1346 963 1431 studia,
990 1346 1118 1439 quibus
1135 1347 1209 1435 ipse

219 1476 301 1522 vere
320 1452 528 1532 celebratur,
546 1474 611 1519 nec
627 1450 721 1519 sinat
738 1448 895 1539 extingui
912 1448 1077 1518 noticiam
1087 1445 1209 1519 Evan-

220 1555 303 1644 gelii
318 1555 372 1622 sui
390 1554 482 1622 inter
497 1548 672 1636 homines,
698 1575 762 1619 nec
777 1551 871 1620 sinat
887 1565 1001 1622 totum
1017 1571 1127 1639 genus
1141 1544 1212 1619 bu-

219 1680 365 1725 manum
384 1649 537 1722 ruere'in
555 1667 737 1722 aeternum
754 1652 913 1722 exitium·

325 1755 416 1843 Quis
434 1770 485 1824 est
502 1767 573 1823 tam
589 1755 702 1823 ferreo
728 1765 883 1843 pectore,
908 1765 970 1821 aut
987 1766 1085 1823 tanta
1107 1764 1213 1819 natu-

222 1882 281 1928 rae
313 1855 550 1938 immanitate,
584 1868 623 1923 ut
650 1855 823 1947 cogitans,
864 1868 996 1946 quanta
1024 1850 1210 1923 hominum

222 1959 413 2028 multitudo
439 1956 624 2026 manifesto
645 1957 768 2026 furore
792 1968 995 2025 contemnat
1016 1954 1154 2038 Deum,
1180 1966 1214 2020 et

222 2060 290 2130 sibi
306 2073 488 2128 aeternum
505 2057 651 2126 exitium
667 2070 836 2140 accersat,
862 2081 936 2125 non
957 2056 1119 2147 deploret
1143 2050 1212 2124 bu-

223 2186 362 2230 manam
394 2159 597 2251 miseriam?
647 2156 743 2247 Ergo
773 2183 820 2228 ne
848 2172 922 2229 tota
950 2169 1075 2227 natura
1099 2152 1214 2225 homi-

221 2258 309 2337 uum
324 2284 468 2352 prorsus
486 2274 621 2351 pereat,
649 2260 788 2353 excerpi
810 2259 999 2354 reliquias,
1023 2282 1062 2328 ac
1082 2256 1215 2328 servari

222 2385 375 2434 oremus.

325 2462 465 2532 Deinde
488 2465 532 2531 de
550 2486 622 2532 sese
641 2464 790 2556 quisque
808 2462 958 2551 cogitet,
983 2461 1141 2552 exempla
1162 2459 1217 2528 vi·

224 2567 304 2635 deat
323 2565 486 2634 omnium
502 2579 656 2637 aetatum
673 2579 709 2634 et
722 2565 941 2648 consideret,
968 2587 1119 2657 quorum
1136 2587 1216 2632 cur-

224 2691 283 2737 sus
300 2667 463 2736 salutaris
484 2669 605 2754 generi
625 2664 783 2737 humano
805 2666 930 2750 suerit,
956 2662 1139 2736 ethorum
1161 2689 1217 2734 se·

225 2781 355 2863 quatur
373 2768 528 2857 vestigia.
568 2765 724 2839 Econtra
740 2792 825 2837 vero
842 2780 980 2853 caveat,
1011 2791 1055 2835 ne
1073 2767 1217 2836 abiicia-

164 2881 169 2889 ’
224 2886 284 2942 tur
300 2870 393 2943 inter
409 2884 521 2961 pestes
537 2869 675 2960 generis
689 2864 857 2954 humani,
883 2870 1004 2962 quales
1020 2868 1125 2938 multi
1140 2869 1218 2936 sue·

226 2986 330 3056 runt,
354 2990 394 3043 nt
414 2970 524 3056 Cain,
549 2968 710 3058 Pharao,
736 2968 860 3057 Iudas,
886 2969 1070 3055 Marcion,
1095 2967 1219 3040 Mani·

228 3069 356 3144 chaeus
370 3091 405 3142 et
418 3074 491 3144 alii.

331 3173 438 3262 Quod
456 3176 494 3240 in
510 3197 612 3242 scena
626 3175 760 3243 dictum
776 3186 843 3243 est:
867 3173 985 3243 Vitam
1001 3174 1091 3261 regit
1104 3174 1218 3243 fortu-

229 3302 295 3360 na,
322 3299 396 3345 non
412 3274 602 3364 sapientia,
628 3273 835 3363 explodatur
851 3299 892 3342 ex
907 3273 1079 3346 Ecclesia.
1127 3273 1219 3364 Regi

229 3381 338 3451 vitam
362 3376 533 3469 sapientia
550 3399 624 3445 non
640 3369 817 3459 bumana,
842 3377 902 3441 sed
917 3376 1038 3443 diviua
1058 3374 1219 3456 sciamus,

230 3506 318 3575 quae
334 3483 422 3551 duas
443 3502 498 3548 res
514 3477 771 3569 complectitur.
824 3472 927 3545 lubet
941 3492 974 3547 te
989 3476 1056 3546 Dei
1072 3478 1221 3545 manda-

230 3585 276 3653 tis
292 3607 431 3674 parere,
460 3595 493 3650 et
508 3581 553 3650 ab
578 3580 655 3671 ipso
677 3579 968 3668 gubernationem
991 3590 1121 3669 petere.
1172 3575 1221 3649 Ut

230 3683 391 3755 Psalmus
411 3683 544 3777 inquit:
575 3679 749 3752 Subditus
771 3692 844 3749 esto
867 3677 961 3765 Deo,
995 3693 1029 3748 et
1049 3702 1148 3769 spera
1175 3681 1220 3749 ab

228 3787 305 3878 ipso
322 3786 504 3858 auxilium.
546 3780 649 3852 Hanc
667 3782 886 3874 sapientiam,
911 3783 941 3850 si
957 3784 1081 3852 ducem
1097 3804 1221 3874 seque-

229 3913 328 3973 mur,
353 3903 458 3960 erunt
473 3886 612 3957 foelicia
627 3879 889 3976 πολιτεύματα.

330 3989 448 4079 Quam
473 3989 599 4078 longus
618 4002 669 4057 est
685 3988 862 4077 catalogus
884 4009 1028 4070 eorum,
1054 3984 1115 4079 qui
1138 3984 1220 4055 freti

231 4117 291 4164 sua
306 4092 497 4183 sapientia,
519 4090 677 4178 neglecto
695 4086 789 4170 Deo,
816 4103 849 4158 et
872 4111 908 4156 se
930 4100 964 4157 et
987 4086 1221 4177 Respublicas

233 4207 446 4263 everterunt.
497 4190 577 4261 Non
596 4191 710 4258 dicam
731 4190 774 4256 de
790 4190 978 4267 veteribus,
1004 4191 1048 4254 de
1062 4183 1221 4257 Pharao-

231 4319 297 4377 ne,
324 4295 368 4361 de
385 4288 530 4370 Achab,
558 4292 602 4357 de
624 4284 813 4373 Sedecbia,
839 4290 883 4356 de
899 4284 1100 4370 Alcibiade,
1123 4303 1155 4357 et
1173 4290 1221 4357 si-

231 4395 389 4464 milibus.
424 4390 552 4461 Nostra
566 4405 727 4480 tempora
741 4390 872 4471 videte,
895 4388 1105 4457 meministis
1119 4415 1222 4460 exor-

232 4499 290 4567 dia
314 4495 488 4566 tumultus
506 4490 816 4574 Monasteriensis,
841 4513 920 4559 cum
943 4483 1106 4558 homines
1122 4492 1222 4560 fana-

1254 963 1335 1009 vere
1361 939 1530 1029 gloriosa,
1562 960 1675 1007 annos
1699 937 1853 1028 amplius
1875 940 2129 1030 quadraginta,
2162 967 2253 1014 con.

1255 1041 1418 1111 cionatur
1432 1042 1476 1110 de
1488 1039 1624 1108 excidio
1641 1039 1805 1119 civitatis,
1831 1041 1877 1107 de
1890 1040 2123 1132 dissipatione
2135 1047 2251 1136 gentis

1256 1160 1289 1215 et
1304 1143 1421 1213 reditu
1436 1142 1687 1233 reliquiarum,
1713 1145 1817 1212 toties
1830 1141 1998 1213 abiicitur
2012 1145 2051 1213 in
2065 1170 2253 1235 carcerem,

1256 1268 1358 1337 saepe
1393 1244 1532 1334 rapitur
1559 1245 1605 1312 ad
1636 1242 1828 1334 supplicia,
1860 1247 2005 1314 tandem
2030 1247 2253 1335 interficitur,

1258 1347 1314 1416 vel
1331 1346 1455 1428 asnis,
1482 1346 1537 1412 vel
1559 1370 1578 1415 a
1595 1346 1846 1434 superbissimo
1872 1368 1953 1435 rege
1971 1344 2169 1438 Apbricae,
2195 1352 2253 1423 cui

1259 1450 1365 1520 etiam
1380 1447 1589 1518 vaticinatus
1611 1459 1685 1516 erat
1701 1447 1859 1521 exitium.
1910 1446 1962 1519 At
1976 1445 2035 1519 bic
2046 1476 2255 1549 quanquam

1260 1563 1439 1620 exercetur
1468 1549 1605 1639 magnis
1638 1548 1913 1634 calamitatibus,
1946 1563 2067 1622 tamen
2094 1570 2255 1627 servator

1261 1665 1312 1722 est
1328 1673 1412 1719 suae
1426 1648 1531 1739 Reip.
1584 1648 1674 1718 Nam
1691 1646 1800 1721 buius
1819 1652 1968 1722 consilio
1991 1654 2058 1724 llos
2073 1653 2254 1728 Ecclesiae

1266 1751 1422 1823 leconias
1441 1766 1476 1821 et
1497 1752 1633 1844 aliquot
1650 1751 1761 1821 millia
1777 1753 1909 1822 civium
1927 1755 2143 1826 deditionem
2158 1761 2257 1828 fece-

1262 1868 1359 1928 runt.
1408 1849 1503 1922 'Hae
1534 1854 1705 1946 reliquiae
1738 1854 1883 1926 luemnt
1915 1856 2123 1945 serninaria,
2159 1883 2253 1952 quae

1264 1957 1506 2027 instaurarunt
1531 1969 1647 2046 postea
1667 1953 1796 2047 Remp.
1846 1955 1951 2027 Nunc
1971 1959 2100 2050 cogites
2131 1962 2254 2031 animo

1264 2081 1415 2150 quorum
1438 2057 1636 2126 similitudo
1659 2059 1768 2147 magis
1788 2061 1943 2148 optanda
1964 2060 2031 2145 sit,
2061 2062 2254 2134 Samuelis-

1264 2183 1329 2243 ne,
1353 2157 1498 2242 Esaiae,
1524 2157 1710 2243 Ieremias,
1735 2159 1860 2244 Pauli,
1883 2184 1931 2229 an
1945 2186 2031 2232 vero
2049 2159 2257 2248 Alcibiadis,

1264 2256 1431 2353 Caiphae,
1448 2258 1569 2343 ludae,
1586 2259 1792 2346 Marcionis,
1817 2258 1935 2332 Rullii
1951 2262 2255 2338 Monasteriensis.

1367 2360 1464 2431 Haec
1477 2362 1508 2429 si
1521 2383 1623 2452 saepe
1637 2363 1902 2433 considerarent
1917 2367 2072 2448 iuvenes,
2098 2370 2254 2458 prolecto

1266 2477 1380 2534 essent
1409 2465 1656 2548 modestiores,
1686 2477 1821 2535 etcum
1849 2467 2044 2553 doctrinam
2064 2471 2253 2539 salutarem

1266 2567 1405 2636 avidius
1426 2578 1646 2656 expeterent,
1665 2580 1741 2635 tum
1758 2590 1843 2636 vero
1869 2569 1971 2638 etiam
1994 2570 2104 2641 aDeo
2125 2572 2256 2661 guber-

1266 2669 1447 2738 nationem
1468 2668 1700 2758 postularent.
1753 2667 1803 2738 Ut
1824 2693 1903 2738 oras
1924 2674 2055 2740 servari
2076 2672 2256 2744 Ecclesiae

1267 2770 1454 2863 reliquias,
1487 2769 1536 2838 ita
1562 2770 1688 2860 petito,
1723 2782 1762 2839 ut
1784 2784 1819 2839 te
1843 2773 1970 2860 deligat
1997 2774 2091 2844 inter
2122 2796 2255 2862 organa

1267 2873 1369 2943 utilia
1383 2870 1502 2960 generi
1517 2866 1688 2955 humano,
1704 2895 1769 2941 nec
1783 2885 1817 2941 te
1832 2874 1972 2946 abiiciat
1988 2877 2081 2948 inter
2095 2871 2257 2945 ἀλάστο-

1268 2998 1345 3070 ρας,
1374 2985 1408 3041 et
1421 2986 1462 3041 ut
1476 2970 1609 3041 Paulus
1620 2988 1722 3045 vocat
1739 2974 1835 3045 inter
1847 3000 1929 3046 vasa
1944 2978 2027 3047 irae.
2059 2976 2139 3047 Non
2158 2976 2253 3047 enim

1268 3077 1345 3146 vult
1370 3076 1488 3143 deesse
1505 3069 1681 3144 Ecclesiae
1703 3087 1786 3145 suae
1804 3075 1912 3148 Deus.
1967 3079 2035 3152 Sed
2057 3079 2256 3171 petentibus

1268 3177 1372 3247 toties
1388 3176 1580 3244 clarissime
1602 3177 1763 3247 adfirmat
1781 3201 1817 3246 se
1832 3181 2092 3268 opitulaturum
2109 3203 2198 3265 esse,
2224 3193 2260 3250 et

1268 3277 1499 3348 iureiurando
1515 3278 1788 3347 confirmatsuas
1810 3281 2074 3367 promissiones.
2127 3281 2201 3353 Cur
2214 3283 2259 3350 ad
2296 3304 2299 3309 ·
2350 3348 2355 3359 ,

1270 3404 1350 3449 eum
1375 3402 1448 3446 non
1468 3380 1700 3458 accurrimus,
1726 3378 1788 3470 qui
1810 3377 1916 3447 etiam
1937 3381 2173 3455 iureiurando
2194 3404 2260 3452 nos

1270 3480 1422 3550 invitat?
1472 3481 1528 3552 Sit
1543 3480 1728 3550 mediocris
1744 3480 1926 3570 diligentia
1946 3482 1984 3551 in
2001 3487 2166 3575 regendis
2180 3510 2260 3554 mo-

1270 3583 1369 3652 ribus
1396 3582 1490 3651 etin
1516 3582 1662 3668 studiis,
1688 3596 1722 3653 et
1737 3584 1948 3655 accendatur
1969 3586 2107 3656 animus
2129 3589 2173 3655 ad
2199 3588 2259 3654 in-

1271 3684 1501 3754 vocationem.
1538 3682 1636 3752 Haec
1649 3685 1805 3776 profecto
1823 3709 1898 3755 non
1912 3702 2015 3758 erunt
2027 3686 2157 3758 inania.
2195 3685 2259 3756 Sic

1270 3786 1366 3855 enim
1381 3784 1521 3856 Paulus.
1534 3786 1715 3871 adfirmat,
1740 3784 1836 3858 Deus
1851 3800 1921 3868 est,
1948 3789 2009 3882 qui
2030 3801 2063 3860 et
2083 3803 2121 3859 ut
2138 3787 2256 3856 velitis

1271 3888 1393 3970 elficit,
1417 3902 1451 3958 et
1467 3891 1527 3956 dat
1543 3911 1733 3958 successus.
1980 3897 1981 3900 ’

1371 3987 1494 4059 Sciant
1508 3990 1558 4080 pii
1573 4013 1609 4056 se
1625 4014 1644 4058 a
1657 3987 1733 4060 Deo
1748 3993 1914 4061 excitatos
1929 4014 2013 4077 esse,
2037 4007 2076 4063 ut
2089 3991 2261 4062 salutaria

1272 4092 1427 4171 discant,
1460 4104 1498 4160 ut
1521 4093 1564 4160 ad
1590 4088 1768 4162 Ecclesiae
1795 4095 2085 4182 gubernationem
2111 4117 2262 4186 praepa·

1272 4207 1405 4267 rentur.
1458 4190 1508 4262 lli
1535 4207 1681 4262 conatus
1707 4219 1781 4263 non
1808 4209 1912 4268 erunt
1939 4196 2051 4277 irriti,
2087 4199 2194 4266 modo
2221 4209 2263 4266 ut

1273 4317 1412 4363 cursum
1429 4309 1530 4364 tuum
1550 4319 1686 4385 urgeas,
1712 4321 1777 4364 nec
1791 4298 1936 4366 abiicias
1952 4296 2117 4369 inchoata
2133 4300 2261 4369 studia.

1273 4392 1349 4474 Alii
1369 4398 1613 4487 voluptatibus
1634 4396 1871 4486 languebunt,
1897 4400 1959 4468 alii
1981 4403 2262 4490 desperationem

1273 4499 1523 4589 praemiorum,
1549 4499 1610 4567 alii
1627 4498 1706 4565 aliis
1721 4500 1888 4589 periculis
1903 4506 2136 4588 deterrentur,
2156 4516 2196 4574 ut
2212 4517 2265 4573 est

232 4600 295 4671 tici
311 4601 477 4670 audacter
490 4596 594 4665 falsas
609 4593 797 4686 opiniones
813 4605 978 4676 sererent,
1004 4606 1037 4661 et
1052 4593 1220 4681 paulatim
1272 4623 1397 4689 magna
1423 4595 1597 4670 humanae
1621 4612 1767 4669 naturae
1793 4602 1997 4685 infirmitas,
2031 4629 2075 4673 ne
2100 4604 2263 4674 doctrina

231 4703 333 4774 furor
347 4713 531 4784 cresceret,
554 4712 595 4769 ut
609 4698 762 4766 amentia
779 4709 1019 4786 contemptum
1036 4694 1108 4765 Dei
1123 4696 1221 4788 sequi
1272 4724 1308 4770 se
1331 4700 1526 4782 instruant,
1558 4723 1627 4794 qua
1649 4725 1740 4790 opus
1766 4717 1818 4773 est
1839 4701 1994 4794 Reipub.
2016 4730 2106 4775 neve
2128 4718 2266 4797 partem

232 4804 339 4889 solet,
364 4805 475 4874 exitus
495 4826 600 4895 quam
618 4799 742 4890 tragici
758 4812 791 4869 et
808 4793 978 4867 horrendi
992 4797 1161 4868 suerunt?
1273 4803 1407 4894 publici
1421 4801 1552 4871 laboris
1569 4816 1739 4893 expetant.
1788 4803 1926 4876 Multos
1942 4807 2047 4876 etiam
2063 4822 2265 4896 temporum

334 4905 405 4975 Nec
425 4918 564 4974 tantum
590 4899 657 4973 hoc
679 4901 937 4992 deplorandum
962 4911 1030 4983 est,
1057 4903 1150 4993 quod
1170 4914 1223 4972 tot
1273 4905 1434 4974 miseriae
1449 4905 1518 4972 iam
1535 4906 1713 4994 frangunt,
1739 4931 1818 4976 cum
1834 4905 1985 4978 Turrita
2001 4909 2266 4981 castrasuntin

231 5004 396 5078 homines
420 5005 539 5074 miseri
555 5006 609 5073 vel
634 5008 742 5087 fame,
767 5004 822 5071 vel
839 5004 951 5079 ferro,
981 5000 1035 5068 vel
1052 5003 1131 5070 aliis
1149 5004 1220 5071 cla·
1272 5019 1470 5097 conspectu.
1533 5006 1625 5098 Quis
1653 5008 1740 5088 erit,
1772 5009 1959 5101 inquiunt,
1993 5012 2176 5082 literarum
2203 5026 2267 5082 aut

231 5111 338 5181 dibus
368 5106 561 5199 perierunt.
618 5105 688 5176 Sed
719 5106 831 5175 multo
855 5103 990 5173 tristius
1017 5117 1087 5188 cst,
1124 5107 1219 5197 quod
1272 5107 1454 5178 doctrinae
1475 5133 1577 5194 usus,
1603 5109 1633 5177 si
1656 5109 1743 5179 baec
1766 5110 2136 5184 omniavastabunmr
2155 5115 2266 5185 Μὴ

229 5209 326 5285 Deus
347 5208 560 5280 contumelia
583 5207 738 5277 adlectus
755 5220 825 5290 est,
855 5207 951 5300 quod
976 5205 1104 5277 multos
1121 5231 1222 5276 error
1272 5207 1458 5279 Turcicis?
1490 5203 1711 5282 Cohorresco
1727 5213 1894 5293 audieus,
1920 5229 1982 5285 aut
1997 5216 2154 5307 cogitans
2178 5212 2267 5288 baec

230 5308 631 5387 inaeternumexitium
651 5309 909 5397 praecipitavit,
933 5308 1029 5401 quod
1056 5309 1220 5378 diabolus
1270 5305 1462 5407 δύσφημα.
1514 5312 1584 5385 Sed
1619 5314 1745 5404 optimi
1772 5315 2026 5403 adolescentes,
2059 5319 2267 5409 ingentibus

231 5413 453 5510 triumphum
468 5413 555 5505 egit,
583 5425 633 5482 tot
652 5410 916 5480 miserisaDeo
931 5411 1073 5481 avulsis.
1124 5408 1220 5479 Haec
1270 5413 1398 5483 animis
1421 5438 1676 5505 repugnemus,
1708 5441 1789 5487 cum
1814 5420 1958 5488 caeteris
1986 5422 2267 5504 difficultatibus,

230 5522 426 5594 snectacnla
442 5520 646 5589 intueamur
658 5512 798 5598 animis,
808 5525 845 5581 ut
861 5534 1071 5604 quaeramus
1079 5513 1220 5604 sapien·
1270 5518 1466 5587 tumeliam
1483 5513 1538 5587 bis
1556 5519 1764 5596 terroribus.
1814 5516 1867 5590 Eo
1884 5523 1996 5612 magis
2011 5524 2175 5595 colantur
2190 5541 2268 5599 stu-
