4732 6030
256 261 366 336 459-
522 256 526 265 “
674 249 938 328 Ducunt
971 252 1112 325 VITA
1145 241 1852 327 RODOLPHlAGRlCOLAE.
2203 244 2282 322 410

261 430 527 504 delectabimur.
584 424 624 497 si
648 424 727 516 quis
751 438 803 495 est
825 439 941 494 autem
971 424 1033 516 qui
1056 439 1127 495 tam
1150 424 1248 513 gravi
1298 438 1392 494 mata
1409 436 1443 493 ct
1469 421 1616 492 consilia
1637 433 1795 492 veterum
1811 421 1955 492 Ducum
1979 441 2094 495 nosse.
2146 414 2289 494 Accedo

262 557 367 605 causa
383 556 457 600 non
472 540 634 597 movetur
647 526 692 593 ad
708 522 1037 611 amandasscholas,
1058 521 1155 595 hunc
1169 548 1248 594 vere
1302 526 1409 614 igitur
1423 526 1466 594 ad
1480 521 1675 594 historiam.

580 654 684 730 ἐρωὴ
699 651 780 710 duris
795 674 810 710 e
826 653 959 711 cautibus
974 651 1097 711 horrens
1401 625 1513 695 Natus
1535 637 1588 695 est
1609 619 1823 716 lindolphus
1846 619 2014 712 Agricola
2038 623 2076 690 in
2092 619 2226 710 Frisia,
2252 650 2292 695 m

366 753 530 825 Caucasus,
555 752 772 834 Hyrcanaeque
789 752 948 812 admorunt
963 755 1052 813 ubere
1067 750 1195 833 Tygres.
1301 729 1551 819 ι’111111110611111
1576 749 1649 794 ¹¹⁰⁰
1671 725 1795 817 Procul
1818 725 1863 792 ³b
1884 727 1973 793 urbe
1991 722 2199 815 Gr⁰⁰l¹¹8³s
2224 722 2294 798 h0·

1301 829 1408 898 nestis
1426 827 1649 919 parentibus,
1675 849 1827 918 quorum
1842 827 2043 907 facultates,
2068 841 2107 896 ut
2126 841 2211 898 sunt
2226 831 2294 911 ibi,

1302 931 1494 998 mediocres
1525 928 1689 1010 fuerunt,
1736 940 1770 994 et
1803 927 1899 995 unde
1937 929 2061 998 liberis
2095 930 2139 997 ad
2172 934 2292 1003 studia

1303 1043 1463 1120 sumptus
1496 1027 1690 1096 liberaliter
1726 1028 1951 1117 suppeditare
1988 1043 2163 1119 poterant.
2235 1034 2292 1104 De

712 1223 713 1226 Ἴ
1303 1133 1437 1224 primae
1453 1128 1624 1221 pueritiae
1646 1128 1773 1198 studiis
1792 1153 1872 1197 cum
1892 1126 1986 1199 nihil
2002 1131 2191 1216 audierim,
2214 1160 2289 1204 nou

362 1236 451 1307 Cum
468 1249 585 1305 antem
602 1229 712 1303 hicde
726 1234 851 1302 studiis
867 1235 979 1304 oratio
994 1230 1119 1305 haberi
1133 1235 1254 1319 soleat,
1305 1232 1426 1326 putavi
1441 1229 1576 1323 aliquid
1599 1229 1801 1318 lingendum
1826 1252 1911 1304 csse.
1968 1230 2081 1302 Nemo
2099 1247 2212 1302 autem
2230 1261 2292 1306 ex-

266 1357 300 1413 et
321 1340 382 1410 alii
411 1341 447 1405 in
481 1337 610 1429 quibus
640 1337 719 1426 plus
743 1349 793 1403 est
815 1337 1031 1422 autoritatis,
1064 1359 1165 1428 saepe
1197 1335 1253 1403 vel
1305 1334 1488 1404 cellentem
1511 1331 1677 1401 virtutem
1702 1331 1869 1423 consequi
1893 1346 2006 1423 potest
2023 1334 2099 1403 sine
2115 1358 2240 1424 magna
2255 1339 2292 1407 vi

266 1452 464 1512 monstrent
480 1439 575 1530 quod
601 1437 668 1505 iter
684 1436 953 1525 ingrediendum
977 1437 1039 1521 sit,
1060 1438 1117 1506 vel
1133 1461 1194 1505 vos
1209 1436 1255 1505 ad
1305 1435 1438 1524 ingenii
1465 1445 1499 1502 et
1519 1433 1595 1500 siue
1619 1426 1858 1500 enthusiasmo
1886 1434 2026 1526 aliquo,
2056 1436 2119 1526 qui
2143 1461 2224 1507 cum
2248 1439 2294 1509 sit

268 1543 497 1634 expetendam
524 1538 736 1627 optimarum
758 1537 889 1606 artium
912 1539 1109 1607 doctrinam
1126 1535 1256 1607 adhor·
1306 1535 1516 1606 accerrimus
1535 1532 1698 1602 stimulus
1719 1532 1757 1600 in
1772 1532 1875 1601 bouis
1890 1535 2047 1615 naturis,
2072 1530 2170 1607 haud
2186 1540 2294 1609 dubie

268 1660 405 1725 tentur,
430 1663 494 1728 ego
520 1640 629 1707 vitam
648 1633 832 1726 Rodolphi
855 1638 1057 1728 Agricolae,
1084 1653 1256 1730 quantum
1306 1630 1521 1727 Rodolphus
1540 1633 1699 1702 celeriter
1716 1636 1846 1724 primas
1869 1647 1961 1704 artes
1978 1637 2148 1727 arripuit,
2175 1653 2215 1710 ut
2232 1641 2294 1710 ille

268 1746 449 1834 explorare
467 1764 542 1808 eam
559 1739 677 1831 potui,
703 1738 850 1807 recitare
866 1741 1016 1812 decrevi.
1065 1735 1257 1831 Exemplo·
1308 1737 1426 1829 inquit
1440 1738 1484 1804 de
1497 1732 1637 1803 heroica
1653 1746 1796 1803 natura:

270 1870 350 1915 rum
374 1843 468 1911 enim
491 1862 616 1929 magna
636 1839 689 1907 vis
713 1852 781 1923 est,
807 1853 841 1907 et
862 1841 975 1908 bonae
993 1852 1140 1908 natutae
1161 1840 1257 1928 cogi·
1382 1843 1466 1906 Ante
1482 1863 1575 1902 anuos
1590 1845 1783 1926 animumque
1797 1864 1901 1924 gerens
1913 1864 2070 1928 curamque
2084 1849 2210 1909 virilem.

269 1947 401 2017 tatione
424 1955 529 2034 atque
559 1940 790 2009 admiratione
821 1938 963 2012 virtutis
986 1941 1024 2008 in
1050 1941 1137 2007 viris
1150 1964 1259 2031 prae-
1307 1936 1397 2007 Nam
1406 1950 1441 2007 et
1456 1962 1496 2006 ex
1511 1937 1649 2029 scriptis
1664 1937 1817 2029 ipsiuset
1830 1938 1988 2009 consiliis
2000 1956 2143 2031 apparet
2155 1943 2292 2033 ingenii

270 2045 443 2116 stantibus
479 2043 629 2111 maxime
666 2039 904 2110 exuscitantur
935 2066 975 2109 ac
1008 2041 1258 2112 incenduntur.
1310 2040 1362 2107 vis
1379 2053 1413 2108 et
1428 2040 1590 2129 impetus.

269 2146 408 2217 Deinde
423 2140 590 2213 historiae
616 2142 835 2210 eruditorum
864 2144 907 2209 de
932 2142 1054 2211 multis
1075 2143 1180 2210 rebus
1201 2143 1260 2211 iu·
1409 2138 1499 2211 Cum
1519 2138 1712 2210 Germania
1736 2143 2003 2235 corruptissimo
2020 2166 2146 2233 genere
2163 2168 2296 2214 sermo-

270 2249 363 2317 dicia
393 2245 587 2315 iuventutis
616 2243 781 2312 formant.
858 2239 1018 2336 Cumque
1045 2238 1260 2334 Rodolphus
1309 2242 1366 2310 nis
1380 2253 1553 2325 uteretur,
1579 2254 1744 2334 tantaque
1763 2244 1946 2314 literarum
1962 2246 2101 2315 inscitia
2124 2259 2230 2330 esset,
2256 2261 2296 2316 ut

271 2350 425 2441 primum
444 2347 482 2412 in
497 2342 688 2412 Germania
705 2343 943 2414 emendaverit
963 2365 1073 2433 genus
1089 2345 1260 2413 sermonis
1310 2344 1398 2437 quid
1417 2356 1505 2412 esset
1519 2355 1611 2412 recte
1624 2342 1743 2437 loqui,
1769 2368 1815 2413 ne
1837 2345 1980 2438 quidem
1999 2347 2169 2435 suspicari
2185 2349 2297 2418 nostri

271 2464 305 2519 et
331 2446 578 2528 Dialecticam,
617 2466 656 2512 ac
685 2443 866 2511 meliorem
898 2445 1057 2514 discendi
1085 2446 1260 2540 rationem
1310 2441 1472 2513 homines
1492 2457 1652 2536 possent,
1683 2445 1755 2515 imo
1771 2446 1875 2516 etiam
1898 2446 2076 2517 insulsitas
2092 2449 2297 2517 admiratio-

271 2546 543 2629 monstraverit,
587 2556 862 2612 consentaneum
891 2558 943 2614 est
973 2545 1149 2637 plerisque
1185 2546 1260 2615 eius
1310 2568 1391 2613 nem
1415 2541 1577 2628 haberet,
1609 2569 1702 2615 uuus
1731 2542 1943 2636 Rodolphus
1969 2547 2123 2636 primum
2149 2549 2297 2620 auribus

271 2649 375 2719 dictis
389 2670 428 2717 ac
443 2644 744 2736 disputationibus
755 2645 893 2715 utiliter
906 2646 1168 2715 commonefieri
1184 2660 1260 2717 stu·
1311 2659 1416 2738 atque
1438 2647 1556 2715 animo
1577 2647 1708 2715 sentire
1726 2646 1787 2715 illa
1807 2648 1911 2727 vitia,
1945 2661 1980 2716 et
2002 2649 2202 2718 desiderare
2220 2674 2297 2720 me·
2354 2723 2357 2726 ,

274 2753 404 2822 diosus.
454 2744 532 2817 Etsi
547 2759 665 2815 autem
681 2769 785 2814 nemo
796 2769 868 2814 nou
885 2761 978 2817 amat
992 2743 1176 2839 Rodolphi
1193 2773 1257 2816 uo·
1311 2748 1436 2817 liorem
1454 2748 1624 2817 orationis
1637 2749 1784 2817 formam
1803 2749 1927 2837 coepit.
1978 2746 2297 2839 llaecfuitsingu-

167 2918 170 2929 ,
273 2875 376 2931 men,
411 2860 558 2941 propter
573 2846 648 2916 eius
665 2846 900 2916 eruditionem
917 2871 956 2917 ac
974 2850 1117 2934 merita,
1142 2862 1260 2920 tamen
1312 2849 1396 2917 laris
1421 2851 1628 2939 prudentiae
1649 2849 1873 2939 significatio:
1911 2846 1977 2918 llla
2006 2850 2137 2919 virium
2160 2852 2296 2941 ingenii

273 2954 410 3045 privata
430 2973 486 3018 me
508 2951 680 3043 quaedam
702 2947 810 3016 oflicii
830 2948 921 3018 ratio
944 2950 1127 3036 invitavit,
1159 2965 1199 3020 ut
1217 2953 1262 3020 de
1312 2963 1347 3021 et
1362 2950 1562 3037 doctrinae,
1588 2953 1682 3044 quod
1699 2973 1807 3040 genus
1823 2950 1991 3021 orationis
2005 2952 2138 3020 effinxit
2156 2977 2300 3044 purum,

172 3112 179 3119 ,
274 3079 316 3125 eo
336 3054 453 3123 dicere
475 3051 670 3120 maluerim.
729 3047 821 3118 Nam
845 3075 925 3120 cum
950 3074 1027 3119 mea
1050 3052 1163 3141 patria
1187 3075 1261 3120 nou
1313 3052 1561 3143 splendidum,
1588 3074 1735 3137 sonans,
1761 3051 1838 3120 sine
1858 3051 2018 3144 ineptiis,
2049 3077 2166 3123 rerum
2190 3055 2316 3124 etiam

274 3155 390 3226 solum
405 3152 529 3221 Frisiis
554 3151 671 3219 vicina
693 3149 755 3233 sit,
782 3153 843 3219 scd
868 3151 971 3221 etiam
988 3150 1185 3223 Frisiorum
1200 3177 1262 3223 co·
1312 3154 1469 3245 pondere
1495 3166 1529 3223 et
1559 3154 1728 3243 gravitate
1758 3154 1993 3244 probandum.
2056 3151 2131 3224 Nec
2160 3169 2297 3226 tautum

275 3256 394 3339 louia,
427 3275 516 3344 quae
549 3251 654 3320 etiam
686 3245 792 3318 hodie
816 3275 945 3320 nomen
970 3254 1097 3325 retinet
1127 3253 1262 3324 Frisiae
1311 3255 1499 3347 prudentia
1519 3256 1605 3338 fuit,
1630 3257 1690 3323 sed
1715 3254 2141 3347 etiamquaedam·animi
2159 3257 2301 3328 celsitu-

275 3354 425 3426 minoris
446 3354 485 3420 in
508 3346 685 3431 Holsatia,
719 3362 753 3417 et
775 3351 814 3416 in
831 3352 1087 3439 gubernatione
1105 3351 1261 3446 Reipub.
1314 3358 1361 3425 do
1380 3370 1414 3423 et
1428 3356 1517 3424 mira
1532 3356 1689 3425 discendi
1706 3356 1872 3441 aviditas,
1897 3356 1993 3447 quod
2010 3357 2049 3425 in
2064 3354 2205 3428 Italiam
2222 3384 2302 3428 cum

274 3468 448 3526 vetustam
471 3453 559 3522 iuris
582 3449 865 3541 aequabilitatem
883 3475 956 3519 non
973 3453 1046 3521 sine
1068 3455 1264 3526 laudetue-
1314 3455 1566 3547 patrimonium
1590 3451 1734 3527 haberet
1755 3457 1950 3542 mediocre,
1974 3459 2154 3548 profectus
2168 3473 2236 3544 est,
2261 3473 2302 3531 ut

276 3572 355 3640 tur,
387 3554 504 3623 iudico
528 3546 713 3644 Rodolphi
740 3552 862 3621 laudes
884 3553 1002 3646 aliqua
1027 3579 1068 3623 ex
1098 3569 1198 3645 parte
1219 3557 1264 3625 ad
1314 3557 1441 3626 melius
1458 3557 1639 3628 doctrinae
1655 3582 1765 3647 genus
1785 3573 1979 3650 quaereret.
2029 3557 2083 3630 Ar
2098 3562 2128 3629 si
2143 3564 2186 3631 de
2200 3562 2303 3650 inge-

276 3680 374 3727 mens
388 3656 491 3724 etiam
507 3655 600 3723 cives
616 3652 811 3745 pertinere,
831 3654 927 3746 quod
943 3679 1022 3723 curn
1034 3655 1082 3725 ita
1096 3658 1160 3741 sit,
1185 3681 1264 3747 spe-
1315 3657 1366 3727 nii
1382 3659 1549 3729 laudibus
1564 3662 1674 3730 multa
1690 3662 1848 3729 dicturus
1862 3682 1992 3747 essem,
2013 3662 2224 3751 amplificare
2240 3686 2300 3732 eas

275 3785 316 3830 ro
340 3782 403 3828 vos
425 3780 541 3827 meum
564 3753 752 3824 consilium
768 3756 811 3824 de
830 3755 1009 3825 recitanda
1024 3751 1172 3827 historia
1187 3757 1267 3830 Ro-
1315 3759 1419 3829 etiam
1436 3761 1569 3850 patriae
1589 3761 1849 3852 praedicatione
1859 3767 2015 3853 possem.
2064 3759 2154 3831 Nam
2173 3759 2304 3849 Frisia,

276 3856 401 3951 dolphi
425 3860 636 3950 probaturos
658 3878 740 3926 esse.
793 3853 951 3926 Tametsi
970 3871 1001 3927 et
1025 3859 1099 3949 ipse
1113 3861 1264 3951 optarim
1314 3874 1355 3931 ut
1378 3860 1464 3929 olim
1490 3863 1734 3950 magnitudine
1757 3887 1875 3933 rerum
1897 3877 2070 3953 gestarum
2085 3863 2223 3947 floruit,
2249 3865 2302 3934 ita

275 3963 400 4051 colligi
422 3984 498 4037 eam
521 3960 664 4029 uberius
686 3958 731 4028 ab
754 3957 852 4044 aliis,
884 3958 946 4052 qui
971 3963 1065 4051 apud
1087 3983 1146 4029 eos
1168 3961 1264 4031 vixe—
1316 3985 1413 4031 nunc
1429 3986 1570 4055 quoquc
1590 3964 1703 4053 gignit
1722 3966 1861 4053 ingenia
1885 3987 2102 4058 nequaquam
2129 3964 2303 4054 vulgaria,

274 4079 380 4149 runt,
406 4056 664 4155 quiPmdolphi
675 4060 783 4127 vitam
800 4073 834 4129 et
850 4061 965 4129 studia
980 4063 1107 4131 melius
1121 4075 1266 4136 norunt.
1317 4065 1377 4132 scd
1392 4087 1473 4133 cum
1488 4067 1530 4134 ad
1542 4064 1680 4152 literas,
1699 4080 1774 4138 turn
1791 4070 1835 4136 ad
1851 4066 2139 4156 gubernationem
2154 4087 2305 4154 magua-

277 4164 352 4237 Nos
377 4186 487 4254 pauca
512 4159 735 4248 collegimus,
765 4172 903 4249 sumpta
928 4163 1057 4251 partim
1085 4188 1127 4232 ex
1155 4165 1265 4256 ipsius
1316 4188 1395 4235 rum
1406 4190 1524 4235 rerum
1538 4167 1682 4252 idonea,
1707 4182 1741 4237 et
1754 4181 1794 4237 ut
1809 4163 1898 4236 mihi
1912 4169 2070 4253 videtur,
2094 4190 2169 4235 nou
2184 4167 2301 4238 solum

278 4265 436 4354 scriptis,
468 4260 596 4351 partim
621 4260 664 4326 ab
689 4258 731 4326 iis
752 4259 816 4350 qui
837 4262 1074 4333 meminerunt
1088 4287 1266 4335 sermones
1317 4267 1449 4355 sagacia
1464 4281 1497 4336 et
1512 4291 1616 4352 sana,
1637 4270 1696 4337 sed
1712 4268 1817 4337 etiam
1827 4269 2044 4359 ingenuitate
2059 4284 2094 4340 et
2107 4268 2218 4339 animi
2233 4271 2305 4339 cel·

277 4388 423 4445 sermm,
458 4360 587 4453 quibus
609 4359 646 4426 in
662 4355 853 4428 Academia
868 4357 1169 4451 Heydelbergensi
1185 4389 1266 4435 cum
1317 4367 1472 4437 situdine
1485 4368 1655 4458 singulari
1671 4370 1844 4457 praedita:
1876 4372 1956 4456 sed,
1980 4386 2022 4443 ut
2044 4371 2138 4451 diui,
2163 4367 2305 4441 Rodol-

276 4457 470 4555 Ilodolpho
503 4458 724 4528 familiaritas
748 4458 826 4527 tuit.
889 4456 961 4529 Nec
988 4460 1128 4532 institui
1159 4488 1267 4535 enco·
1317 4465 1381 4559 phi
1398 4470 1578 4558 ingenium
1599 4494 1639 4539 ex
1656 4471 1795 4559 scriptis
1809 4472 1988 4543 aestimari
2008 4487 2135 4566 potest.
2186 4470 2304 4543 Lova-

279 4569 407 4650 mium;
457 4582 539 4631 nam
573 4583 652 4629 cum
687 4560 865 4648 ingentem
891 4559 1039 4649 gloriam
1065 4563 1265 4656 eloquentia
1316 4570 1369 4637 nii
1385 4571 1492 4640 audio
1508 4570 1809 4663 eumtyrociuium
1825 4575 1982 4666 primum
1995 4575 2220 4667 deposuisse,
2239 4574 2305 4645 ubi

278 4692 340 4738 sna
361 4682 567 4737 consecutus
591 4663 656 4748 sit,
687 4684 777 4754 quae
801 4684 840 4730 ex
859 4661 998 4754 scriptis
1016 4663 1092 4733 eius
1116 4665 1265 4737 iudicari
1316 4693 1395 4738 cum
1424 4668 1611 4741 Gallorum
1633 4688 1811 4763 appeteret
1838 4676 2132 4762 familiaritatem,
2164 4699 2226 4746 seu
2248 4677 2308 4746 vi-

278 4774 410 4863 potest‚
433 4767 486 4836 nil
508 4766 540 4835 ei
555 4788 645 4855 opus
661 4777 712 4832 est
733 4762 953 4848 laudatione,
979 4765 1180 4856 praesertim
1199 4762 1266 4838 ho-
1316 4782 1394 4841 taus
1423 4784 1625 4842 nostrorum
1661 4777 1984 4861 commessationes,
2021 4802 2086 4851 seu
2118 4779 2215 4872 quod
2249 4778 2308 4849 illi

277 4872 385 4940 minis
406 4866 578 4939 indiserti.
629 4864 787 4935 Tantum
805 4859 1007 4935 historicam
1025 4868 1265 4940 narrationem
1316 4884 1431 4942 essent
1451 4873 1678 4962 eruditiores,
1710 4879 1829 4950 statim
1851 4879 1944 4949 iuter
1964 4880 2047 4950 illos
2063 4880 2168 4950 simul
2185 4876 2308 4950 Galli-

278 4987 376 5051 texo,
403 4972 441 5041 in
456 4994 524 5064 qua
539 4992 577 5037 ea
595 4993 684 5061 quae
701 4966 896 5037 sciscitatus
915 4988 994 5036 sum
1008 4970 1052 5037 de
1071 4971 1162 5055 vita,
1186 4996 1265 5042 mo-
1316 4997 1391 5044 cam
1410 4974 1567 5063 linguam
1584 4978 1720 5050 didicit.
1757 4979 1800 5050 lu
1816 4979 2011 5053 dialecticis
2028 4976 2307 5072 etPhilosophia

278 5075 377 5145 ribus
419 5086 454 5141 et
489 5070 719 5159 opinionibus
750 5068 844 5150 eius,
894 5092 976 5138 vere
1008 5093 1187 5153 recenseo,
1230 5087 1265 5144 et
1315 5099 1395 5144 cum
1411 5077 1621 5168 percepisset
1637 5081 1796 5150 celeriter
1817 5081 1897 5167 illa,
1928 5107 2016 5177 quae
2031 5084 2069 5152 iu
2083 5080 2215 5154 scholis
2230 5097 2308 5155 tra-

277 5188 380 5245 testes
397 5170 619 5263 gravissimos
634 5170 760 5239 citabo.
810 5168 923 5240 Porro
941 5163 1026 5240 haec
1050 5196 1265 5246 commemo·
1315 5177 1511 5259 debentur,
1548 5180 1622 5269 ipse
1645 5182 1764 5251 animo
1787 5182 1934 5254 meliora
1957 5184 2137 5278 requirere
2157 5186 2307 5270 solebat,

277 5277 368 5347 ratio
400 5273 600 5345 studiorum
631 5285 736 5363 atque
768 5271 1001 5361 opinionum,
1044 5296 1119 5342 uon
1144 5276 1264 5348 minus
1313 5300 1419 5370 seque
1442 5279 1480 5348 in
1502 5279 1906 5372 bibliothecasabdeus,
1935 5310 1998 5357 suo
2017 5288 2164 5358 consilio
2186 5286 2307 5356 bonos

277 5377 443 5450 conducit
475 5372 662 5458 studiosis,
701 5395 807 5464 quam
836 5373 1066 5446 bellatoribus
1095 5389 1263 5468 stratage-
1312 5383 1499 5472 scriptores
1521 5383 1671 5475 legebat;
1697 5387 1810 5459 multa
1826 5387 1972 5458 iuterim
1994 5413 2074 5460 cum
2091 5389 2305 5483 prudentio-

262 868 370 938 Decet
385 865 494 953 igitur
502 888 567 934 nos
580 859 677 932 hunc
693 864 955 954 promotionum
971 887 1121 943 morem,
1145 886 1250 954 quern

264 970 429 1060 prodesse
454 968 499 1035 ad
525 965 686 1034 ordinem
703 965 860 1034 discendi
886 966 1140 1056 comperimus,
1166 987 1252 1033 con·

264 1092 414 1142 servare.
