4732 6030
131 269 206 345 453
736 266 894 345 DECL
931 265 1005 343 DE
1038 261 1183 341 VITA
1215 261 1561 341 AUGUSTlNl.
2089 271 2166 351 454

130 437 293 537 Utraque
319 454 392 511 arte
415 462 504 531 opus
526 453 576 511 est
603 465 633 510 er
649 464 745 527 viro
771 445 832 536 qui
849 457 984 535 praeest
1000 437 1122 512 Eccle
1144 453 1151 577 p
1275 434 1436 508 Ornatus
1450 434 1727 528 estAugustinus
1741 440 1920 515 miraculis
1936 445 2158 541 quibusdam

130 546 221 629 siae,
247 556 286 612 ut
311 544 355 610 sit
377 544 420 610 ad
442 545 640 612 docendum
655 542 822 625 rdoneus
848 570 888 614 ac
908 544 1093 637 prudens
1082 568 1121 612 ιιι
1170 541 1304 632 expulit
1329 540 1543 620 Daemones,
1574 553 1608 608 et
1631 543 1801 632 quosdam
1823 560 1984 635 aegrotos
2008 552 2157 629 sanavit.

129 643 328 714 iudicandis
351 645 520 732 negociis,
553 645 592 714 in
615 647 780 716 cavendis
795 647 934 715 rnsrdns
954 651 1119 715 adversa·
1168 640 1239 711 Sed
1264 637 1349 712 haec
1372 655 1455 711 sunt
1475 641 1579 730 longe
1594 645 1847 732 praestantiora
1865 646 2051 736 miracula,
2075 676 2156 723 suc·
2224 726 2227 732 ,

128 746 282 828 ιῐοιιιιιι,
308 767 346 812 m
363 748 495 815 tuenda
511 746 768 840 tranqurllrtate
785 743 973 820 Ecclesiae.
1023 745 1119 816 Haec
1169 766 1284 813 cessus
1305 743 1343 810 in
1364 743 1636 832 gubernatione,
1669 758 1702 814 et
1722 739 1805 814 baec
1827 747 1951 817 rudicu
1967 753 2152 834 rectitudo,

129 870 207 915 cum
237 846 450 936 praestiterit
478 847 714 937 Augustinus,
753 850 856 919 lateri
888 871 1027 918 necesse
1057 863 1119 932 est,
1168 858 1200 914 et
1215 844 1296 914 fidei
1311 844 1522 929 constantia,
1549 846 1643 936 quod
1658 846 1747 917 vidit
1762 845 1863 916 Pauli
1880 851 2089 921 sententiam
2109 856 2153 925 de

128 947 217 1016 hene
246 949 412 1017 meritum
447 969 520 1026 esse
550 951 595 1018 de
624 945 780 1019 Ecclesia
808 946 959 1037 Christi3
998 952 1117 1020 lucent
1166 946 1258 1033 lege,
1285 948 1329 1014 de
1354 961 1511 1036 peccato,
1538 948 1582 1015 de
1602 946 1739 1016 iusticia
1757 949 1855 1035 fidei,
1879 963 1913 1020 et
1926 973 2054 1040 magno
2072 955 2153 1024 ani-

128 1047 221 1117 enim
246 1050 321 1117 eius
342 1050 446 1133 fides,
479 1051 696 1134 constantia,
730 1052 935 1143 prudentia,
966 1051 1116 1140 vigilan·
1166 1047 1216 1113 mi
1237 1048 1365 1116 robore
1394 1062 1515 1116 contra
1538 1061 1693 1137 receptas
1714 1051 1958 1139 persuasiones
1983 1052 2153 1131 defendit.

128 1149 195 1234 tia,
229 1149 266 1217 in
301 1150 373 1218 illis
405 1150 619 1222 turbulentis
640 1154 796 1239 negociis
825 1153 1010 1238 omnibus,
1041 1153 1116 1222 eius
1167 1145 1282 1217 Tanta
1301 1148 1414 1218 fuerat
1438 1149 1567 1236 caligo,
1590 1160 1630 1217 ut
1644 1172 1709 1218 nec
1723 1152 1897 1222 sermonis
1915 1175 2026 1242 genus
2040 1155 2152 1227 insa·
2201 1241 2204 1248 1

127 1250 308 1342 temporis.
1165 1248 1232 1316 cris
1261 1249 1375 1318 literis
1408 1249 1673 1338 intelligeretur.
1740 1249 1836 1320 Haec
1866 1253 1942 1344 ipsa
1968 1257 2151 1343 vocabula,

227 1350 296 1420 Sed
313 1353 439 1424 incidit
454 1366 537 1423 tunc
553 1356 725 1446 quaedam
750 1378 871 1442 causa,
896 1355 1018 1448 inqua
1038 1377 1115 1422 ma·
1164 1373 1254 1442 quae
1271 1363 1354 1421 sunt
1368 1349 1555 1441 praecipua
1578 1349 1616 1417 in
1633 1344 1808 1437 Ecclesia,
1834 1377 1922 1445 quaa
1938 1377 1993 1424 res
2007 1360 2151 1448 proprie

124 1452 217 1521 xime
242 1453 371 1522 eminet
394 1454 468 1522 eius
484 1455 637 1526 eruditio
656 1457 867 1548 spiritualis,
893 1470 928 1527 et
942 1458 986 1525 ad
1006 1479 1113 1549 quam
1163 1451 1416 1539 significarent,
1460 1451 1706 1540 ignorabatur,
1758 1451 1851 1537 Lex,
1898 1451 2151 1547 Evangelium‚

124 1553 260 1646 reliqua
292 1555 480 1625 certamina
503 1556 671 1628 videntur
698 1559 797 1651 quasi
819 1559 990 1651 quaedam
1012 1557 1114 1627 rudi·
1163 1565 1363 1641 peccatum,
1398 1553 1528 1641 gratia,
1566 1551 1668 1636 fides,
1697 1551 1817 1639 litera,
1851 1555 2006 1644 spiritus.
2072 1557 2151 1631 Hae
2262 1604 2265 1611 ·

125 1668 243 1744 menta
273 1655 392 1725 fuisse.
450 1654 495 1724 ln
524 1653 589 1727 hac
618 1661 791 1749 peculiare
815 1659 1024 1729 beneficium
1046 1655 1112 1727 Dei
1162 1665 1279 1723 tantae
1309 1653 1475 1724 tenebrae
1508 1605 1674 1745 depulsae
1699 1667 1783 1724 sunt
1809 1652 2031 1744 Augustini
2032 1684 2150 1751 opera,

124 1754 355 1845 conspicitur,
381 1759 475 1850 quod
490 1782 555 1848 per
574 1757 811 1849 Augustinum
827 1758 922 1830 Deus
936 1756 1113 1829 Ecclesiae
1163 1753 1225 1844 qui
1247 1755 1391 1846 quidem
1415 1755 1493 1824 illas
1514 1765 1629 1823 tantas
1649 1777 1705 1824 res
1726 1758 1922 1859 perspicere
1944 1759 2150 1833 etiudicare

125 1856 306 1946 praestitit.
360 1855 444 1928 Fuit
457 1882 630 1951 qurspram
643 1861 823 1952 Pelagius,
849 1855 1112 1950 Philosophiae,
1163 1878 1236 1923 non
1246 1855 1435 1944 potuisset
1461 1878 1531 1924 msr
1546 1854 1706 1924 exercitia
1721 1848 1919 1947 peculrarla
1927 1860 2071 1949 spiritus
2088 1864 2151 1932 de-

124 1970 165 2026 ut
180 1956 345 2044 arbitror
360 1960 538 2028 studiosus
540 1986 624 2053 qm
614 1957 1113 2031 dumaccommodareChrr
1162 1967 1340 2043 gustasset.
1391 1952 1482 2026 Cum
1498 1968 1613 2026 autem
1631 1958 1781 2026 maxime
1799 1981 1888 2050 opus
1903 1960 1948 2030 sit
1962 1957 2151 2051 Ecclesiae,

124 2058 272 2126 stiauam
316 2060 515 2127 doctrinam
555 2064 598 2128 ad
633 2057 902 2154 Philosophiam
945 2073 1112 2146 conatur,
1162 2078 1244 2125 vera
1278 2056 1423 2126 illorum
1456 2057 1616 2126 locorum
1652 2059 1902 2150 explicatione,
1951 2064 2050 2132 decet
2082 2088 2149 2134 nos

123 2170 236 2226 astute
261 2160 418 2250 corrupit
451 2161 544 2249 piam
573 2162 784 2236 doctrinam.
842 2159 973 2232 Docuit
1000 2163 1110 2250 legem
1161 2179 1284 2226 omnes
1310 2180 1498 2247 agnoscere
1522 2155 1590 2227 Dei
1623 2157 1851 2246 beneficium,
1886 2162 1986 2233 cuius
2013 2166 2148 2236 donum

120 2258 189 2328 Dei
221 2281 322 2348 posse
340 2261 511 2350 impleri:
549 2263 697 2349 gratiam
730 2261 936 2351 Evangelii,
972 2275 1109 2332 tantum
1161 2259 1252 2338 erat,
1287 2259 1469 2329 doctrinae
1488 2259 1684 2329 renovatio.
1746 2257 1905 2333 Debetur
1927 2277 1963 2334 et
1981 2265 2049 2357 ipsi
2072 2263 2149 2338 Au-

122 2382 195 2428 esse
211 2357 297 2447 legis
312 2362 565 2450 cognitionem:
591 2376 751 2433 naturam
768 2358 924 2432 bominis
937 2364 1109 2452 integram
1159 2360 1301 2447 gustino
1326 2361 1454 2449 gratia,
1485 2361 1548 2454 qui
1569 2359 1682 2431 literis
1702 2364 1885 2435 mandavit
1902 2389 2018 2435 veram
2038 2368 2149 2438 inter-

123 2483 194 2531 esse
211 2483 250 2527 ac
267 2461 345 2528 sine
363 2476 518 2552 peccato:
545 2458 708 2533 homines
725 2464 835 2533 iustos
850 2479 883 2534 et
898 2467 1019 2534 beatos
1037 2486 1109 2533 esse
1159 2461 1392 2551 pretationem
1411 2474 1451 2531 ut
1471 2462 1708 2552 posteritatem
1729 2464 1946 2534 admoneret.
2006 2466 2089 2536 Diri
2105 2471 2150 2538 de

122 2561 206 2650 legis
228 2561 452 2652 impletione,
489 2577 524 2634 et
541 2558 607 2633 hac
625 2566 751 2635 mereri
769 2566 1012 2635 remissionem
1028 2590 1108 2658 pec·
1159 2561 1347 2652 praecipuo
1372 2558 1565 2652 Augustini
1591 2560 1739 2648 merito,
1778 2566 1837 2631 sed
1869 2564 2013 2634 brevius
2041 2592 2149 2659 quam

122 2675 289 2733 catorum.
340 2662 454 2750 llaec,
481 2666 564 2758 quia
577 2667 765 2736 videbatur
778 2664 1012 2756 Evangelium
1026 2668 1109 2758 pul·
1159 2661 1366 2750 magnitudo
1387 2663 1438 2732 rei
1464 2658 1676 2754 postulabat.
1738 2661 1848 2751 Quod
1871 2677 1988 2735 autem
2012 2667 2050 2734 in
2076 2681 2148 2738 tam

121 2758 203 2833 chre
228 2786 420 2852 congruere
441 2791 521 2836 cum
544 2762 776 2859 Philosophia
794 2783 827 2838 et
849 2770 982 2838 iudicio
1000 2770 1108 2837 ratio·
1159 2763 1363 2832 difficilibus
1399 2763 1699 2854 disputationibus
1737 2763 1915 2836 interdum
1954 2766 2149 2859 improprie

120 2864 192 2948 nis,
225 2888 354 2954 magno
387 2892 465 2936 cum
495 2867 622 2957 plausu
649 2868 913 2958 excipiebantur
934 2871 971 2935 in
997 2867 1108 2954 ltalia,
1158 2876 1220 2934 aut
1254 2865 1478 2935 incommode
1517 2865 1694 2958 loquitur,
1734 2867 1837 2936 venia
1868 2868 1900 2936 ei
1931 2869 2046 2938 danda
2079 2884 2147 2941 est:

121 2963 239 3034 Gallia
258 2981 292 3036 et
308 2965 439 3034 Africa.
473 2965 685 3034 Posidonius
701 2983 834 3052 narrat
861 2964 1107 3038 Innocentium
1159 2965 1377 3057 Temporum
1406 2967 1471 3036 ista
1495 2979 1606 3035 erant.
1662 2963 1752 3034 Nam
1775 2979 1868 3036 aetas
1887 2969 1949 3037 illa
1971 2972 2082 3060 magis
2102 2975 2148 3040 ad

117 3064 321 3138 Romanum
347 3062 596 3153 Episcopum
586 3065 690 3134 mitio
720 3067 824 3136 etiam
846 3090 919 3134 non
943 3068 1107 3160 iniquum
1158 3066 1439 3134 declamatoriam
1461 3066 1633 3136 rationem
1652 3066 1813 3152 dicendi,
1845 3093 1951 3162 quam
1975 3072 2019 3139 ad
2044 3095 2147 3142 accu-

117 3169 225 3236 fuisse
248 3163 402 3250 Pelagio.
462 3163 555 3234 Sunt
586 3167 680 3234 enim
713 3192 753 3236 ex
776 3191 816 3236 eo
842 3191 986 3256 genere,
1019 3193 1108 3261 quae
1157 3178 1250 3234 ratas
1265 3167 1521 3257 disputationes
1537 3168 1725 3237 assuefacta
1747 3183 1839 3253 erat,
1864 3184 1898 3239 et
1913 3169 2056 3240 difficile
2071 3186 2146 3243 erat

119 3276 222 3333 vocat
243 3262 375 3332 Paulus
394 3260 558 3349 πιθανὰ,
590 3290 679 3357 quae
702 3269 939 3360 blandiuntur
965 3270 1107 3342 rationi.
1158 3267 1319 3336 errantis
1343 3269 1497 3337 tenebris
1519 3268 1683 3339 materias
1698 3267 1779 3338 rllas
1801 3270 1973 3342 evolvere.
2024 3269 2147 3343 Rebus
2235 3283 2239 3288 '

120 3365 189 3436 Sed
214 3388 306 3433 unus
329 3363 546 3452 Augustinus
569 3390 643 3434 non
666 3371 780 3439 solum
805 3353 896 3439 vidit
918 3371 1004 3462 qurd
1020 3384 1107 3441 esset
1157 3389 1241 3436 vero
1256 3362 1352 3436 haud
1369 3368 1476 3437 dubie
1491 3391 1635 3459 prorsus
1655 3370 1836 3458 congruit,
1863 3395 1942 3439 cum
1960 3373 2147 3458 sententia,

118 3466 222 3548 mali,
254 3466 442 3534 sedetiam
467 3489 594 3556 magno
619 3471 736 3540 studio
769 3471 920 3540 refutare
951 3495 1105 3540 errorem
1157 3492 1248 3563 quae
1264 3465 1332 3537 Der
1344 3468 1512 3539 beneficio
1533 3491 1656 3539 rursus
1678 3469 1825 3539 illuxit
1813 3495 1852 3540 ιιι
1869 3466 1935 3539 bac
1950 3466 2087 3558 schola
2113 3489 2148 3544 et

119 3566 244 3656 coepit.
295 3563 419 3654 Coegit
435 3564 618 3660 Synodos,
649 3571 760 3638 edidit
784 3570 936 3660 plurima
965 3574 1106 3660 scripta,
1158 3571 1343 3662 quidem
1332 3593 1408 3659 rpso
1436 3582 1668 3641 monstrante.
1728 3565 1868 3641 Omitto
1897 3596 2003 3663 quam
2037 3575 2147 3645 multa

119 3666 302 3760 inquibus
318 3691 406 3757 pene
423 3667 594 3757 sepultam
611 3670 807 3739 doctrinam
823 3673 866 3738 de
880 3668 1107 3760 gratiaChri·
1157 3672 1351 3761 prudenter
1370 3685 1404 3740 et
1418 3672 1539 3740 dextre
1556 3670 1776 3760 responderit
1793 3672 1836 3739 de
1851 3673 1959 3741 variis
1975 3675 2146 3763 negociis:

120 3770 165 3839 sti
180 3769 384 3848 renovavit,
419 3792 458 3835 ac
472 3770 627 3839 restituit
641 3771 738 3839 illam
755 3772 965 3860 peculiarem
984 3768 1108 3840 Eecle-
1156 3765 1403 3859 Reprehendit
1431 3770 1687 3860 superstiliosas
1711 3770 1896 3859 opiniones
1916 3774 1961 3840 de
1985 3776 2147 3843 traditio-

121 3871 190 3939 siae
207 3869 430 3960 sapientiam,
453 3871 497 3938 de
516 3870 652 3940 iusticia
666 3871 766 3954 fidei,
792 3872 947 3961 ignotam
962 3867 1107 3947 mundo.
1157 3872 1264 3940 nibus
1292 3864 1474 3953 humanis,
1515 3882 1636 3939 mouet
1666 3892 1739 3937 nou
1767 3892 1839 3937 esse
1863 3871 1978 3938 cultus
2001 3871 2084 3954 Dei,
2113 3887 2147 3944 et

120 3967 174 4042 De
202 3984 344 4062 peccato
369 3969 518 4058 originis
540 3972 667 4041 clarius
693 3973 849 4062 scripsit,
870 3982 994 4066 'quam
1026 3987 1107 4043 ante
1157 3972 1234 4039 sine
1255 3981 1395 4058 peccato
1420 3969 1535 4038 omitti
1557 3990 1669 4058 posse.
1727 3965 1885 4058 Apparet
1906 3984 2148 4065 tuncquoque

119 4073 235 4163 ipsum
252 4073 438 4162 scriptores
451 4095 584 4142 omnes.
637 4069 811 4162 Origenes
831 4074 1010 4143 invexerat
1027 4097 1107 4162 per·
1158 4070 1337 4138 dubitasse
1353 4068 1502 4153 multos,
1528 4067 1612 4160 quid
1632 4069 1677 4136 de
1692 4067 1818 4138 militia
1842 4085 1875 4140 et
1890 4071 2054 4142 civilibus
2069 4075 2148 4142 offi-

121 4173 273 4243 niciosas
287 4173 594 4263 interpretationes
610 4174 648 4242 in
666 4170 860 4243 Ecclesiam
876 4177 920 4243 de
934 4175 1026 4262 lege:
1052 4171 1107 4242 Ex
1158 4170 1221 4240 ciis
1245 4168 1468 4238 sentiendum
1487 4183 1593 4255 esset3
1627 4169 1861 4259 interrogatus
1892 4171 2000 4262 igitur
2022 4174 2147 4264 Augu·

122 4276 197 4362 lege
215 4295 288 4339 non
305 4273 550 4344 iustificabitur
563 4275 681 4345 omnis
697 4300 792 4360 caro,
813 4275 850 4344 id
868 4289 930 4358 est,
955 4299 994 4343 ex
1012 4299 1108 4344 cere·
1159 4272 1273 4343 stinus
1288 4284 1381 4341 recte
1397 4283 1431 4339 et
1447 4272 1567 4341 dextre
1581 4271 1774 4360 respondit.

123 4373 265 4445 moniis.
319 4370 424 4445 Item:
457 4375 576 4461 litera,
600 4377 636 4446 id
657 4389 725 4461 est,
749 4370 916 4446 historica
935 4377 1108 4467 interpre·
1259 4370 1439 4443 Hactenus
1459 4386 1595 4444 tantum
1620 4384 1660 4440 ut
1681 4370 1869 4441 Ductorem
1892 4372 2054 4456 laudavi,
2080 4378 2146 4446 etsi

121 4474 228 4558 tatio,
260 4473 403 4562 occidit3
434 4474 609 4565 Spiritus,
641 4477 679 4548 id
694 4491 760 4562 est,
784 4478 949 4568 allegoria
969 4481 1013 4547 de
1030 4503 1109 4547 mo·
1158 4471 1245 4545 baec
1260 4473 1402 4568 quidem
1427 4474 1613 4564 praecipua
1628 4469 1797 4564 Episcopi
1817 4472 1895 4542 laus
1912 4488 1982 4560 est,
2008 4498 2083 4546 non
2103 4479 2147 4547 de

122 4577 244 4659 ribus,
263 4575 427 4646 vivificat.
460 4573 536 4644 Hos
552 4577 670 4668 lapsus
686 4574 952 4670 Origenistunc
969 4602 1110 4673 quoque
1160 4576 1304 4647 caeteris
1318 4575 1508 4646 virtutibus
1525 4575 1619 4654 dixi,
1646 4575 1790 4667 quaein
1810 4575 2064 4664 gubernatione
2083 4602 2154 4648 nc-

124 4699 292 4766 magnum
331 4677 528 4768 periculum
568 4694 644 4751 erat
688 4676 960 4772 reprehendere:
1010 4694 1111 4751 erant
1161 4678 1328 4749 cessariae
1350 4689 1449 4757 sunt,
1482 4677 1642 4744 nondum
1666 4677 1709 4743 de
1732 4675 1879 4764 privatis
1899 4679 2076 4748 moribus:
2101 4682 2146 4750 de

124 4779 221 4852 enim
255 4772 320 4847 hae
352 4777 661 4870 interpretationes
692 4783 819 4871 passim
853 4795 1028 4874 receptae,
1076 4793 1111 4851 et
1160 4781 1318 4872 utrisque
1335 4776 1539 4845 brevissime
1554 4775 1681 4848 dicam.
1720 4772 1761 4842 ln
1775 4775 2029 4865 gubernatione
2044 4804 2148 4871 prac-

125 4880 304 4950 mordicus
335 4879 554 4951 tenebantur.
619 4877 739 4970 Quare
773 4883 878 4974 plane
912 4879 1110 4975 prophetici
1161 4881 1263 4970 cipua
1279 4879 1355 4947 laus
1370 4892 1421 4949 est
1442 4876 1616 4962 iusticias,
1639 4899 1730 4968 quae
1750 4877 1805 4945 vel
1831 4878 2015 4951 severitate
2035 4881 2149 4952 utitur

125 4981 270 5073 spiritus
291 4980 377 5065 luit,
410 5003 521 5049 unum
544 4979 661 5051 virum
689 4995 724 5052 et
745 4983 866 5054 videre
883 4979 948 5055 bos
964 5006 1111 5063 errores,
1162 5004 1242 5051 cum
1264 5001 1368 5050 causa
1391 4979 1562 5070 postulat,
1595 4976 1651 5045 vel
1681 4977 1844 5061 lenitate,
1875 5003 1956 5050 cum
1987 4974 2073 5051 haec
2097 4996 2149 5054 est

126 5095 161 5152 et
175 5080 286 5152 Paulo
306 5083 452 5152 reddere
468 5082 656 5169 genuinam
673 5085 903 5170 sententiam,
928 5098 963 5157 et
985 5088 1113 5156 audere
1161 5081 1295 5153 utilior.
1345 5075 1424 5151 Etsi
1439 5093 1553 5150 autem
1569 5072 1662 5147 nihil
1677 5077 1773 5147 fuit
1762 5102 1802 5146 ιιι
1816 5031 2006 5170 Augustini
2023 5096 2151 5154 natura

126 5182 311 5252 aiudiciis
332 5182 553 5274 superiorum
577 5185 777 5255 dissentire.
804 5186 894 5256 sicut
913 5186 1110 5277 plurimi
1079 5210 1113 5255 er
1163 5181 1407 5277 tyrannicum,
1438 5193 1556 5251 tamen
1578 5180 1627 5249 ita
1651 5178 1743 5248 lenis
1763 5179 1850 5261 fuit,
1884 5196 2020 5254 utnon
2044 5184 2151 5253 nimis

126 5284 351 5371 obiecerunt,
374 5308 438 5353 cur
450 5307 545 5353 unus
553 5286 697 5357 auderet
709 5286 877 5375 refragari
890 5289 1112 5378 superiorum
1164 5296 1254 5355 esset
1275 5282 1464 5373 indulgens
1486 5295 1549 5354 aut
1568 5281 1700 5365 lentus,
1734 5293 1775 5351 ut
1800 5283 1882 5352 satis
1901 5284 2121 5354 declaravit
2110 5306 2150 5350 m

129 5386 330 5473 sententiis,
354 5407 482 5476 magno
498 5407 670 5458 consensu
690 5387 916 5458 confirmatis.
1164 5383 1286 5457 multis
1309 5384 1433 5458 causis
1424 5334 1757 5560 '299³lmffl‘ii'u'
1779 5407 1841 5476 qur
1830 5383 2047 5456 seditiose·
2035 5406 2151 5475 impe·
