4732 6030
212 326 288 431 tos
706 318 863 402 onon
912 319 991 398 nu
1021 315 1732 401 rnaurarmnounauu.
2167 333 2256 412 404

217 503 371 574 insertae
386 513 488 584 sunt,
518 512 557 569 ut
574 495 721 566 velutin
742 496 872 567 illustri
889 510 923 568 et
940 497 1123 590 perspicuo
1140 521 1206 587 po-
1258 496 1320 580 cis,
1341 506 1381 564 ut
1395 493 1535 583 ingenia
1552 492 1712 563 liberalia
1728 505 1762 562 et
1778 488 1970 586 συζητικὰ,
1994 521 2074 572 eum
2090 511 2265 599 quadam,

219 607 306 678 sitae
320 607 415 687 loco,
441 602 484 668 ad
502 621 642 667 omnem
666 600 879 689 posteritatis
894 601 1102 670 memoriam
1123 599 1208 669 reti·
1258 612 1298 668 ut
1312 597 1360 667 ait
1374 590 1607 677 Plutarchus,
1631 589 1813 691 ἒῦμθυσίᾳ
1833 599 2075 682 emdi‘ffllm·

223 710 319 791 neri,
346 720 378 774 et
403 726 481 772 cum
505 699 740 772 admiratione
757 703 903 791 spectari
925 715 1078 792 possent.
1128 699 1210 770 Ple·
1361 697 1484 791 Neque
1501 694 1544 769 τὸ
1560 693 1710 789 thssds‘,
1727 693 1796 768 ¹¹⁰⁰
1814 713 1878 783 ⁰⁸⁸⁹
1903 719 2070 779 venum·
2085 724 2120 781 ⁶²
2141 715 2265 782 suavi·

163 826 166 832 ·
224 832 312 881 num
331 818 383 873 est
405 808 529 893 poema
552 801 702 873 Homeri
726 804 857 874 talibus
884 804 1088 885 sententiis,
1121 821 1211 894 quae
1262 817 1314 874 tas
1331 825 1491 884 morum,
1516 800 1648 887 ingenii
1668 801 1764 891 quod
1781 803 1979 875 moderatio
1996 831 2037 880 ac
2054 805 2266 886 humanitas

157 909 163 919 ’
226 910 321 979 velut
338 907 478 997 pondus
496 919 529 973 et
553 906 775 975 autoritatem
798 909 913 996 legum
931 902 1080 987 hahent,
1105 930 1214 998 quae-
1264 905 1337 976 ullo
1358 903 1395 970 in
1413 902 1543 992 scripto
1559 903 1607 971 ita
1624 924 1783 992 expressa
1799 919 1870 990 est,
1894 921 1935 976 ut
1953 907 1993 977 in
2007 908 2157 984 Homeri
2176 925 2267 1008 pod-

227 1032 296 1104 que
316 1007 442 1079 merito
459 1021 498 1076 ut
520 1008 662 1076 oracula
683 1021 745 1076 aut
760 1008 880 1078 divina
899 1030 1069 1101 responsa
1094 1010 1216 1097 singu·
1265 1019 1367 1074 mate·
1420 1002 1664 1095 Quapropter,
1689 1005 1720 1073 Sl
1735 1029 1858 1075 verum
1878 1022 1930 1079 0st
1951 1015 2046 1105 (iuml
2066 1016 2138 1085 (lici
2164 1019 2270 1104 ⁵⁰l⁰l2

228 1110 297 1182 lari
322 1133 401 1179 cum
424 1109 597 1198 religione
613 1109 813 1195 observari,
837 1111 1099 1203 memoriaeque
1116 1134 1216 1179 man·
1267 1105 1384 1177 studia
1403 1106 1500 1173 abire
1516 1105 1555 1173 in
1569 1127 1702 1191 mores,
1728 1106 1779 1175 ira
1796 1123 1838 1180 ut
1852 1134 1975 1181 verum
1993 1129 2065 1202 est,
2089 1117 2168 1188 fieri
2191 1144 2268 1189 non

230 1214 319 1297 dari,
339 1227 373 1283 et
388 1235 524 1300 semper
539 1211 585 1279 ob
601 1211 721 1281 oculos
736 1207 860 1281 haberi
876 1214 1062 1283 debebant.
1092 1210 1218 1300 Quod·
1270 1221 1394 1302 potest,
1420 1207 1508 1299 quin
1521 1201 1771 1278 humanissimi
1786 1224 1822 1281 et
1836 1212 2032 1285 dulcissimi
2048 1216 2178 1290 Poetae
2191 1236 2266 1292 tra-

231 1339 301 1411 que
329 1315 373 1382 de
395 1309 569 1403 Euripide
591 1309 716 1381 Cicero
746 1315 854 1384 dixit:
894 1313 941 1386 Se
963 1315 1120 1403 singulos
1145 1313 1220 1383 cius
1270 1310 1444 1394 statione,
1469 1309 1612 1398 ingenia
1630 1333 1772 1402 quoque
1795 1313 2000 1403 mitescant,
2025 1318 2267 1414 fiantquehu-

151 1417 153 1423 ’
232 1437 365 1499 versus,
390 1415 528 1504 singula
545 1414 893 1506 testimoniaputare,
919 1417 955 1486 id
973 1417 1086 1486 multo
1102 1415 1221 1486 verius
1271 1412 1434 1482 maniora
1452 1422 1486 1480 et
1501 1409 1613 1500 magis
1636 1411 1786 1502 placida.
1838 1411 1916 1485 Hoc
1931 1421 2036 1489 credo
2057 1422 2125 1491 viri
2147 1424 2267 1514 magni

234 1522 279 1590 de
293 1516 449 1588 Homero
463 1517 533 1586 dici
549 1540 649 1608 posse
663 1517 818 1603 videtur,
843 1544 922 1588 cum
938 1516 1143 1609 Euripides,
1166 1541 1223 1587 re-
1274 1528 1307 1584 et
1321 1512 1579 1605 praestantibus
1595 1511 1747 1602 ingeniis
1770 1516 1922 1606 praediti
1938 1521 2271 1611 animadvertentes,

233 1620 394 1714 liquique
410 1617 553 1702 Poe'tae,
580 1619 676 1688 velut
689 1618 799 1691 rivuli
815 1644 855 1689 erc
872 1619 1040 1706 Homero,
1065 1645 1128 1690 ceu
1143 1644 1222 1711 per-

233 1723 320 1793 enni
336 1722 433 1791 fonte
450 1720 653 1793 scaturiant.

216 1882 224 1891 ’
339 1885 550 1955 Traduntur
581 1885 619 1955 in
653 1909 725 1956 una
758 1886 915 1980 qualibet
942 1902 1017 1959 arte
1050 1884 1226 1978 principia

236 1990 429 2085 quaedam,
456 2002 488 2057 et
507 2011 711 2058 communes
725 1989 898 2074 noticiae,
924 1991 968 2059 ad
984 2012 1084 2085 quas,
1110 1988 1171 2081 qui
1188 1987 1226 2054 in

236 2093 283 2184 iis
307 2104 493 2159 versantur
514 2089 666 2174 artibus,
698 2091 861 2162 velutad
883 2090 1045 2161 Lesbiam
1069 2090 1225 2179 regulam

238 2192 467 2282 cogitationes
497 2215 576 2260 suas
600 2191 770 2279 dirigunt.
827 2191 1064 2275 Meministis,
1092 2189 1226 2262 Adole-

237 2308 388 2378 scentes,
410 2293 579 2362 maximas
594 2293 631 2361 in
647 2293 836 2364 Dialectiea
850 2295 967 2364 vocari
982 2321 1000 2364 a
1018 2292 1163 2379 Boario,
1189 2293 1227 2361 id

238 2418 349 2489 genus
382 2418 586 2464 communes
615 2388 827 2491 προλήψειςι
867 2395 1035 2480 Talibus,
1069 2396 1227 2488 inquam,

239 2496 400 2569 maximis
419 2509 556 2566 constat
582 2510 695 2567 totum
721 2503 845 2588 poiima
872 2495 1040 2583 Homeri,
1073 2491 1228 2575 horest,

238 2599 487 2673 communibus
518 2612 553 2669 et
582 2597 777 2669 utilissimis
809 2599 938 2687 regulis
969 2623 1008 2669 ac
1037 2596 1229 2690 praeceptis

239 2726 397 2782 morum,
424 2700 585 2791 vitaeque
612 2712 646 2769 et
666 2699 824 2768 civilium
841 2700 1051 2785 officiorum,
1077 2723 1229 2793 quarum

238 2792 276 2874 in
309 2803 409 2872 omni
438 2802 508 2871 vita
536 2815 569 2871 et
590 2801 789 2872 actionibus
814 2825 899 2871 usus
930 2802 1098 2873 latissime
1125 2813 1230 2891 patet,

238 2907 351 2977 multa
369 2908 488 2983 docet,
504 2904 625 2980 multa
650 2903 826 2994 sapienter
846 2917 983 2986 monet,
1011 2904 1160 2975 instillat
1177 2915 1227 2972 te-

239 3032 345 3077 nerae
367 3007 472 3077 aetati
491 3001 755 3076 honestissimas
773 3019 808 3077 et
830 3005 1052 3075 suavissimas
1070 3003 1231 3087 noticias,

240 3108 447 3190 modestiae,
472 3109 722 3192 verecundiae,
748 3132 788 3177 ac
810 3109 1026 3202 reliquarum
1042 3109 1228 3178 virtutum:

239 3207 421 3278 suavitatis
441 3220 476 3275 et
496 3201 726 3276 humanitatis
748 3232 887 3277 morum
910 3210 1031 3280 nullus
1046 3233 1088 3279 eo
1104 3207 1230 3278 melior

238 3306 428 3398 Magister:
462 3320 670 3397 praestatae
691 3307 796 3375 elficit
812 3310 989 3400 quandam
1006 3311 1106 3403 quasi
1126 3333 1229 3398 expe-

237 3409 402 3482 rientiam
419 3430 538 3477 rerum
554 3408 593 3476 in
610 3406 816 3491 iuvenibus,
839 3431 929 3499 quae
951 3410 1027 3479 laus
1042 3411 1174 3502 alioqui
1191 3423 1230 3478 ut

159 3512 168 3519 ’
237 3534 376 3583 summa
392 3523 456 3594 est,
481 3509 530 3580 ita
545 3509 612 3578 soli
627 3508 796 3579 senectuti
812 3509 994 3586 tribuitur.
1026 3509 1117 3582 Nota
1133 3510 1229 3580 enim

239 3627 291 3685 est
306 3612 479 3684 sententia
492 3608 615 3682 Latini
628 3607 776 3683 Poetae:
831 3703 836 3711 .
881 3652 885 3662 -

679 3774 742 3813 non
758 3753 859 3813 omnia
873 3749 985 3813 tardior
1000 3763 1078 3814 aetas

316 3855 405 3940 Quae
419 3857 571 3940 fugiamus
586 3853 692 3934 babet,
718 3858 791 3917 seris
807 3828 890 3917 venit
903 3876 975 3916 usus
990 3857 1026 3915 ab
1045 3856 1139 3917 annis.

238 3987 319 4060 Hoc
336 3985 599 4057 verodivinum
623 3981 834 4053 beneficium
858 3995 1010 4074 praestat
1033 3983 1137 4055 lectio
1153 3982 1232 4056 Ho-

238 4091 343 4176 meri,
365 4111 504 4179 nempe,
524 4086 620 4178 quod
636 4085 819 4174 ingenium
836 4085 1001 4168 iuvenile,
1024 4086 1129 4156 senili
1146 4112 1232 4179 pru·

239 4193 360 4266 dentia
376 4188 517 4269 imbuit,
543 4208 581 4254 ea
597 4185 705 4269 enim,
729 4208 819 4277 quae
834 4207 934 4255 senes
948 4210 1013 4276 per
1028 4187 1126 4276 longi
1142 4201 1231 4259 tem·

238 4293 338 4388 poris
361 4311 465 4359 usum
480 4280 744 4376 deprehendere
764 4286 898 4370 solent,
923 4311 1013 4379 quae
1034 4287 1116 4357 illos
1130 4291 1232 4357 docet

241 4414 431 4466 numerosa
445 4386 554 4457 series
572 4408 767 4469 annorum,
793 4398 827 4454 et
842 4387 933 4454 varii
952 4410 1070 4455 rerum
1088 4412 1128 4456 ac
1140 4389 1233 4458 vitae

241 4494 420 4569 humanae
434 4509 550 4567 casus,
575 4510 618 4556 ex
633 4481 701 4556 hoc
720 4488 881 4576 poiimate
902 4511 966 4578 per
982 4490 1231 4579 compendium

241 4586 628 4690 tanquamethesauro
644 4601 704 4660 aut
719 4589 819 4658 fonte
838 4601 955 4680 petere
971 4601 1075 4683 atque
1091 4585 1232 4661 haurire
1284 4659 1293 4677 ‚
2110 4659 2119 4678 ,
2234 4658 2244 4675 ‚

1282 4681 1471 4747 imaginem
1498 4659 1677 4752 quandam
1712 4659 1827 4727 crvrhs
1855 4673 1889 4731 et
1921 4672 2058 4747 togatae
2085 4675 2193 4744 vrtae,
2232 4682 2274 4728 ru

242 4701 338 4771 licet.
388 4695 472 4768 Non
492 4693 599 4786 paulo
621 4691 715 4762 enim
737 4688 898 4761 foelicius
919 4687 977 4763 hic
994 4693 1148 4763 traditur
1169 4696 1233 4762 do-

241 4803 357 4876 ctrina
372 4812 464 4870 recte
478 4812 515 4869 et
529 4797 630 4866 beate
644 4793 808 4878 vivendi,
834 4818 940 4887 quam
956 4794 996 4861 in
1009 4794 1093 4864 ullis
1107 4791 1233 4865 Philo·

242 4900 437 4996 sophorum
455 4896 713 4977 monumentis,
746 4909 786 4967 ut
802 4919 884 4965 vere
899 4897 944 4966 dc
958 4893 1116 4967 Homero
1133 4896 1232 4969 dixe-

241 5008 291 5078 rit
306 5002 494 5088 Horatius,
518 5003 613 5096 quod
635 5000 713 5069 ille:

294 5143 381 5228 Quid
394 5148 435 5207 sit
447 5156 553 5224 turpe,
580 5139 653 5226 quid
667 5139 849 5222 pulchrum,
878 5136 950 5223 quid
963 5141 1038 5199 utile

292 5248 416 5317 Plenius
429 5258 459 5308 et
472 5246 579 5307 melius
595 5241 757 5325 Obrisippo
773 5256 802 5304 et
817 5239 961 5306 Crantore
977 5240 1122 5304 docuerit.

1274 1616 1333 1685 alii
1352 1621 1475 1705 poema
1489 1611 1639 1683 Homeri
1655 1611 1885 1687 humanitatis
1899 1620 2089 1709 officinam,
2107 1626 2168 1694 alii
2185 1628 2268 1695 son·

1275 1733 1345 1789 tem
1379 1715 1495 1785 omnis
1530 1717 1713 1787 suavitatis
1746 1731 1781 1789 et
1811 1726 2001 1792 venustatis
2027 1726 2266 1816 adpellarunt.

1193 1883 1202 1901 ,
1276 1818 1414 1888 Plinius
1428 1818 1582 1909 primum
1601 1813 1815 1889 liberalioris
1840 1823 2021 1892 doetrinae
2047 1839 2082 1895 et
2107 1829 2267 1921 antiqui-

1276 1921 1357 1990 tatis
1381 1932 1561 2010 parentem
1585 1916 1780 1990 Homerum
1809 1937 1930 2007 vocat,
1965 1923 2065 1997 Plato
2092 1931 2266 2018 optimum

1277 2022 1368 2092 vitae
1385 2021 1602 2110 inagistrum.
1652 2018 1771 2116 Atque
1785 2036 1825 2093 ut
1840 2024 2079 2116 intelligamus
2092 2030 2177 2099 istos
2191 2054 2268 2098 ma-

1277 2123 1423 2213 gnificos
1451 2121 1574 2192 titulos
1602 2146 1684 2192 vere
1714 2121 1871 2196 Homero
1900 2128 2032 2211 tribui,
2067 2130 2270 2201 intueamur

1277 2225 1404 2317 po'e‘ma
1425 2223 1518 2306 eius,
1541 2236 1655 2293 totum
1670 2225 1775 2295 nobis
1796 2250 1924 2319 corpus
1938 2253 2199 2323 proponamus,
2223 2256 2268 2302 ne

1278 2326 1371 2395 utin
1388 2325 1530 2394 disiecta
1547 2337 1661 2396 statua
1683 2350 1724 2395 ex
1740 2327 1914 2401 mutilatis
1926 2332 2089 2424 partibus
2107 2347 2141 2404 et
2156 2358 2269 2403 mem-

1279 2428 1371 2513 bris,
1397 2427 1557 2497 facienda
1573 2429 1620 2498 sit
1635 2428 1848 2505 coniectura.

1335 2544 1344 2561 ·
1380 2528 1518 2620 Duplex
1539 2543 1590 2599 est
1610 2531 1784 2620 poiimatis
1798 2526 1980 2617 Homerici
2003 2544 2268 2623 argumentum:

1281 2625 1442 2698 Alterum
1458 2630 1561 2715 llias,
1595 2631 1745 2701 alterum
1767 2628 1926 2727 Odyssea
1955 2632 2172 2709 inscribitur.
2225 2632 2268 2703 In

1281 2730 1294 2799 l
1300 2732 1391 2800 liade
1408 2726 1616 2801 Plutarchus
1631 2732 1744 2803 robur
1755 2732 1924 2826 corporis,
1949 2733 1986 2802 in
1999 2730 2159 2830 Odyssea
2173 2735 2269 2804 vires

1279 2833 1413 2922 ingenii
1430 2833 1598 2902 celebrari
1615 2835 1659 2903 ab
1674 2832 1832 2904 Homero
1852 2834 2037 2906 existimat.
2085 2835 2268 2906 Describi-

1281 2948 1339 3005 tur
1362 2946 1480 3004 autem
1512 2935 1549 3003 in
1577 2933 1687 3005 iliade
1717 2936 1875 3028 bellum,
1908 2951 1948 3008 ut
1970 2937 2063 3006 fama
2085 2938 2269 3007 nobilissi-

1282 3061 1396 3122 mum,
1420 3036 1469 3107 ita
1483 3030 1671 3107 honestum
1691 3060 1732 3107 ac
1746 3036 1865 3130 pium,
1891 3039 1988 3132 quod
2003 3036 2129 3108 Graeci
2143 3053 2268 3109 contra

1281 3137 1458 3207 Barbaros
1478 3160 1541 3228 pro
1556 3137 1762 3208 defensione
1779 3140 1972 3230 pudicitiae
1994 3140 2206 3230 coniugalis,
2228 3152 2270 3210 ut

1281 3240 1766 3319 ulciscerenturadulterium,
1783 3255 1816 3312 et
1824 3242 1990 3311 violatam
2003 3236 2150 3333 hospitii
2166 3242 2273 3312 iidem

1281 3352 1474 3430 gesserunt,
1525 3335 1686 3435 Odyssea
1700 3341 1857 3412 continet
1872 3363 2008 3412 errores
2023 3341 2179 3438 Ulyssis,
2206 3343 2273 3413 sub

1283 3442 1382 3512 cuius
1408 3440 1560 3530 imagine
1582 3441 1691 3514 Poe'ta
1712 3443 1829 3512 virum
1860 3443 2055 3534 sapientem
2086 3468 2126 3516 ae
2150 3443 2274 3536 politi-

1283 3567 1382 3628 cum,
1407 3545 1584 3635 variisque
1598 3544 1761 3615 fortunae
1777 3545 1940 3637 procellis
1954 3542 2141 3629 iactatum,
2160 3559 2193 3615 et
2209 3543 2274 3638 qui

1281 3647 1460 3715 fortunam
1485 3646 1635 3715 consilio
1656 3669 1776 3737 regere
1798 3671 1837 3717 ac
1862 3646 2039 3717 moderari
2058 3647 2181 3732 sciret,
2207 3647 2273 3716 de·

1282 3747 1435 3816 scrihere
1454 3747 1579 3818 voluit.

1383 3847 1437 3918 De
1460 3872 1528 3940 qua
1554 3861 1672 3941 parte,
1710 3872 1792 3918 cum
1816 3873 1893 3918 eam
1917 3848 2015 3940 prius
2044 3848 2272 3938 interpretari

1282 3949 1558 4034 decreverimus,
1594 3973 1705 4042 pauca
1729 3950 1769 4019 in
1792 3949 1987 4042 praesentia
2008 3943 2096 4018 mihi
2119 3949 2271 4017 dicenda

1282 4075 1356 4120 csse
1369 4051 1464 4120 duxi.
1512 4049 1566 4121 Ae
1581 4051 1735 4143 primum
1753 4046 1820 4120 boc
1835 4076 1910 4121 nou
1924 4067 1976 4121 est
1989 4050 2156 4134 dubium,
2182 4049 2274 4142 quin

1284 4154 1321 4221 in
1338 4151 1448 4222 Iliade
1464 4153 1612 4221 militiae
1627 4153 1782 4245 bellique
1804 4167 1913 4237 artes,
1942 4153 1981 4221 in
1997 4147 2155 4246 Odyssea
2172 4165 2276 4241 togae

1284 4269 1317 4325 ct
1333 4254 1427 4345 pacis
1441 4255 1649 4337 describere,
1667 4267 1773 4345 atque
1786 4251 1833 4321 ita
1850 4254 1889 4322 in
1906 4267 1982 4324 toto
1998 4260 2159 4344 poemate
2172 4267 2275 4324 utro-

1283 4380 1351 4448 que
1375 4378 1502 4444 genere
1525 4355 1655 4426 artium
1670 4353 1740 4425 tale
1756 4353 1955 4442 ingenium,
1982 4355 2078 4449 quod
2093 4353 2274 4444 Rempub.

1283 4457 1476 4548 aliquando
1490 4458 1688 4546 gubernare
1702 4456 1857 4540 deberet,
1883 4456 2091 4547 informare,
2117 4457 2273 4540 erudire,

1282 4584 1322 4626 ac
1349 4582 1559 4649 praeparare
1584 4556 1746 4627 volucrit.
1806 4555 1927 4648 Pingit
1954 4557 2064 4647 igitur
2088 4559 2128 4627 in
2149 4555 2274 4652 Ulysse

1283 4758 1395 4830 lliade
1411 4784 1494 4828 vcro
1512 4759 1679 4831 militaria
1702 4761 1859 4850 exempla
1877 4760 2062 4853 proponit:
2097 4755 2154 4830 his
2177 4759 2275 4830 enim

1282 4862 1418 4934 artibus
1431 4859 1667 4952 Respublicae
1689 4887 1728 4932 ac
1750 4885 1855 4951 regna
1879 4876 2069 4953 parantur,
2096 4875 2279 4947 tenentur,

1282 4977 1543 5055 regunturque,
1569 4960 1675 5035 ethis
1693 4963 1828 5034 artibus
1845 4965 2058 5035 instructum
2071 4985 2146 5033 esse
2164 4987 2278 5055 opor-

1126 5141 1133 5157 ,
1283 5080 1350 5153 tet,
1385 5065 1588 5161 quicunque
1608 5064 1736 5157 Remp.
1762 5080 1813 5133 est
1835 5067 2026 5159 aliquando
2051 5058 2279 5137 tractatums.

1046 5185 1055 5216 ’
1082 5137 1156 5222 ‘1⁰¹³
1169 5160 1232 5202 ”⁰¹¹
1282 5165 1395 5237 Notus
1412 5181 1463 5238 est
1480 5170 1575 5238 enirn
1589 5167 1763 5240 eiusmodi
1778 5164 1926 5238 Homeri
1943 5190 2076 5249 versus,
2102 5191 2173 5260 quo
2187 5163 2278 5237 Ale-

1280 5270 1455 5338 xandrum
1473 5267 1646 5361 Magnum
1666 5269 1713 5338 ita
1736 5268 1947 5341 delectatum
1964 5270 2103 5356 ferunt,
2129 5283 2169 5340 ut
2193 5291 2278 5338 eum

244 5378 402 5453 Involvit
421 5399 505 5447 vero
528 5371 615 5444 haec
637 5371 842 5463 gravissima
868 5395 909 5442 ac
931 5370 1149 5442 sanctissima
1165 5372 1232 5441 do·
1281 5390 1418 5460 semper
1434 5370 1473 5438 in
1489 5394 1551 5441 ore
1568 5368 1749 5442 habuerit:
2194 5432 2198 5439 .

242 5498 358 5575 gmata
371 5475 584 5554 dulcissimis
598 5488 633 5547 et
647 5472 913 5546 iucundissimis
935 5473 1099 5546 iconibus
1114 5472 1230 5566 poiiti-
1315 5478 1495 5570 ἀμφότεροι
1515 5482 1661 5568 βωμός
1679 5480 1713 5550 ς·
1736 5479 1863 5571 ἀγαθὸς
1883 5481 2035 5571 κρατερός
2054 5482 2089 5551 ,2
2113 5479 2280 5568 dmm
2341 5536 2344 5543 Α
