4756 6022
172 297 246 379 176
842 281 1004 359 DECL.
1055 280 1130 358 DE
1170 280 1534 363 EBRlETA'l'll.
2131 289 2207 363 176

90 483 99 497 ‘
171 475 302 549 biliam
318 493 421 564 saepe
441 464 594 538 cladium
615 481 689 528 non
705 479 780 528 nno
795 457 834 526 in
849 456 928 528 loco
944 432 1164 528 talcsbomi-
1213 455 1340 527 mittit:
1374 455 1425 527 ita
1447 457 1513 527 ubi
1543 451 1705 529 homines
1727 458 1790 528 illa
1819 457 2002 528 barbarica
2032 455 2206 531 heluandi

171 600 238 650 nes
253 569 462 664 Rebuspub.
491 576 631 634 autores
660 561 817 634 fuerunt.
875 557 959 629 llias
986 561 1163 630 malorum
1213 558 1470 629 consuetudine
1483 560 1639 631 devincti
1655 561 1771 632 furere
1787 573 1997 652 coeperunt,
2022 562 2129 632 durat
2141 561 2206 632 ille

173 690 296 752 manet
319 697 376 744 eas
393 667 567 747 civitates,
593 687 682 757 quac
705 675 790 732 sunt
805 663 871 733 sub
895 675 1030 733 rectore
1045 676 1162 733 temu-
1213 662 1316 730 furor
1335 660 1442 730 etiam
1466 685 1546 732 curn
1570 685 1645 731 non
1670 675 1752 732 sunt
1774 652 1870 753 poti,
1897 675 1931 732 et
1946 661 2054 731 iidem
2070 663 2209 734 rabiosi

173 786 282 854 lento.
341 771 450 845 Recte
466 767 561 839 enim
576 763 665 837 Cato
688 765 794 848 dixit,
822 788 895 834 uno
913 777 1074 855 excepto,
1098 787 1164 832 ne·
1213 786 1254 832 ac
1276 762 1474 834 turbulenti
1496 776 1614 835 motus
1633 764 1672 832 in
1694 764 1822 832 animis
1838 775 2005 851 manent,
2029 766 2208 837 sentiunt-

64 956 67 963 ,
173 884 305 954 minem
323 894 483 968 uuquam
509 871 554 939 ad
570 870 794 937 evertendam
810 863 987 956 Rempub.
1003 867 1163 937 sobrium
1214 887 1282 958 quc
1298 887 1339 933 ac
1352 860 1615 937 debacchantur
1626 865 1737 937 sobrii
1750 864 1882 956 pariter
1899 889 1940 933 ac
1954 865 2046 955 poti,
2070 890 2136 935 nec
2149 868 2215 936 fa·-

174 979 375 1063 accessisse3
407 973 467 1042 vix
482 971 576 1041 enim
593 969 667 1039 ulla
683 967 842 1060 Respub.
861 966 923 1038 diu
939 969 1050 1053 stetit,
1074 991 1165 1061 quae
1214 966 1282 1036 cile
1303 965 1416 1056 possis
1437 965 1655 1051 discerncre,
1679 990 1891 1062 quocunque
1908 979 2066 1058 ternpore
2087 967 2126 1036 in
2148 968 2209 1041 eos

173 1083 394 1158 ebriosorum
421 1074 569 1144 consilio
592 1083 688 1161 gesta
709 1085 777 1155 est3
812 1071 872 1138 vix
892 1070 973 1140 'ulla
997 1069 1166 1154 concidit,
1215 1067 1371 1150 incidas,
1397 1080 1520 1138 utrum
1538 1069 1714 1154 biberint,
1742 1093 1867 1138 necne.

174 1209 279 1284 quam
295 1205 370 1252 non
387 1176 517 1247 ebriosi
536 1173 744 1257 everterint3
770 1174 829 1240 vix
845 1171 918 1241 ulla
943 1194 1018 1240 non
1033 1171 1166 1251 floruit,
1317 1167 1450 1240 Seneca
1472 1170 1626 1260 graviter
1646 1194 1687 1240 ac
1708 1195 1790 1240 vere
1811 1170 1919 1257 dixit,
1951 1173 2211 1246 consuetudine

175 1311 263 1386 quae
279 1311 299 1354 a
315 1283 414 1352 siccis
430 1304 469 1348 ac
484 1277 612 1347 sobriis
626 1270 833 1344 bominibus
848 1274 1165 1344 administraretur.
1214 1271 1376 1340 insaniae
1400 1273 1526 1343 durata
1547 1271 1633 1342 vitia
1666 1274 1751 1342 vino
1775 1286 1963 1364 concepta,
1999 1274 2106 1344 etiam
2131 1277 2210 1347 sine

171 1390 257 1464 Non
272 1386 382 1477 igitur
394 1374 678 1474 potuitAchilles
694 1378 786 1466 apud
798 1372 995 1444 Homerum
1011 1374 1167 1446 atrocius
1215 1375 1300 1443 vino
1325 1373 1453 1447 valere.
1512 1369 1561 1443 Et
1581 1386 1721 1444 sanctus
1744 1373 1876 1444 Paulus
1896 1374 1993 1446 iubet
2015 1400 2081 1446 uos
2096 1377 2210 1450 vitare

174 1490 371 1566 convitium
389 1486 518 1574 ignavo
533 1504 574 1550 ac
595 1501 723 1548 vesano
737 1476 829 1567 Regi
844 1479 977 1562 dicere,
1005 1500 1111 1572 quam
1127 1489 1167 1547 ut
1216 1477 1440 1557 ebrietatem,
1467 1489 1654 1567 propterca
1678 1477 1772 1569 quod
1793 1477 1831 1544 in
1849 1500 1887 1546 ea
1907 1476 1994 1549 insit
2015 1480 2145 1566 asotia,
2170 1482 2210 1552 id

173 1595 409 1669 temulentum
433 1609 515 1655 eum
540 1594 699 1663 vocaret,
730 1576 798 1649 hoc
815 1604 888 1651 uno
906 1581 1038 1672 probro
1062 1579 1163 1672 quid·
1217 1592 1287 1657 est,
1329 1576 1402 1646 vita
1433 1576 1601 1646 immanis
1628 1601 1669 1647 ac
1690 1578 1855 1662 beluina,
1895 1575 1964 1649 Dei
1995 1581 2128 1672 pariter
2155 1597 2211 1655 at·

175 1698 261 1793 quid
278 1704 354 1763 erat
368 1686 656 1778 gravissimorum
668 1682 884 1770 flagitiorum
905 1682 1092 1774 complecti
1113 1681 1168 1748 vi·
1216 1703 1285 1774 que
1308 1673 1496 1750 hominum
1522 1678 1710 1772 omnisque
1737 1675 1933 1750 honestatis
1962 1668 2210 1776 contemptrix.

174 1823 245 1871 sus.
294 1792 387 1863 Nam
410 1791 448 1857 in
472 1789 603 1880 quibus
619 1779 686 1853 hoc
708 1783 835 1852 vitium
858 1785 993 1853 radices
1009 1785 1097 1873 egit,
1123 1784 1167 1851 de
1217 1780 1370 1871 Qualem
1386 1776 1453 1850 hoc
1474 1803 1584 1870 genus
1605 1777 1792 1851 hominum
1808 1783 1973 1854 lurcones
1989 1797 2023 1854 et
2040 1781 2214 1858 beluones

173 1901 247 1971 illis
268 1891 361 1965 nibil
381 1905 432 1962 est
454 1893 550 1986 quod
575 1889 640 1957 tibi
657 1887 858 1978 pollicearis
882 1899 942 1955 aut
958 1909 1073 1977 speres
1090 1909 1168 1954 mo-
1217 1885 1343 1972 degere
1366 1883 1544 1966 videmus,
1576 1883 1638 1975 qui
1663 1879 1757 1952 nihil
1780 1885 1881 1975 pensi
1900 1878 2050 1971 habent,
2075 1888 2145 1958 nisi
2168 1903 2212 1961 ut

173 1999 289 2073 derati
323 1995 469 2067 bonive:
504 2004 588 2060 sunt
617 1984 781 2058 homines
812 1988 979 2056 omnibus
1008 1988 1168 2078 partibus
1216 1998 1311 2055 totos
1325 1984 1400 2052 dics
1423 1997 1614 2077 noctesque
1637 1999 1845 2076 perpotent,
1872 1987 2002 2080 quibus
2018 2013 2119 2059 mens
2135 1991 2212 2084 ipsa

134 2156 136 2163 ,
175 2105 249 2176 suis
265 2125 305 2171 ac
326 2094 496 2165 membris
520 2091 624 2161 fracti
649 2091 895 2182 corruptique,
923 2090 1024 2156 omni
1042 2111 1168 2177 genere
1219 2101 1253 2156 et
1274 2086 1364 2156 ratio
1385 2104 1581 2177 omnesque
1595 2108 1718 2156 sensus
1741 2087 1873 2160 scilicet
1887 2084 2069 2169 heluando
2083 2107 2213 2185 potan-

174 2199 409 2296 turpitudinis
433 2209 468 2267 et
487 2192 704 2284 flagitiorum
729 2189 973 2262 contaminati.
1027 2187 1168 2282 Aquam
1220 2190 1337 2281 doque
1365 2187 1487 2255 obruti
1519 2201 1625 2279 atque
1648 2189 1899 2280 obstupefacti,
1939 2215 2124 2286 nunquam
2157 2220 2213 2265 re-

174 2333 194 2378 e
213 2304 353 2400 pumice
379 2311 494 2391 petas,
519 2297 550 2365 si
570 2293 759 2364 consilium
781 2293 890 2360 abeis
908 2293 980 2361 ulla
997 2292 1035 2360 in
1052 2317 1091 2360 rc
1109 2302 1172 2359 aut
1220 2291 1331 2359 deunt
1352 2289 1398 2357 ad
1422 2310 1514 2371 sese,
1544 2312 1728 2382 nunquam
1752 2292 1910 2382 cogitant
1930 2293 2065 2388 aliquid
2081 2297 2212 2367 serium

175 2405 401 2503 prudentiam
432 2397 604 2491 requiras.
666 2392 856 2482 Quomodo
881 2394 1169 2486 enimqanimum
1220 2404 1282 2461 aut
1295 2390 1443 2479 dignum
1458 2384 1620 2474 homine,
1647 2393 1708 2460 sed
1723 2396 1820 2484 quod
1837 2394 1874 2462 in
1888 2395 1953 2464 tali
1968 2397 2041 2468 vita
2055 2397 2132 2468 beri
2149 2424 2214 2470 nc-

176 2509 367 2581 incendere
380 2498 587 2593 possuntad
597 2496 751 2589 aliquam
769 2497 895 2565 seriam
912 2495 1172 2584 cogitationem,
1221 2516 1313 2562 cesse
1329 2504 1400 2575 est,
1425 2491 1476 2560 sic
1499 2493 1543 2559 ad
1568 2493 1685 2562 omnis
1710 2497 1847 2584 generis
1866 2497 2121 2570 immanissima
2139 2526 2214 2571 sce·

177 2613 240 2708 qui
263 2610 324 2678 illa
347 2615 514 2698 perpetua
542 2596 748 2669 beluatione
776 2610 933 2689 potuque
955 2597 1096 2687 penitus
1116 2619 1171 2664 se-
1221 2597 1293 2664 lera
1317 2607 1496 2684 proruunt
1520 2616 1611 2675 sese,
1642 2596 1745 2688 quasi
1761 2598 1899 2666 nemini
1920 2602 2116 2694 quidquam
2134 2619 2214 2695 post

175 2713 270 2808 polti
284 2721 368 2778 sunt
390 2731 429 2774 ac
451 2699 625 2772 demersi?
674 2696 867 2790 Nunquam
887 2698 941 2767 illi
956 2713 1017 2770 aut
1032 2698 1172 2770 rarissi—
1221 2721 1257 2768 se
1282 2696 1412 2788 reliqui
1434 2696 1547 2765 lacere
1571 2697 1772 2769 statuerint.
1829 2697 1911 2769 Non
1934 2703 2004 2770 iam
2026 2703 2140 2771 dicam
2167 2708 2213 2775 de

175 2839 235 2887 me
264 2809 570 2903 expergiscuntur,
610 2800 722 2871 sobrii
745 2813 838 2871 certe
867 2826 1052 2897 nunquam
1078 2814 1172 2885 sunt,
1221 2797 1460 2890 turpitudine,
1508 2821 1598 2890 quae
1632 2798 1672 2866 in
1706 2799 1866 2891 ipsorum
1896 2803 2070 2874 conviviis
2103 2805 2210 2875 etiam

176 2919 282 2990 etiam
300 2936 380 2984 cum
396 2932 472 2978 non
487 2905 679 2995 suntpoti,
704 2915 822 2972 tamen
839 2902 893 2973 illi
910 2905 1036 2975 furiosi
1054 2917 1172 2973 motus
1222 2913 1363 2992 regnat,
1396 2922 1471 2968 non
1493 2900 1537 2968 de
1555 2899 1700 2970 furiosis
1724 2902 1937 2974 clamoribus
1958 2928 2100 2992 eorum,
2129 2909 2212 3000 qui-

176 3020 263 3089 vino
281 3011 440 3105 concepti
457 3023 493 3080 et
507 3006 665 3086 excitati,
692 2999 809 3075 adbuc
826 3006 865 3074 in
886 3008 936 3076 eis
957 3019 1171 3077 exaestuant.
1222 3007 1288 3074 bus
1309 3003 1443 3094 plateae
1473 3014 1564 3072 totas
1591 3016 1712 3074 noctes
1736 3020 1943 3095 personant:
1979 3002 2066 3078 baec
2095 3008 2213 3081 adhuc

178 3121 282 3190 Plato
309 3118 347 3184 in
373 3112 521 3204 epistola
545 3110 697 3202 quadam
723 3109 767 3177 ad
791 3104 919 3185 Dionis
942 3110 1174 3201 propinquos,
1222 3106 1324 3175 initia
1339 3117 1423 3175 sunt
1439 3105 1570 3174 furoris
1583 3120 1617 3175 et
1628 3106 1728 3199 quasi
1749 3108 1886 3200 primae
1899 3111 1943 3179 ad
1965 3133 2213 3205 paroxysmum

180 3224 226 3291 de
244 3241 305 3288 sna
323 3217 362 3282 in
380 3213 538 3282 Siciliam
555 3209 839 3301 peregrinatione
858 3211 906 3280 ita
923 3212 1061 3282 scribit:
1090 3208 1172 3298 Quo
1223 3207 1447 3278 accessiones.
1502 3204 1694 3277 Innumera
1715 3209 1783 3278 alia
1801 3223 1834 3278 ct
1851 3211 2015 3298 graviora
2031 3213 2136 3282 nobis
2151 3213 2216 3282 lla-

181 3347 262 3394 cum
275 3317 470 3407 venissem,
495 3311 631 3401 inquit,
665 3309 737 3377 vita
754 3309 815 3377 illa
832 3311 951 3394 beata,
978 3337 1067 3405 quae
1081 3312 1174 3379 fere·
1223 3309 1306 3398 gitia
1324 3332 1365 3376 ex
1381 3303 1448 3377 bac
1463 3308 1561 3377 lerna
1579 3323 1788 3399 erumpunt,
1812 3323 1918 3404 atque
1932 3312 2076 3383 utinam
2093 3315 2216 3385 talium

179 3428 305 3504 batur,
335 3407 443 3510 plena
466 3411 667 3480 ltalicarum
689 3407 1174 3505 Syracusanarumquemen-
1224 3407 1411 3480 hominum
1448 3410 1550 3479 furor
1579 3434 1840 3505 nonnunquam
1876 3414 1981 3483 etiarn
2019 3411 2216 3487 Ecclesiam

183 3547 322 3605 sarum,
345 3518 446 3587 nullo
463 3515 569 3583 modo
592 3505 682 3579 mibi
705 3510 856 3601 placuit,
880 3513 990 3581 bisin
1006 3515 1064 3582 die
1080 3525 1176 3583 satu·
1224 3536 1298 3582 non
1313 3511 1559 3596 conturbaret,
1586 3525 1619 3582 et
1635 3511 1738 3602 Reip:
1752 3538 1825 3584 non
1842 3529 1932 3586 esset
1947 3516 2067 3588 exitio.

181 3651 262 3699 rum
291 3622 385 3705 lieri,
420 3636 658 3707 necunquam
674 3627 883 3704 pernoctare
900 3616 1032 3699 solum,
1062 3628 1175 3684 caete·
1326 3610 1526 3707 Cambysen
1549 3611 1634 3709 Cyri
1656 3615 1769 3686 filium
1789 3618 1937 3688 tradunt
1959 3619 2003 3688 ab
2032 3612 2097 3688 hac
2121 3619 2218 3692 furia

180 3751 291 3823 taque
317 3745 405 3817 quac
423 3718 637 3788 comitantur
660 3709 746 3784 huic
762 3715 874 3800 vitae,
901 3716 937 3784 in
954 3741 1021 3810 qua
1038 3717 1177 3808 sapiens
1226 3715 1395 3805 agitatum
1426 3715 1553 3794 fuisse,
1593 3739 1698 3808 quem
1725 3742 1806 3787 cum
1834 3719 2023 3813 Prexaspes
2050 3743 2146 3789 rinus
2177 3746 2219 3793 ex

182 3853 288 3903 nemo
305 3824 456 3897 eflicitur
470 3840 645 3912 unquam,
664 3818 868 3887 moderatus
881 3842 965 3886 vero
980 3819 1093 3890 multo
1109 3819 1178 3886 mi·
1226 3814 1452 3906 Principibus
1474 3831 1508 3886 et
1523 3818 1680 3907 paternis
1697 3819 1819 3890 amicis
1840 3836 1998 3891 amanter
2013 3846 2052 3891 ac
2067 3823 2220 3894 fideliter

184 3956 264 4005 nus.
320 3927 432 4015 Negat
455 3921 556 3992 Plato
583 3918 679 4010 gigni
707 3919 916 4010 sapientiam
947 3921 1052 3989 iniis
1081 3920 1178 4003 locis,
1227 3920 1454 4001 admoneret,
1480 3919 1576 4010 quod
1591 3917 1710 3989 Persis
1727 3922 1788 3990 illa
1806 3922 1882 3990 eius
1903 3926 2116 4015 perpotandi
2132 3948 2219 3995 con-

183 4036 248 4108 ubi
264 4028 427 4101 homines
449 4025 505 4093 bis
529 4024 567 4090 in
592 4023 649 4088 die
673 4021 784 4091 saturi
803 4022 914 4091 fiant?
965 4020 1063 4110 Quid
1089 4023 1119 4091 si
1133 4023 1184 4091 ad.
1227 4021 1377 4091 suetudo
1399 4019 1617 4108 displiceret,
1653 4022 1755 4094 iussit
1780 4025 1854 4116 ipse
1879 4022 2064 4118 Principes
2087 4050 2222 4099 convo-

186 4162 253 4207 nos
268 4132 425 4210 veniret,
451 4148 491 4193 ac
506 4124 643 4191 videret
659 4115 821 4190 homines
835 4147 911 4191 non
926 4147 989 4213 per
1009 4124 1179 4194 interval·
1228 4122 1318 4206 cari,
1343 4134 1377 4191 et
1400 4121 1655 4212 interrogabat,
1689 4139 1809 4195 utrum
1827 4126 1963 4220 aliquid
1987 4128 2024 4195 in
2042 4150 2095 4210 se,
2121 4132 2219 4222 quod

184 4240 221 4307 la
251 4235 308 4303 bis
340 4243 401 4299 aut
428 4224 568 4317 saepius
592 4223 630 4288 in
655 4223 713 4289 die
739 4234 893 4304 saturos,
924 4224 984 4291 sed
1011 4240 1178 4315 perpetua
1228 4218 1547 4314 reprehenderent,
1583 4217 1770 4298 baberent:
1804 4228 1858 4296 illi
1882 4243 1979 4299 metu
2003 4233 2221 4318 mussabant,

186 4336 341 4432 quadam
376 4327 519 4418 crapula
560 4324 717 4412 vinoque
757 4323 945 4405 distentos,
995 4348 1180 4418 nunquam
1228 4348 1294 4394 nec
1309 4336 1383 4394 erat
1401 4324 1494 4393 inter
1516 4347 1575 4393 eos
1601 4327 1664 4419 qui
1686 4322 1753 4398 hoc
1768 4324 1894 4402 bulcus
1910 4344 2051 4414 tangere
2063 4336 2221 4415 auderet,

187 4439 347 4522 ieiunos,
381 4430 549 4504 siccasve,
584 4423 721 4491 sobrios
745 4425 951 4515 nunquam?
996 4437 1072 4494 tum
1095 4449 1180 4495 vero
1230 4425 1318 4520 quin
1336 4425 1443 4517 pleno
1459 4450 1520 4495 ore
1534 4427 1726 4500 laudabant
1743 4455 1841 4511 ecam,
1868 4447 1902 4502 et
1925 4433 2014 4522 patri
2031 4433 2137 4504 etiarn
2153 4434 2222 4532 Cy-

188 4545 295 4628 longe
312 4537 358 4604 ab
372 4527 430 4600 bis
446 4528 532 4597 locis
549 4524 756 4616 sapientiam
774 4525 906 4614 pariter
920 4549 959 4594 ac
973 4528 1180 4596 modestiam
1229 4552 1270 4597 ro
1289 4528 1531 4617 praeferebant
1545 4528 1716 4623 plerique.
1771 4532 1912 4622 Quibus
1929 4535 2096 4605 laudibus
2116 4537 2222 4608 infla·

190 4643 330 4716 exulare
354 4636 501 4704 diceret:
530 4626 661 4698 Nullus
680 4627 774 4695 enirn
798 4628 1007 4713 modestiae,
1031 4641 1094 4698 aut
1115 4629 1181 4699 ulli
1230 4641 1287 4699 tus
1307 4625 1384 4698 Rex
1406 4625 1605 4720 Prexaspen
1620 4633 1735 4702 solum
1758 4637 1886 4705 accersi
1901 4636 2019 4720 iubet,
2044 4635 2166 4732 Atque
2183 4655 2223 4710 ut

188 4742 315 4815 virtuti
340 4739 439 4808 locus
461 4755 534 4803 csse
557 4741 671 4822 potest
694 4730 733 4795 in
750 4728 815 4798 ista
830 4730 1019 4822 plusquam
1036 4730 1182 4800 beluina
1230 4729 1351 4798 videre
1380 4729 1512 4820 possis,
1543 4731 1678 4825 inquit,
1705 4763 1762 4806 me
1792 4738 1895 4806 etiam
1918 4751 2062 4828 potum,
2102 4754 2224 4811 tamen

191 4843 327 4916 ventris
343 4837 500 4928 ingluvie
515 4857 555 4903 ac
572 4832 664 4901 vitae
679 4831 857 4900 foeditate.
910 4829 1194 4929 Induuntenim'
1230 4829 1359 4899 mentis
1382 4845 1579 4921 compotem
1601 4858 1693 4918 esse,
1726 4833 1833 4907 hodie
1857 4840 1920 4908 ubi
1937 4840 2069 4929 largius
2083 4842 2223 4925 bibero,

189 4947 357 5020 homines
382 4965 423 5010 ex
444 4934 513 5007 hoe
535 4933 681 5004 vivendi
703 4956 801 5001 more
821 4933 975 5004 furiosos
996 4947 1183 5029 vastosque
1231 4933 1329 5002 sistes
1352 4926 1442 4999 mibi
1464 4933 1577 5003 lilium
1602 4949 1703 5008 tuum
1726 4940 1900 5008 minorem
1928 4956 2015 5011 natu
2032 4943 2224 5016 inforibus

191 5070 327 5132 mores,
360 5057 393 5114 et
415 5054 488 5112 tota
508 5050 635 5107 natura
658 5036 867 5119 efferantur,
896 5058 933 5104 ea
957 5059 1124 5107 sensuum
1143 5059 1183 5106 ac
1231 5033 1431 5117 coenaculi,
1469 5035 1509 5103 in
1534 5061 1615 5107 eum
1642 5063 1722 5109 cum
1753 5064 1836 5111 arcu
1868 5044 2028 5132 sagittam
2062 5046 2226 5133 emisero,

190 5148 418 5243 ingeniorum
442 5141 561 5210 feritas
582 5139 711 5206 deinde
725 5138 829 5209 etiam
853 5138 891 5206 in
906 5138 1037 5207 sobriis
1052 5149 1183 5210 manet.
1230 5135 1302 5204 nisi
1326 5134 1442 5226 ipsum
1478 5139 1579 5229 pueri
1603 5163 1665 5209 cor
1690 5143 1941 5228 vulneravero,
1980 5159 2058 5216 turn
2092 5160 2133 5219 tu
2168 5172 2226 5220 me

193 5247 412 5329 sicutenim
434 5265 515 5313 cum
548 5239 701 5331 cuipiam
729 5239 767 5306 in
795 5239 868 5308 sole
895 5239 1049 5308 versanti
1079 5249 1184 5330 caput
1232 5237 1412 5306 ebriosum
1437 5250 1542 5332 atque
1564 5240 1729 5314 insanum
1755 5246 1924 5321 iudicato.
1987 5246 2085 5320 Haec
2110 5251 2160 5322 ita
2183 5264 2227 5324 ut

192 5355 308 5449 coepit
322 5349 462 5430 dolere,
485 5341 550 5413 ubi
567 5341 694 5410 iterum
706 5341 916 5410 inumbram
930 5340 1054 5426 rediit,
1079 5342 1184 5411 dolor
1230 5339 1321 5408 dixit
1349 5338 1565 5426 factasunt,
1597 5365 1680 5413 narn
1704 5361 1785 5438 post
1813 5343 1939 5418 horam
1959 5373 2107 5436 coenae,
2142 5377 2225 5425 cum

194 5472 332 5542 nmen,
363 5472 470 5547 quem
492 5444 590 5516 calor
609 5440 710 5527 fecit,
742 5455 881 5524 manet,
914 5466 979 5513 nec
992 5442 1111 5514 statim
1125 5464 1184 5512 rc-
1232 5440 1365 5532 largius
1391 5441 1462 5511 iam
1486 5441 1669 5520 invitasset
1692 5470 1783 5531 sese,
1816 5474 1966 5542 puerum
1983 5454 2111 5524 adduci
2128 5455 2228 5526 sisti-
