4732 6030
285 289 359 365 859
720 274 880 350 DECL.
914 272 991 346 DE
1024 272 1265 348 STUDllS
1297 270 1564 347 Ltuuttutt
1598 271 1884 349 GRAEGAE.
2253 279 2341 350 860

289 468 375 537 item
404 458 618 538 sententiae,
651 451 780 543 quibus
808 448 972 516 mirabile
1003 450 1143 539 pondus
1175 448 1280 514 inest:
1332 447 1570 535 cognitionem
1599 448 1777 537 adpetant.
1845 446 1991 534 Quanto
2020 449 2131 536 magis
2162 462 2336 522 aeternae

290 573 458 662 pleraque
487 559 582 628 enim
607 580 647 624 ex
671 546 886 642 propheticis
911 551 1049 639 seriptis
1072 551 1280 639 deprompta
1331 549 1530 619 foelicitatis
1559 573 1598 617 ac
1622 549 1745 617 salutis
1768 572 1850 616 cura
1875 573 1939 618 nos
1959 550 2108 619 incitare
2128 551 2258 633 debet,
2293 570 2336 627 ut

291 681 390 750 sunt,
413 684 522 754 eaque
544 655 748 727 incredibili
771 667 875 745 atque
901 652 1106 719 inimitabili
1126 651 1232 719 verbo
1248 662 1281 717 ιι
1333 650 1492 741 lingnam
1522 651 1681 718 omnium
1712 649 1974 735 dulcissimam,
2007 665 2147 722 etcum
2175 667 2230 724 tot
2254 658 2335 746 pul-

289 776 486 857 luceatque
502 756 661 851 emphasi
677 757 835 839 reddita,
862 767 894 822 et
912 767 982 822 tota
1002 753 1154 844 denique
1169 753 1280 820 oratio
1333 748 1587 822 cherrimarum
1621 750 1751 821 artium
1777 754 2000 840 magistram,
2034 767 2110 823 tum
2137 780 2224 825 vero
2252 784 2335 830 coe-

287 872 398 963 spirat
427 865 644 935 reconditam
676 860 853 951 quandam
887 881 925 923 ac
958 856 1114 923 divinam
1139 853 1280 943 sapien·
1334 856 1430 925 lestis
1459 855 1641 923 doctrinae
1674 855 1861 937 nunciam,
1894 879 1933 922 ac
1964 869 2128 926 aeternae
2151 860 2279 930 salutis
2301 878 2335 933 et

289 975 392 1043 tiam:
420 992 494 1036 non
516 965 707 1053 vulgariter
728 974 820 1028 certe
842 957 1001 1025 eruditus
1020 955 1282 1024 Grammaticus
1332 972 1511 1027 tantorum
1538 956 1786 1025 beneficiorum
1811 957 2015 1026 divinorum
2040 960 2331 1043 conciliatricem,

290 1101 310 1145 a
327 1097 383 1142 me
399 1069 616 1147 censebitur,
643 1063 704 1156 qui
720 1085 852 1129 novum
868 1057 1136 1128 Testamentum
1153 1056 1282 1147 poterit
1333 1058 1608 1157 amplectamur?

290 1178 412 1246 saltem
442 1168 687 1259 grammatice,
721 1167 841 1231 dextre
868 1184 908 1228 ac
929 1174 1022 1229 recte
1046 1159 1282 1248 interpretari,
1434 1160 1516 1229 Non
1538 1161 1670 1251 absque
1691 1159 1864 1246 singulari
1885 1161 2036 1231 consilio
2055 1162 2181 1233 divino
2196 1167 2329 1238 lactum

292 1294 326 1349 et
355 1277 452 1344 illam
482 1268 655 1341 sermonis
677 1267 749 1334 vim
773 1278 877 1355 atque
902 1263 1079 1350 energiam
1103 1275 1282 1352 utcunque
1334 1277 1404 1341 cst,
1438 1263 1533 1355 quod
1561 1258 1744 1349 Evangelii
1776 1262 1957 1345 doctrina,
1992 1278 2027 1333 et
2058 1266 2086 1332 si
2120 1291 2182 1357 per
2214 1284 2327 1339 totum

291 1376 498 1470 explicando
523 1370 670 1462 assequi.
723 1365 803 1434 Huc
824 1365 974 1446 accedit,
1000 1357 1282 1455 quodbaecna·
1333 1366 1456 1433 orbem
1483 1364 1598 1455 spargi
1625 1363 1767 1444 debuit,
1801 1376 1919 1432 tamen
1942 1360 2049 1436 haim
2069 1370 2186 1455 gentis
2210 1371 2327 1461 lingua

289 1483 340 1553 tio
372 1491 491 1568 postea
514 1495 674 1565 quoquc,
708 1469 843 1559 primae
865 1463 1042 1533 Ecclesiae
1066 1489 1105 1533 ac
1129 1464 1282 1554 purioris
1334 1467 1488 1556 primurn
1504 1490 1543 1533 ac
1561 1466 1782 1555 potissimum
1801 1467 1992 1556 descripta,
2017 1481 2123 1560 atque
2139 1472 2188 1542 ita
2204 1476 2249 1542 ad
2267 1500 2328 1563 po-

291 1582 473 1653 doctrinae
489 1579 650 1646 doctores
666 1586 768 1662 atque
782 1570 990 1657 interpretes
1005 1566 1204 1655 complures
1219 1559 1282 1632 ha·
1333 1582 1443 1637 steros
1465 1567 1665 1636 transmissa
1688 1580 1749 1635 est.
1801 1564 1892 1635 Cum
1908 1568 2001 1635 enirn
2017 1564 2103 1640 haec
2119 1573 2245 1664 lingua
2262 1580 2327 1645 iam

288 1687 368 1756 buit
393 1682 471 1771 pios
492 1703 531 1746 ac
556 1688 712 1756 sanctos,
738 1672 798 1763 qui
823 1693 901 1737 cum
924 1664 1109 1737 historiam
1127 1667 1280 1758 primum
1334 1683 1414 1737 ante
1437 1670 1635 1737 doctrinam
1658 1692 1816 1745 murtam,
1842 1670 2051 1758 disciplinae
2074 1688 2108 1744 et
2124 1672 2330 1747 humanita-

289 1782 466 1855 nascentis
498 1775 674 1847 Ecclesiae
706 1772 857 1841 fideliter
885 1772 1162 1859 descripserunt,
1208 1785 1281 1836 tum
1334 1772 1397 1853 tis,
1420 1766 1574 1847 hocest,
1603 1771 1688 1857 legis
1707 1770 1867 1852 divinae,
1892 1773 2105 1859 contineret,
2131 1800 2213 1845 cum
2232 1783 2330 1870 opti-

290 1910 376 1956 vero
390 1882 537 1953 eruditis
554 1875 903 1967 interpretationibus
919 1874 1067 1940 eandem
1083 1870 1280 1938 doctrinam
1333 1896 1470 1939 marum
1493 1872 1642 1953 artium,
1669 1872 1830 1962 vitaeque
1853 1868 2025 1943 humanae
2046 1900 2181 1947 summe
2200 1904 2330 1950 neces·

290 2009 424 2058 sacram
446 1982 581 2051 utiliter
606 1979 840 2047 illustrarunt.
899 1971 1151 2043 Destituuntur
1175 1971 1283 2059 igitur
1334 1975 1504 2042 surianam
1529 1972 1692 2060 magistra
1717 1989 1825 2056 esset,
1852 1998 1932 2042 cum
1956 1998 2072 2046 rerum
2096 1995 2275 2068 gestarum
2295 2000 2331 2054 ιι

290 2105 325 2161 et
342 2086 501 2157 lontibus
519 2081 619 2170 ipsis,
644 2095 677 2148 et
696 2078 886 2146 sinceriore
903 2076 1136 2165 explicatione
1152 2074 1280 2142 multa·
1334 2071 1502 2144 historiae
1535 2075 1660 2142 mundi
1688 2076 1857 2164 ταμιῖονι
1891 2077 2006 2149 voluit
2036 2076 2134 2151 Deus
2162 2097 2197 2151 et
2230 2079 2328 2154 hunc

290 2214 371 2261 mm
398 2183 506 2255 huius
535 2183 716 2251 doctrinae
748 2179 922 2269 partium,
958 2177 1020 2267 qui
1051 2200 1117 2265 ope
1142 2176 1282 2262 liuguae
1333 2171 1538 2247 thesaurum
1563 2199 1626 2266 per
1652 2177 1806 2243 eiusdem
1830 2177 1973 2265 linguae
1997 2181 2236 2254 ministerium
2259 2182 2326 2256 hu·

291 2290 446 2361 Graecae
475 2286 727 2354 destituuntur.
786 2279 875 2347 Nam
904 2281 998 2369 quod
1031 2281 1073 2344 ad
1105 2277 1282 2344 versiones
1333 2303 1439 2347 mano
1457 2278 1577 2366 generi
1595 2276 1788 2367 impertiri,
1817 2294 1856 2348 ut
1871 2283 2075 2355 ostenderet
2087 2285 2182 2355 iuter
2195 2303 2327 2359 caetera

289 2395 430 2469 attinet,
467 2388 620 2454 vidimus
643 2399 774 2475 quanta
796 2381 936 2447 miseria
959 2380 1022 2461 sit,
1054 2378 1082 2445 si
1106 2379 1185 2470 quis
1210 2378 1283 2447 illis
1332 2380 1502 2449 beneficia
1526 2403 1587 2447 sua
1609 2374 1676 2446 hoc
1693 2381 1921 2464 beneficium,
1947 2384 2003 2452 vel
2021 2389 2207 2478 praecipue
2222 2414 2327 2481 expe-

287 2495 373 2565 solis
401 2491 467 2559 niti
499 2500 655 2576 cogatur.
707 2482 798 2551 Nam
826 2494 1070 2572 praeterquam
1100 2481 1193 2571 quod
1224 2481 1281 2547 vix
1333 2483 1481 2551 tendum
1500 2498 1605 2573 atque
1622 2480 1904 2571 amplectendum
1920 2507 2004 2556 esse.

286 2596 365 2666 fieri
388 2604 522 2684 potest,
546 2601 585 2658 ut
607 2586 780 2656 sententia
802 2583 934 2674 ubique
956 2585 1075 2650 eadem
1094 2581 1282 2651 foelicitate
1435 2583 1679 2673 Quapropter,
1707 2583 1735 2649 si
1758 2584 1833 2653 lieri
1848 2601 1984 2675 posset,
2010 2592 2206 2679 optandum
2221 2593 2327 2677 soret,

287 2723 328 2768 ac
343 2693 593 2788 perspicuitate
606 2690 645 2756 in
658 2688 810 2757 alienam
825 2685 982 2773 linguam
997 2684 1280 2754 transfundatur:
1332 2700 1372 2755 ut
1385 2709 1508 2753 omnes
1525 2683 1691 2752 mortales
1706 2683 1800 2754 hanc
1819 2686 1977 2776 linguam
1990 2691 2124 2761 discere
2142 2717 2181 2762 ac
2196 2708 2326 2777 tenere,

287 2800 400 2868 multa
425 2795 530 2866 etiam
553 2790 622 2862 alia
647 2788 872 2858 incommoda
895 2786 1202 2875 interpretationes
1226 2807 1281 2853 se·
1332 2800 1499 2876 tantaque
1515 2785 1765 2855 commoditate
1781 2789 1915 2878 perfrui
1931 2807 2083 2881 possent.
2123 2793 2194 2866 Sed
2212 2821 2325 2890 quan-

288 2912 466 2994 quuntur‚
493 2898 600 2987 fitque
622 2916 723 2982 saepe
744 2904 784 2959 ut
800 2890 855 2956 vel
870 2890 962 2955 inter
979 2888 1200 2956 reddendum
1217 2910 1280 2954 na·
1333 2892 1379 2957 do
1401 2889 1437 2955 id
1462 2888 1519 2954 vix
1534 2886 1611 2954 fieri
1629 2899 1762 2976 potest,
1789 2889 1842 2957 illi
1859 2906 1951 2962 certe
1966 2917 2053 2987 quos
2065 2893 2161 2965 Deus
2177 2900 2221 2965 ad
2245 2898 2324 2970 lite-

286 3004 382 3073 tivus
404 3022 525 3069 sensus
547 2998 776 3073 obscuretur,
811 2991 866 3058 vel
889 2991 926 3057 in
949 2989 1054 3057 aliam
1078 2988 1179 3080 quasi
1200 3011 1281 3080 spe·
1332 3013 1452 3060 rarum
1476 3012 1516 3057 ac
1539 2988 1721 3057 doctrinae
1743 2992 1899 3061 studium
1925 2995 2120 3082 sevocavit,
2148 2994 2218 3068 hoc
2242 3013 2322 3069 tan-

289 3104 378 3174 ciem
399 3101 685 3179 transformetur,
710 3110 814 3187 atque
836 3095 882 3162 ita
899 3104 1141 3182 pervertatur,
1166 3105 1207 3160 ut
1222 3090 1281 3158 vix
1333 3106 1408 3160 turn
1430 3090 1641 3160 beneficium
1664 3091 1829 3161 divinum
1846 3097 2054 3190 neutiquam
2070 3100 2245 3190 negligere
2264 3106 2324 3170 de·

289 3208 447 3277 eundum
467 3221 654 3289 agnoscere
678 3199 808 3285 possis,
835 3211 869 3265 et
892 3216 966 3263 non
988 3217 1068 3261 raro
1089 3215 1156 3261 usu
1173 3193 1281 3276 venit,
1332 3195 1426 3263 bent.
1479 3190 1563 3261 Non
1580 3191 1712 3261 mirum
1729 3194 1824 3261 enirn
1840 3211 1909 3273 cst,
1936 3198 2152 3271 infoeliciter
2166 3226 2228 3272 eos
2242 3204 2324 3271 alias

287 3321 330 3377 ut
361 3304 479 3373 verius
509 3293 829 3385 metamorphosin,
881 3318 988 3385 quam
1019 3295 1280 3383 interpretatio·
1333 3296 1510 3364 doctrinas
1532 3306 1699 3377 tractare,
1725 3294 1785 3385 qui
1806 3289 1872 3361 bac
1892 3297 1973 3364 luce
1995 3304 2147 3386 amissa,
2173 3305 2211 3373 in
2230 3318 2323 3375 tene-

288 3432 388 3491 nem,
418 3405 522 3473 talem
537 3398 736 3469 versionem
752 3394 869 3463 dicere
886 3394 1014 3482 possis:
1040 3395 1077 3461 id
1095 3396 1191 3484 quod
1207 3418 1280 3462 non
1333 3396 1406 3465 bris
1421 3396 1553 3464 versari
1568 3395 1715 3464 malunt.
2104 3474 2110 3487 ἢ

288 3511 404 3577 solum
427 3505 465 3571 in
485 3500 592 3571 sacris
616 3498 749 3581 literis,
775 3498 833 3566 sed
859 3495 897 3561 in
920 3494 999 3563 aliis
1015 3518 1157 3587 quoque
1175 3496 1280 3564 disci·
1433 3495 1524 3565 Nam
1546 3498 1660 3568 videte
1676 3494 1873 3565 mirabilem
1892 3496 2159 3572 clementissimi
2176 3505 2244 3574 Dei
2265 3509 2323 3576 bo-

288 3609 398 3701 plinis
414 3604 569 3675 accidere
583 3602 682 3670 solet.
1332 3598 1498 3679 nitatem,
1531 3598 1811 3691 providentiam,
1836 3622 1877 3667 ac
1897 3600 2126 3688 cupiditatem
2151 3607 2323 3693 largiendi

391 3707 510 3797 Quam
532 3704 634 3772 dulce
652 3702 760 3791 igitur
776 3712 845 3782 est,
871 3699 943 3765 imo
960 3721 1044 3766 vero
1060 3710 1191 3789 quanta
1205 3698 1280 3766 foe·
1331 3703 1426 3770 bona
1442 3723 1505 3769 sua
1519 3694 1726 3769 bominibus
1741 3700 2023 3776 inenarrabilem.
2070 3703 2144 3790 Qui
2160 3719 2200 3773 ut
2216 3733 2325 3799 quam

287 3814 400 3883 licitas
422 3823 492 3891 est,
519 3828 619 3899 posse
640 3828 721 3873 cum
743 3802 816 3870 filio
834 3798 919 3880 Dei,
948 3823 1028 3868 cum
1046 3795 1281 3888 Evangelistis
1332 3803 1505 3892 plurimos
1521 3799 1684 3873 homines
1701 3802 1745 3871 ad
1762 3798 1854 3871 banc
1872 3803 2028 3892 linguam
2044 3803 2246 3874 discendam
2264 3810 2328 3878 in-

287 3932 320 3987 et
341 3911 524 4005 Apostolis
546 3907 651 4000 ipsis,
677 3929 758 3976 cum
780 3904 864 3973 divo
881 3900 992 3972 Paulo
1016 3903 1148 3994 absque
1169 3903 1279 3979 inter·
1331 3904 1475 3987 vitaret,
1502 3905 1625 3974 multis
1647 3927 1723 3971 cam
1747 3903 1942 3989 illecebris,
1966 3905 2086 3975 multis
2102 3905 2327 3979 invitamen-

286 4032 384 4110 prete
407 4012 524 4107 loqui,
556 4024 591 4080 et
613 4033 712 4078 veras
733 4008 903 4097 vivasque
925 4006 1048 4074 audire
1070 4029 1111 4073 ac
1133 4006 1281 4073 reddere
1332 4007 1377 4077 tis
1406 4007 1566 4099 undique
1596 4005 1800 4078 cumulavit.
1850 4003 2012 4076 Primum
2039 4007 2133 4076 enim
2154 4031 2235 4078 nou
2257 4012 2322 4080 alia

170 4156 178 4163 .
286 4119 417 4190 voces?
1332 4108 1451 4198 lingna
1466 4107 1606 4178 dulcior
1620 4120 1691 4189 est,
1718 4131 1791 4176 non
1809 4107 1877 4176 alia
1895 4109 2056 4178 suaviore
2074 4132 2162 4177 sono
2180 4112 2322 4183 auribus

388 4217 497 4306 Quod
518 4217 547 4283 si
564 4226 701 4284 tantum
720 4209 910 4278 tribuimus
926 4231 1278 4301 nonnunquamgra-
1331 4210 1503 4280 illabitur.
1561 4207 1638 4280 Etsi
1664 4233 1788 4277 verum
1812 4222 1882 4292 est,
1916 4213 2013 4304 qnod
2037 4208 2247 4280 Herodotus
2266 4215 2322 4295 ait,

287 4324 358 4392 tiae
372 4343 411 4387 ac
424 4317 538 4385 favori
553 4314 703 4384 alicuius
717 4311 809 4399 regis
824 4323 884 4378 aut
900 4310 1089 4401 principis,
1118 4324 1156 4380 ut
1169 4311 1280 4400 ipsius
1330 4312 1502 4383 Animum
1519 4313 1557 4381 in
1573 4311 1719 4381 auribus
1735 4305 1906 4393 habitare,
1929 4337 2003 4381 non
2019 4312 2087 4380 alia
2105 4326 2200 4381 certe
2215 4316 2321 4385 maio-

288 4444 408 4501 causa,
434 4430 540 4508 atque
558 4429 597 4485 ut
613 4414 746 4504 absque
763 4413 955 4501 interprete
971 4434 1050 4479 cum
1066 4435 1107 4480 ιο
1123 4413 1279 4504 colloqui
1330 4438 1405 4483 rem
1427 4415 1499 4483 vim
1522 4410 1668 4484 habebit
1689 4414 1733 4481 ad
1754 4413 2010 4485 demulcendos
2025 4437 2064 4483 ac
2083 4415 2320 4503 percellendus

285 4523 481 4618 possimus,
520 4515 740 4586 barbaricam
771 4513 927 4604 aliquam
960 4512 1118 4601 linguam
1145 4514 1279 4583 discere
1329 4518 1467 4586 animos
1484 4513 1682 4586 bominum.

286 4652 360 4698 non
383 4623 604 4695 dubitemus:
631 4619 703 4685 imo
717 4638 801 4685 vero
817 4616 845 4683 si
858 4613 974 4706 turpis
991 4615 1079 4683 lucri
1095 4638 1156 4705 spe
1166 4630 1279 4707 saepe,
1432 4615 1572 4688 Deinde
1593 4616 1712 4708 pueris
1732 4627 1774 4685 ut
1793 4615 1948 4685 crustula
1970 4615 2095 4683 blandi
2119 4618 2211 4689 dant
2228 4642 2319 4711 prae·

285 4753 360 4798 non
380 4751 453 4798 una
477 4722 660 4795 barbarica
684 4720 824 4809 lingua,
847 4742 927 4788 cum
951 4717 1087 4808 ingenti
1109 4720 1279 4806 temporis
1330 4734 1505 4809 ceptores,
1533 4735 1572 4789 ut
1593 4718 1740 4806 benigni
1762 4730 1926 4808 parentes
1948 4740 1988 4784 ac
2002 4717 2221 4811 propinqui,
2246 4720 2319 4789 dul-

287 4831 436 4917 iactura,
461 4852 527 4898 nec
544 4826 622 4895 sine
639 4823 732 4892 vitae
749 4820 908 4912 periculo
925 4821 1084 4891 discitur.
1136 4817 1278 4908 Quoda
1330 4823 1466 4900 ciariis,
1499 4822 1648 4913 aliisque
1683 4820 1718 4887 id
1753 4841 1862 4908 genus
1885 4819 2108 4888 munusculis
2128 4844 2262 4910 pueros
2282 4822 2317 4889 ad

285 4932 539 5001 mercatoribus
556 4928 633 4998 fieri
649 4925 828 5006 videmus,
853 4923 916 5015 qui
933 4924 1061 4991 liberos
1077 4946 1159 4992 suos
1177 4946 1278 5013 pere-
1329 4946 1365 4992 se
1389 4924 1541 4991 invitare
1565 4924 1698 5002 solent,
1724 4945 1798 4989 non
1820 4919 1926 4987 aliam
1948 4921 2092 5012 quidem
2109 4922 2159 4989 ob
2177 4945 2319 5001 causam,

285 5032 405 5126 grinas
427 5031 566 5118 linguas
586 5045 708 5100 tenere
728 5025 875 5107 volunt,
903 5048 976 5093 non
1001 5024 1106 5092 aliam
1128 5026 1176 5094 ob
1192 5048 1277 5093 cau·
1329 5025 1400 5095 nisi
1422 5024 1505 5118 quia
1525 5049 1585 5094 eos
1602 5038 1741 5105 amant,
1765 5036 1800 5092 et
1813 5020 1969 5099 vicissim
1985 5024 2032 5091 ab
2047 5023 2097 5090 eis
2113 5026 2251 5109 amari,
2274 5037 2319 5093 at·

284 5160 377 5214 sam,
404 5154 510 5225 quam
523 5143 565 5199 ut
579 5154 659 5199 cum
677 5129 747 5196 illis
763 5126 945 5216 gentibus,
970 5140 1089 5216 postea
1104 5150 1278 5195 commer-
1329 5151 1398 5221 que
1420 5126 1505 5218 ipsis
1527 5128 1733 5197 benefacere
1750 5122 1918 5215 cupiunt,
1945 5117 2014 5193 hoc
2028 5123 2102 5192 illis
2117 5126 2255 5220 volupe
2269 5138 2320 5201 cst.

284 5241 337 5311 cia
355 5231 486 5305 babere
505 5232 660 5323 possint,
685 5232 782 5297 unde
797 5229 933 5321 aliquid
952 5227 1042 5296 lucri
1058 5251 1276 5297 accessurum
1328 5224 1396 5298 hoc
1431 5229 1581 5299 maxime
1618 5228 1783 5298 delectat:
1832 5225 1882 5295 ita
1913 5221 2011 5295 Deus
2047 5226 2320 5316 benignissimus

283 5350 443 5433 sperant:
470 5335 519 5405 ita
534 5332 628 5400 leves
644 5351 746 5420 saepe
760 5353 883 5399 causae
899 5329 1089 5422 impellunt
1105 5324 1278 5412 homines,
1328 5344 1447 5423 pater,
1484 5331 1689 5402 multifariis
1718 5327 2006 5398 dulcissimarum
2036 5330 2172 5397 artium
2206 5328 2319 5403 condi·

283 5450 322 5515 ut
346 5442 452 5512 etiam
478 5437 705 5508 indoctarum
730 5444 765 5499 ιι
786 5431 1050 5503 barbaricarum
1074 5432 1275 5522 linguarum
1329 5434 1455 5504 mentis
1480 5429 1573 5504 hanc
1595 5433 1753 5522 linguam
1777 5429 1932 5498 refersit:
1969 5443 2009 5500 ut
2031 5432 2118 5500 dum
2143 5432 2230 5505 illas
2252 5434 2320 5504 illc-
