4732 6030
93 357 172 432 ers
302 290 306 297 μ
501 326 504 330 “
544 351 706 431 naon.
751 350 827 431 nn
858 347 1171 430 suntrana
1202 349 1559 433 nocraman
1591 376 1676 436 roo
2052 370 2131 446 aar

92 540 271 622 tempore,
301 544 376 600 non
400 527 518 601 solum
538 528 738 623 praesentia
760 550 897 601 somma
918 526 1088 619 pericula,
1138 525 1195 595 bis
1216 537 1287 613 est,
1317 550 1525 600 conservare
1545 532 1769 619 studeamus,
1800 557 1840 606 ac
1866 538 2060 629 cogitemus
2082 543 2128 611 ad

95 630 283 700 sedetiam
308 633 485 706 maiorum
511 631 730 724 inposterum
755 632 1087 721 metus'admonerc
1138 628 1320 698 doctrinae
1345 632 1665 719 conservationem,
1702 636 1838 705 nullam
1861 661 1935 710 esse
1958 640 2127 713 virtutem

91 753 159 802 nos
175 731 300 820 debet,
323 735 363 804 in
385 756 477 828 quae
492 733 563 803 iam
579 732 834 826 prospicientes
856 723 1019 802 homines
1034 730 1086 822 pii
1137 723 1314 800 Ecclesiae
1331 732 1367 799 in
1383 732 1589 802 universnm
1612 736 1723 827 magis
1752 741 1982 810 necessariam
2008 754 2046 812 et
2068 766 2126 815 sa·

93 847 129 904 et
161 856 280 902 rerum
313 833 554 928 spiritualium
578 833 706 928 periti,
749 833 799 904 sic
825 831 986 904 iudicant
1010 855 1085 901 non
1137 830 1305 917 luterem,
1346 856 1453 927 quam
1482 858 1603 904 veram
1630 851 1664 908 et
1693 838 1867 909 sinceram
1896 843 2124 914 concordiam

91 957 193 1028 posse
209 957 336 1026 puram
351 936 534 1028 religionis
556 934 754 1007 doctrinam
768 934 989 1020 conservari,
1013 932 1085 1003 nisi
1135 946 1170 1003 et
1185 931 1386 1004 animorum
1405 934 1692 1008 coniunctionem
1706 938 1798 1010 inter
1811 937 1995 1016 Doctores.
2046 941 2126 1018 Etsi

92 1034 133 1105 in
167 1030 235 1105 boc
258 1060 370 1108 unum
393 1037 642 1109 communibus
662 1037 791 1108 studiis
821 1060 863 1107 ac
885 1034 1083 1106 coniunctis
1134 1033 1229 1103 enim
1245 1059 1367 1104 verum
1385 1051 1453 1122 est,
1477 1039 1583 1109 etiam
1612 1039 1761 1111 consilio
1787 1065 1827 1112 ac
1853 1046 2010 1135 potentia
2030 1046 2125 1117 divi-

90 1136 262 1207 omnibus
292 1140 429 1210 viribus
449 1152 525 1210 toto
548 1152 689 1232 pectore
711 1138 920 1219 incumbant
946 1158 1084 1221 omnes,
1134 1157 1180 1204 na
1196 1158 1321 1226 puram
1335 1137 1533 1207 doctrinam
1544 1136 1748 1212 inEcclesia
1757 1146 1979 1232 conservari,
2003 1161 2123 1219 manen

89 1237 223 1331 quibos
238 1237 277 1306 in
294 1237 448 1311 Ecclesia
464 1241 691 1312 commissum
706 1253 759 1312 est
772 1238 923 1310 docendi
937 1261 1081 1311 monus.
1134 1258 1213 1306 cum
1240 1237 1285 1308 de
1309 1252 1430 1308 nostro
1456 1238 1572 1309 officio
1602 1241 1792 1314 dicendum
1813 1259 1881 1327 est,
1910 1248 1994 1342 quia
2026 1245 2124 1321 Deus

90 1337 203 1426 Quod
217 1351 257 1409 ut
271 1341 348 1423 fiat,
374 1342 537 1433 inprimis
559 1364 650 1434 opus
672 1343 880 1426 concordia,
903 1338 978 1411 sive
995 1361 1082 1409 con-
1134 1337 1330 1408 ministerio
1362 1340 1461 1409 verbi
1493 1364 1557 1432 per
1586 1336 1750 1414 homines
1785 1346 1822 1414 in
1853 1343 2011 1420 Ecclesia
2039 1353 2122 1442 agit,
2157 1405 2163 1417 .
2283 1333 2288 1343 ⁸

90 1439 277 1511 iunctione
305 1442 505 1514 anirnorum
529 1444 624 1515 inter
651 1446 826 1515 doctores.
890 1439 1013 1536 ltaque
1037 1441 1081 1511 de
1133 1430 1277 1509 maximi
1293 1443 1461 1511 momenti
1478 1465 1533 1513 res
1547 1456 1618 1528 est,
1640 1468 1713 1515 non
1728 1458 1864 1517 tantum
1880 1451 1924 1517 ad
1942 1452 2120 1541 publicam

89 1532 159 1611 bac
179 1540 307 1615 virtuts
330 1545 468 1640 aliquid
489 1539 559 1616 hoe
581 1545 661 1616 loco
676 1544 809 1631 dimm,
837 1542 976 1616 tsmctd
994 1536 1080 1613 haec
1131 1541 1425 1636 tranquillitatem
1456 1557 1491 1614 et
1516 1544 1586 1616 alia
1606 1549 1811 1633 commoda,
1844 1551 1906 1619 sed
1937 1551 2042 1622 etiam
2074 1556 2120 1624 ad

89 1635 310 1730 adhortatio,
334 1648 448 1720 multo
464 1646 571 1719 latius
584 1660 696 1740 patet,
716 1659 985 1742 quamotnunc
998 1667 1079 1737 per·
1131 1642 1313 1714 doctrinae
1327 1643 1516 1735 puritatem
1531 1649 1820 1718 conservandam.
1870 1647 2121 1725 Narnconcor-

90 1742 160 1815 texi
187 1746 308 1833 possit.
365 1746 548 1840 Principio
576 1763 694 1820 antem
716 1770 798 1819 com
822 1747 868 1817 de
889 1745 1078 1821 concordia
1130 1742 1226 1812 diam
1252 1768 1358 1825 voco,
1389 1769 1463 1814 non
1484 1759 1623 1818 tantum
1646 1747 1858 1843 opinionum
1876 1766 1911 1823 et
1928 1753 2121 1841 doctrinae,

90 1844 322 1917 ecclesiastica
345 1849 495 1934 dicitur,
526 1849 799 1939 intelligendum
824 1860 896 1926 est,
923 1845 1078 1939 primum
1131 1843 1322 1915 sedetiam
1348 1844 1572 1917 voluntatum
1602 1850 1890 1938 consensionem,
1925 1878 2009 1926 vera
2030 1879 2121 1925 con·

89 1945 252 2015 omniurn
265 1949 401 2042 requiri
416 1971 627 2020 eonsensum
640 1973 750 2040 purae
763 1946 946 2018 doctrinae
956 1941 1080 2015 Evan-
1131 1943 1313 2015 iunctione
1338 1944 1434 2016 inter
1461 1970 1498 2018 se
1518 1963 1644 2020 mutuo
1673 1952 1856 2024 devinctos
1877 1977 1952 2025 esse
1980 1956 2120 2028 animos

86 2045 193 2135 gelii,
220 2043 287 2119 hoc
304 2049 400 2118 enim
421 2062 528 2142 caput
548 2063 600 2120 est
622 2063 658 2121 et
678 2049 759 2119 lons
771 2047 889 2119 omnis
903 2041 1079 2119 Christia-
1129 2046 1346 2120 docentium.
1397 2046 1468 2118 Sed
1487 2062 1526 2119 ut
1541 2050 1672 2123 elarius
1686 2054 1836 2145 perspici
1853 2056 1980 2145 possit,
2011 2082 2118 2152 qoam

86 2168 158 2215 nae
180 2150 401 2226 concordiae,
460 2149 579 2239 Quare
603 2145 662 2221 hic
687 2173 762 2220 non
786 2162 871 2220 sunt
897 2147 1079 2231 audiendi,
1129 2146 1321 2217 nccmsaria
1339 2146 1384 2218 sit
1399 2142 1485 2220 baec
1500 2151 1631 2239 virtus,
1656 2155 1776 2249 aliquo
1791 2159 2119 2241 modoconsidere-

87 2246 152 2339 qui
165 2249 408 2323 vociferantur
426 2273 495 2323 nos
513 2251 692 2344 publicam
707 2246 885 2322 Ecclesiae
900 2249 1076 2344 tranquil·
1128 2270 1226 2334 mus,
1257 2263 1429 2341 quantum
1451 2253 1625 2324 malorum
1647 2277 1765 2326 secum
1794 2253 1913 2330 trahat
1931 2260 2120 2348 discordis,

86 2348 221 2419 litatem
237 2355 462 2445 perturbare,
481 2353 706 2425 concordiam
720 2351 930 2425 labefactare
942 2363 977 2422 et
991 2374 1077 2421 con-
1128 2350 1332 2439 praesertim
1349 2350 1441 2423 inter
1451 2376 1530 2438 eos,
1556 2356 1712 2447 quisunt
1731 2358 1769 2426 in
1785 2359 1981 2431 ministerio
1996 2348 2117 2453 publi-

86 2450 236 2538 vellerc‚
267 2455 350 2549 quia
372 2453 587 2526 discedimus
607 2455 653 2525 ab
673 2452 735 2541 iis,
759 2453 822 2548 qni
840 2450 1076 2534 autoritatem,
1128 2473 1180 2522 co.
1235 2450 1357 2545 Neque
1373 2476 1457 2522 vero
1480 2449 1548 2522 hoc
1563 2454 1719 2526 indicare
1733 2458 1877 2528 difficile
1898 2474 1966 2547 est,
1992 2463 2022 2532 si
2037 2476 2117 2533 tsn-

87 2554 251 2640 titulum,
283 2572 318 2629 et
338 2581 469 2628 nomen
491 2550 670 2627 Ecclesiae
692 2554 1076 2646 multitudinissppro-
1129 2564 1202 2621 tum
1226 2552 1442 2641 aspiciantur
1462 2555 1638 2647 exempla,
1669 2582 1760 2652 quae
1782 2559 1922 2631 utinam
1951 2586 2017 2633 nos
2042 2586 2116 2634 non

87 2655 231 2726 potione
252 2673 288 2730 01
302 2656 576 2751 praescriptione
597 2656 696 2747 longi
717 2655 903 2747 temporis,
928 2655 997 2726 sibi
1016 2679 1076 2726 ar-
1128 2650 1235 2723 nimis
1257 2652 1468 2757 infoeliciter
1488 2659 1655 2744 doceant,
1679 2681 1719 2729 ac
1735 2672 1871 2731 tantum
1888 2662 1933 2731 ds
1950 2686 2119 2754 praesen-

85 2772 232 2847 rogant,
252 2754 763 2848 tomencontraEvangelium,
785 2758 916 2828 iniusta
930 2757 1077 2847 dogma-
1128 2754 1222 2823 tibus
1243 2755 1433 2848 conqueri,
1467 2781 1541 2826 non
1563 2759 1668 2828 etiam
1697 2760 1815 2832 sutura
1837 2777 1992 2835 metuere
2012 2789 2116 2856 coga-

87 2872 123 2932 pp
139 2861 352 2948 defendunt,
379 2874 495 2931 ornos
514 2857 597 2949 quia
616 2858 703 2947 ipsis
717 2881 792 2927 non
807 2855 1076 2943 subscribimus,
1127 2878 1220 2924 mur.
1278 2854 1346 2926 Sed
1372 2859 1416 2926 dd
1446 2858 1613 2948 exemplis
1644 2884 1725 2930 mox
1751 2862 1886 2949 dicam,
1925 2888 2023 2937 nunc
2049 2862 2117 2938 boc

85 2962 254 3034 omnibus
276 2964 365 3032 diris
386 2960 577 3039 devovent,
608 2955 646 3024 in
666 2957 782 3041 lerro,
810 2954 1016 3025 inflamma
1041 2969 1076 3028 et
1127 2955 1243 3045 prius,
1259 2971 1314 3027 ,ιιι
1335 2959 1614 3047 magnitudinem
1638 2962 1811 3033 malorum
1841 2966 2116 3056 consideremus,

85 3064 204 3136 pmpi,
219 3062 358 3152 generis
373 3056 580 3128 erudelitate
595 3056 758 3149 persequi
772 3068 958 3131 conantur.
976 3082 982 3094 ’
1000 3053 1075 3128 Nos
1126 3079 1217 3148 quae
1238 3080 1340 3148 saepe
1367 3082 1386 3127 a
1417 3058 1571 3143 levibus,
1603 3073 1638 3131 et
1660 3062 1793 3150 exiguis
1822 3082 1967 3156 apparet
1990 3069 2114 3158 initiis,
2210 3072 2214 3079 '

83 3189 172 3234 vero
195 3185 277 3232 curn
296 3156 489 3230 habeamus
510 3155 549 3225 in
575 3158 748 3248 scriptura
773 3157 844 3229 Dei
867 3158 1073 3228 mandatum
1126 3157 1312 3243 oriuntur,
1342 3159 1406 3228 ubi
1430 3154 1515 3229 haec
1538 3163 1644 3253 pestis
1665 3163 1845 3256 irrepserit
1867 3171 1906 3237 in
1928 3170 2113 3262 publicum

81 3265 182 3335 clare
196 3285 412 3354 expressum,
433 3257 800 3349 nesdiungamusnos
811 3258 948 3330 [alsam
962 3258 1074 3350 impia
1125 3256 1360 3329 ministerium
1375 3256 1565 3336 Ecclesiae.
1616 3261 1738 3358 Neque
1764 3268 1860 3337 enim
1882 3291 2004 3342 secure
2029 3298 2115 3344 con·

79 3364 313 3447 docentibus,
342 3385 407 3432 nec
431 3360 715 3433 adversariorum
740 3359 975 3446 clamoribus,
1008 3384 1068 3430 ne·
1124 3361 1336 3429 temnendae
1357 3374 1441 3433 suut
1456 3358 1601 3434 Diaboli
1622 3365 1772 3437 insidiae
1798 3371 1966 3442 adversus
1989 3371 2116 3445 Eccle-

80 3484 153 3559 que
169 3465 253 3534 ullis
267 3458 456 3555 propositis
468 3459 634 3552 periculis
647 3461 781 3531 moveri
797 3462 984 3548 debemus,
1007 3485 1072 3532 nec
1125 3458 1224 3530 siam.
1274 3456 1365 3531 Cum
1381 3462 1477 3533 enim
1493 3464 1614 3535 isvere
1627 3467 1688 3552 sit,
1713 3483 1752 3538 ut
1768 3471 1899 3541 dicitnr
1913 3473 2012 3542 mille
2025 3476 2113 3547 arti-

81 3566 235 3660 probarc
249 3589 370 3635 eorum
386 3562 595 3646 consilium,
618 3562 755 3634 etiamsi
770 3562 833 3656 qui
848 3564 939 3632 bene
952 3564 1072 3634 studio
1123 3560 1199 3646 ser,
1232 3574 1266 3632 et
1287 3557 1480 3633 Ecclesiam
1504 3566 1729 3638 acerbissimo
1750 3581 1787 3640 et
1807 3572 2000 3645 immortali
2027 3578 2112 3648 odio

84 3669 281 3751 docuntur,
311 3667 373 3758 qui
398 3664 448 3734 sic
462 3664 639 3734 mirantur
655 3676 690 3734 ct
712 3677 880 3755 expetam
892 3664 1071 3754 publicam
1123 3677 1373 3754 prosequatur,
1399 3689 1463 3733 nec
1477 3678 1602 3746 cesset,
1629 3670 1838 3741 autdesinat
1853 3698 1976 3745 omnes
1991 3677 2065 3746 vias
2080 3691 2114 3748 et

84 3769 329 3852 concordiam,
355 3781 396 3837 ut
419 3789 496 3834 eam
516 3759 750 3855 posthabeant
768 3763 913 3855 puritati
938 3763 1071 3834 doctri·
1124 3764 1248 3832 modos
1269 3786 1456 3856 quaerere,
1492 3766 1623 3857 quibus
1644 3765 1822 3839 Ecclesiae
1845 3774 2111 3863 dissipationem

84 3896 170 3952 nae,
196 3883 229 3940 et
247 3870 365 3960 potius
380 3869 511 3937 ducant
526 3866 564 3935 in
582 3862 750 3935 Ecclesiis
768 3865 909 3936 tolerari
934 3889 974 3935 ac
998 3866 1070 3934 dis-
1123 3876 1156 3931 el
1172 3876 1377 3963 perpetuam
1399 3865 1595 3933 vestitatem
1619 3868 1759 3953 afferat,
1784 3872 1845 3939 ubi
1867 3873 1935 3942 ³¹5²
1950 3897 2024 3944 11⁰ss
2046 3901 2110 3968 po·

80 3972 245 4045 ,imniooi
258 3972 373 4063 polam
388 3966 515 4061 impias
531 3965 716 4058 opiniones
740 3979 773 4036 et
788 3967 992 4036 manifestos
1007 3967 1071 4035 ab·
1123 3976 1208 4046 test,
1243 3957 1329 4030 haee
1355 3962 1482 4053 arripit
1504 3963 1604 4034 initia
1631 3982 1664 4034 et
1685 3970 1902 4056 occasiones,
1931 3990 1970 4046 ut
1996 3983 2110 4048 arnde-

80 4096 191 4156 usus,
216 4098 319 4165 quam
337 4069 526 4160 periclitari
542 4066 833 4159 tranquillitatem
848 4066 982 4157 publici
1001 4079 1071 4135 sta·
1123 4085 1262 4155 cunque
1284 4061 1378 4134 inter
1399 4060 1569 4134 Doctores
1591 4083 1729 4157 spargat
1754 4071 1950 4146 discordiae
1975 4101 2015 4148 ac
2035 4080 2109 4148 dis-

81 4191 153 4250 tus.
212 4172 304 4245 Scite
332 4173 422 4242 illud
451 4170 503 4242 ait
530 4169 663 4240 dictum
692 4191 765 4238 esse
797 4167 931 4237 anricus
958 4166 1072 4251 Plato,
1122 4163 1293 4232 sidiarum
1315 4165 1462 4235 semine·
1523 4164 1593 4237 Ubi
1622 4184 1738 4239 autem
1762 4176 1913 4245 maxime
1932 4179 2110 4273 principio

81 4277 220 4351 ,mione
244 4275 426 4358 Socrates,
462 4273 523 4342 sed
547 4268 659 4359 magis
679 4269 790 4339 antica
814 4269 955 4339 veritas.
1017 4266 1069 4338 lta
1122 4289 1196 4334 non
1218 4276 1302 4335 sunt
1325 4266 1369 4334 ds
1386 4267 1548 4336 doctrina
1564 4270 1817 4360 dissensiones,
1848 4279 1909 4347 sed
1925 4280 2013 4352 aliae
2034 4283 2109 4374 pri-

77 4378 187 4451 nobis
202 4377 439 4450 existimemus
464 4374 615 4465 primam
633 4395 752 4441 euram
770 4392 842 4440 esse
859 4371 1004 4454 debere,
1031 4383 1070 4440 ut
1123 4379 1223 4437 vatae
1254 4390 1295 4436 ac
1320 4368 1522 4458 personales
1544 4371 1780 4444 offensionum
1808 4402 1948 4461 causae,
1987 4395 2106 4454 tamen

78 4504 203 4551 veram
220 4480 417 4547 doctrinam
433 4489 606 4546 tueamur.
656 4469 800 4544 Etcum
822 4471 1084 4563 deconcordia·
1122 4465 1205 4536 inde
1230 4481 1412 4558 permanat
1434 4471 1477 4537 ad
1502 4483 1611 4542 totam
1626 4469 1839 4564 Ecclesiam,
1871 4493 1906 4550 et
1922 4483 1984 4552 ubi
2001 4485 2105 4556 simul

78 4578 262 4654 Epilooioo
286 4578 518 4669 praecipitur,
544 4575 695 4645 sciamus
717 4597 783 4644 nos
798 4598 877 4643 cum
894 4572 956 4657 iis,
981 4596 1070 4665 quos
1121 4570 1290 4658 gliscunt,
1315 4570 1420 4653 tales,
1455 4586 1489 4641 et
1506 4592 1696 4665 erumpunt
1711 4580 1813 4661 odia,
1841 4583 1994 4671 primum
2013 4589 2108 4677 peri·

78 4683 257 4775 scriptura
287 4694 386 4751 vocat
412 4676 627 4758 Ecclesiam,
660 4671 823 4758 horest,
856 4676 918 4767 qui
943 4696 1069 4765 puram
1121 4671 1282 4753 clitatur,
1315 4695 1397 4739 mox
1413 4671 1517 4739 etiam
1533 4674 1647 4763 palam
1669 4679 1819 4750 laeditur
1840 4684 1920 4775 ipsa.
1932 4686 2105 4761 doctrina.

77 4787 281 4857 doctrinam
309 4794 430 4851 tenent
454 4792 490 4850 et
516 4778 555 4846 in
581 4799 619 4845 ea
640 4777 883 4859 consentiunt,
918 4775 1067 4843 coniun-
1120 4769 1192 4841 Nec
1215 4771 1310 4840 enim
1337 4784 1475 4840 tantum
1499 4776 1658 4864 exemplo
1686 4792 1719 4848 et
1741 4784 1915 4852 scandalis
1936 4787 2016 4857 aliis
2039 4815 2105 4860 no·

78 4888 319 4978 geretlebere.
369 4880 460 4953 Cum
475 4893 591 4956 autem
603 4877 708 4948 nobis
720 4877 785 4947 Dei
799 4877 968 4947 beneficio
984 4900 1069 4945 con·
1120 4886 1217 4957 cent,
1250 4886 1395 4964 propter
1417 4897 1507 4967 quae
1530 4876 1621 4945 male
1641 4880 1740 4951 audit
1768 4886 1861 4975 apud
1886 4888 2106 4962 adversarios

77 4990 219 5079 rigoris,
245 5001 284 5058 ut
299 4986 391 5074 apud
409 4993 674 5054 nosertetvera
688 4974 872 5068 Evangelii
887 4978 1069 5061 Doctrina,
1119 4970 1305 5063 Evangelii
1327 4976 1504 5055 doctrina,
1536 4990 1571 5046 et
1600 4977 1822 5053 infirmorum
1846 4988 1956 5057 animi
1979 4993 2107 5065 offensi

77 5104 268 5180 repurgata
286 5090 330 5156 ab
346 5085 513 5153 omnibu,
529 5080 646 5172 impiis
661 5080 912 5173 opinionibus,
938 5075 996 5147 hic
1012 5079 1069 5146 in·
1119 5076 1390 5165 perturbantur,
1419 5101 1458 5145 ac
1480 5078 1656 5169 incipiunt
1685 5083 1848 5157 dubitare
1867 5092 1911 5158 de
1934 5093 2106 5182 doctrina,

77 5194 282 5282 telligamus
306 5188 410 5256 nobis
434 5201 467 5253 et
483 5183 707 5253 concordiam
731 5181 902 5272 praecipi,
928 5194 960 5248 et
976 5177 1068 5247 nibil
1119 5191 1179 5245 aut
1210 5191 1301 5246 certe
1332 5201 1407 5246 eam
1438 5179 1558 5248 minus
1588 5201 1790 5261 reverenter
1810 5191 2105 5283 complectuntur,

79 5318 101 5363 a
126 5295 229 5364 nobi,
255 5289 378 5359 maiori
406 5287 578 5375 agendum
602 5284 738 5368 studio,
769 5307 809 5354 ac
831 5282 1069 5365 contentione,
1119 5280 1178 5348 sed
1196 5302 1235 5346 ex
1253 5278 1295 5347 iis
1311 5279 1487 5365 dissidiis,
1514 5297 1697 5375 postquam
1713 5290 1824 5358 animi
1843 5310 2034 5385 coeperunt
2048 5297 2104 5365 in·

77 5420 188 5490 quom
205 5409 331 5465 uteam
347 5392 439 5459 inter
454 5411 517 5458 nos
533 5401 710 5466 tueamur,
737 5398 772 5455 et
784 5407 847 5476 per
862 5407 939 5452 eam
948 5378 1069 5451 Evan-
1119 5393 1173 5449 ter
1195 5380 1290 5470 ipsos
1311 5380 1477 5466 alienari,
1503 5384 1643 5454 foedam
1666 5390 1887 5461 voluntatum
1913 5395 2105 5465 dissensio-

76 5498 165 5589 3015
181 5494 389 5566 beneficium
407 5489 578 5560 divinitus
594 5489 736 5571 datum,
760 5498 933 5581 quantum
948 5483 986 5552 in
1002 5507 1064 5552 no·
1118 5505 1199 5550 nem
1229 5481 1389 5577 sequitur
1424 5483 1529 5553 etiam
1568 5486 1804 5561 offensionum
1841 5493 2106 5588 dissimilitudo,

131 5604 309 5669 Mensura.
328 5597 430 5662 Or'srt
458 5596 541 5658 vor.
557 5590 621 5661 xl.
1417 5586 1463 5658 ¹8
