4732 6030
77 339 131 411 fil

83 529 175 602 quac
195 505 371 576 veteribus
394 503 565 595 docendi,
592 504 823 597 discendique
846 504 937 591 ratio
956 505 1076 588 fuerit,

78 633 152 703 qua
167 607 377 699 disciplinae
391 630 514 677 omncs
532 620 760 689 non,tantum
776 605 997 690 illustratae,
1014 609 1074 674 sed

74 711 189 780 etiam
204 723 326 780 auctae
340 723 436 783 sunt.
470 707 581 778 Pauci
597 709 636 777 in
651 709 746 777 ludis
761 708 927 777 literariis
946 701 1076 776 autho-

80 836 155 896 res,
179 814 240 880 sed
262 808 301 881 hi
324 810 451 904 optimi
473 813 783 902 proponebantur,
807 834 895 903 quos
916 809 1075 879 imitare-

80 927 141 985 tm
174 915 350 988 iuventus.
408 909 456 983 Et
486 914 783 1005 quemadmodum
806 913 851 980 de
879 936 918 982 re
945 912 1074 981 rustica

81 1028 307 1108 praeceptum
331 1028 402 1100 est,
434 1037 479 1083 ne
501 1015 616 1084 maior
638 1015 772 1083 fundus
794 1014 857 1097 sit,
888 1038 995 1107 quam
1012 1015 1073 1108 qui

81 1117 154 1187 coli
167 1118 278 1209 probe
294 1117 405 1209 possit
415 1170 425 1201 ,
435 1100 497 1186 'ait
510 1116 604 1185 enim
622 1114 819 1205 Vergilius:

343 1271 480 1336 Laudato
495 1279 628 1357 ingentia
641 1297 722 1363 rura,

185 1375 343 1458 Exiguum
358 1381 461 1442 colito.

82 1522 220 1594 Sic'illi
247 1545 326 1591 curn
350 1520 513 1602 viderent
534 1542 600 1587 nec
630 1520 800 1608 perdisci,
835 1543 901 1587 nec
923 1519 1072 1611 exprimi

80 1648 183 1715 posse
197 1623 326 1692 multos
341 1622 533 1704 foeliciter,
559 1620 733 1715 turbaque
756 1621 968 1711 scriptorum
986 1647 1072 1690 con-

79 1727 185 1796 fundi
201 1726 330 1817 potius,
356 1747 461 1816 quam
474 1723 608 1794 erudiri
624 1723 793 1791 iuvenilia
811 1723 963 1811 ingenia,
984 1748 1070 1813 pau-

81 1828 193 1898 ciores
208 1825 460 1908 admittebant,
486 1846 574 1917 quos
587 1825 655 1892 sibi
678 1825 827 1893 studiosi
845 1813 1072 1916 quam‘fami-

23 1976 29 1984 ι
79 1929 289 1998 liarissimos
303 1929 470 1995 facerent.
520 1924 793 1995 Declamabatur
811 1927 892 1991 item
911 1924 1072 2011 adsiduo,

74 2030 284 2100 'scribebant
299 2027 359 2095 alii
377 2047 517 2102 versus,
544 2025 606 2093 alii
620 2026 771 2095 solutam
787 2024 994 2096 orationem.
1024 2021 1072 2092 Et

78 2131 333 2226 quiainterse
355 2116 603 2196 benedicendi
626 2128 741 2195 studio
765 2128 963 2209 certabant,
989 2122 1077 2194 cura

79 2232 342 2321 solicitudoque
369 2227 543 2297 iudicium
571 2228 728 2298 acuebat.
789 2226 871 2315 Quo
896 2228 1071 2312 instituto,

79 2358 162 2404 cum
178 2331 318 2401 nullum
334 2329 524 2399 iucundius
539 2341 611 2397 erat
627 2330 874 2416 spectaculum,
889 2342 964 2398 tum
977 2323 1071 2397 nihil

79 2434 247 2528 privatim
264 2444 324 2501 aut
344 2430 485 2524 publice
501 2430 626 2499 utilius
642 2431 716 2498 ficri
741 2432 870 2519 potuit·
922 2429 1012 2499 Nam
1031 2455 1071 2499 ex

79 2533 286 2607 huiusmodi
311 2533 407 2602 ludis
433 2532 596 2622 prodiere
620 2532 804 2600 clarissimi
829 2533 1070 2624 superioribus

78 2637 207 2709 seculis
222 2631 404 2724 homines,
433 2635 562 2704 Graeci
578 2657 618 2702 ac
630 2633 764 2718 Latini,
789 2634 949 2727 plerique
965 2635 1069 2703 etiam

79 2735 290 2811 Christiani:
318 2737 453 2831 quossi
471 2735 602 2803 imitari
620 2739 802 2805 studerent
819 2737 950 2819 nostrl,
976 2738 1070 2806 bone

78 2838 194 2925 Deum
223 2843 359 2932 'quanto
391 2862 446 2906 res
474 2832 648 2904 humanae
677 2837 787 2923 magis
816 2838 1003 2915 florerent,
1037 2852 1071 2905 et

79 2966 197 3012 sacrae
219 2943 341 3010 literae
362 2937 525 3004 foelicius
554 2947 798 3002 tractarentur.
852 2935 964 3003 Porro
991 2961 1069 3006 cum

78 3058 212 3113 veteres
236 3052 377 3109 tantum
395 3058 521 3126 operae
551 3035 589 3101 in
612 3037 804 3103 exercendo
829 3037 919 3129 stylo
943 3061 1071 3126 posuc-

78 3145 174 3224 rint,
202 3163 283 3211 cum
299 3161 363 3205 nec
385 3136 557 3218 eruditio,
582 3159 646 3204 nec
669 3137 868 3228 eloquentia
883 3138 1070 3208 mediocris

77 3247 168 3316 eitra
186 3237 253 3311 hoc
269 3238 424 3308 studium
443 3238 560 3327 parari
578 3251 697 3330 queat,
724 3263 803 3307 cum
826 3239 976 3329 intelligi
995 3264 1067 3308 non

77 3344 229 3438 possint,
253 3363 342 3435 quae
360 3341 404 3409 ab
421 3339 500 3407 aliis
518 3342 709 3429 prudenter
725 3341 851 3430 scripta
870 3354 972 3425 sunt,
999 3343 1067 3410 nisi

71 3441 149 3540 ipsi
176 3444 259 3537 styli
290 3464 356 3511 usu
385 3441 527 3530 ingenia
557 3442 762 3512 excitemus:
805 3443 909 3512 sinite
940 3467 1067 3536 quaeso

79 3546 222 3620 avobis
243 3543 444 3635 impetrari,
474 3557 514 3612 nt
538 3544 629 3635 stylo
653 3567 911 3636 nonnunquam
937 3561 1068 3615 vestras

76 3644 432 3738 viresexperiamini.
483 3642 574 3715 Rem
591 3646 730 3734 postulo
747 3670 819 3715 non
837 3646 983 3735 perinde
997 3648 1068 3715 dif-

75 3752 216 3834 frcilem,
241 3750 348 3840 atq'ue
363 3745 560 3829 salutarem,
586 3749 812 3839 nequeenim
831 3748 975 3818 aliunde
990 3753 1072 3820 stu-'

76 3854 148 3924 diis
164 3849 290 3920 vestris
306 3846 459 3939 amplior
475 3848 622 3915 accessio
639 3851 709 3916 liet.
759 3847 876 3919 Cudes
895 3865 1010 3920 autem
1034 3865 1067 3920 et

78 3953 271 4023 versiculos
299 3963 333 4019 et
351 3949 502 4019 solutam
526 3949 738 4017 orationem:
765 3951 868 4018 video
888 3952 981 4019 enim
1000 3976 1067 4041 pu-

71 4048 265 4124 tidiuscule
288 4052 423 4134 dicere,
456 4063 630 4143 quotquot
657 4049 819 4140 poeticen
846 4074 919 4118 non
943 4053 1068 4139 attig'e-

79 4168 180 4240 runt,
207 4157 381 4246 planeque
402 4147 503 4221 humi
524 4175 664 4242 repere,
691 4174 755 4219 nec
771 4151 959 4220 verborum
976 4176 1067 4242 pon-

77 4260 166 4339 dus,
190 4271 250 4327 aut
268 4256 380 4323 ullam
403 4254 594 4342 figurarum
611 4254 682 4321 vim
707 4267 839 4322 tenere.
894 4251 967 4321 lam
987 4278 1065 4322 cum

76 4381 220 4449 asperas
234 4359 524 4447 confragosasque
540 4355 812 4446 compositiones
826 4355 938 4424 multo
954 4355 998 4424 sit
1013 4357 1068 4424 fa-

77 4461 240 4532 cilimum
255 4459 293 4526 in
307 4458 466 4528 versibus
482 4452 755 4547 deprehendere,
780 4457 830 4539 sn,
856 4470 897 4527 ut
913 4459 973 4550 qui
990 4482 1066 4527 car·

73 4586 162 4632 rnen
179 4561 348 4643 condunt,
371 4562 414 4628 de
430 4560 563 4627 solutae
577 4559 748 4628 orationis
762 4560 921 4627 numeris
938 4561 1066 4640 rectius

76 4665 251 4741 indicent.
301 4658 348 4731 Et
382 4656 477 4730 haud
510 4661 582 4729 scio
617 4685 662 4728 an
689 4664 732 4729 de
758 4661 869 4730 literis
900 4663 1066 4747 omnibns

75 4781 195 4837 actum
213 4763 275 4844 sit,
302 4763 363 4831 ubi
380 4763 515 4853 poetice
529 4763 680 4831 fastidiri
697 4764 862 4853 coeperit.
897 4761 957 4834 Fit
971 4766 1065 4832 cuim

74 4883 117 4939 ut
134 4879 282 4938 ornatus
299 4865 532 4957 splendorque
550 4867 739 4933 verborum
761 4865 863 4950 nullo
887 4865 924 4932 in
950 4867 1065 4956 precio

75 4971 141 5049 sit,
175 4969 315 5036 minore
340 4990 420 5034 cura
444 4967 636 5050 scribatur,
670 4967 877 5036 oscitantius
907 4967 1067 5058 legantur

74 5070 227 5169 omnia,
259 5092 378 5138 rerum
414 5069 704 5160 inquirendarum
740 5069 896 5137 studium
929 5070 1063 5158 frigeat.

74 5170 196 5262 Quare
219 5185 253 5240 et
276 5168 452 5241 Romanis
476 5172 693 5262 temporibus
723 5171 878 5259 poeticae
907 5187 1065 5240 contem-

72 5262 176 5369 ptum
196 5273 416 5342 incredibilis
441 5271 576 5342 inscitia
602 5298 720 5343 rerum
743 5274 919 5357 omnium,
947 5275 1066 5343 infan-

73 5377 195 5468 tiaque
209 5390 324 5444 secuta
339 5389 402 5445 est.
454 5370 502 5445 Et
518 5399 632 5466 nuper
654 5378 740 5444 adeo
759 5400 838 5443 cum
860 5377 974 5444 nostri
998 5371 1065 5443 ho-

72 5479 190 5549 mines
202 5477 392 5549 versiculos
407 5478 522 5549 facere
537 5478 744 5570 coepissent,
768 5500 848 5547 cum
864 5477 976 5548 literis
991 5502 1065 5548 me-

507 320 519 386 Ᾰ
582 330 743 406 DECL.
772 313 847 403 DE
879 326 1154 404 ENCOMIO
1187 324 1630 418 ELOQUENTlAE.

2073 335 2124 408 62

1127 501 1277 570 lioribns
1301 500 1340 568 in
1362 499 1510 589 gratiam
1536 501 1682 568 rediere.
1733 499 1805 570 Nec
1827 501 1931 571 video
1952 528 2014 594 ego
2033 529 2118 575 con·

1127 603 1259 672 servari
1281 625 1380 693 posse
1403 602 1573 694 quicquid
1600 603 1691 672 illud
1711 615 1761 671 est
1785 603 1996 692 elegantiae,
2022 609 2118 699 quod
2186 631 2192 641 ·

1126 701 1194 774 hor
1215 704 1332 776 seculo
1354 704 1534 788 refloruit,
1560 703 1629 773 nisi
1656 707 1848 773 exercendo
1866 708 1957 799 stylo
1975 732 2138 783 carmen¹

1126 808 1290 876 iuventus
1314 807 1513 879 meditetur.
1574 806 1693 875 Sensit
1717 820 1750 876 et
1775 806 1828 875 M.
1845 804 1969 879 Cicero
1993 811 2118 880 facun-

1126 910 1220 977 diam
1244 907 1403 977 versibus
1428 909 1624 976 scribendis
1642 908 1708 990 ali,
1740 931 1886 1000 eamque
1908 912 1954 978 ob
1977 935 2118 981 causam

1126 1025 1159 1080 et
1175 1034 1275 1100 saepe
1291 1009 1466 1099 scripsisse
1481 1035 1635 1094 carmen,
1661 1022 1696 1079 et
1712 1007 1898 1080 Poetarum
1917 1014 2116 1101 perstudio-

1126 1137 1203 1182 sum
1221 1112 1327 1180 fuisse
1343 1118 1492 1182 constat:
1539 1111 1638 1180 Vidit
1654 1113 1840 1201 posteritas
1858 1113 2026 1206 pleraque
2040 1115 2115 1184 eius

1125 1216 1394 1305 epigrammata,
1427 1226 1615 1305 extantque
1641 1207 1748 1281 hodie
1774 1215 1844 1282 loci
1865 1216 2001 1307 aliquot
2031 1216 2115 1286 illu·

1125 1317 1249 1386 strium
1269 1314 1457 1384 Poetarum
1472 1317 1517 1383 ab
1541 1316 1617 1403 ipso
1634 1313 1754 1383 latinis
1776 1316 1936 1384 versibus
1953 1318 2115 1386 luculen-

1126 1419 1255 1488 tissime
1293 1416 1451 1507 expositi.
1518 1415 1657 1484 Plinius
1691 1410 1827 1484 Orator
1865 1418 1967 1487 editis
2008 1421 2114 1487 etiam
2203 1420 2208 1426 '

1126 1519 1295 1611 poematis
1319 1531 1466 1588 testator
1490 1512 1558 1585 hoc
1581 1517 1717 1599 studio,
1751 1517 1894 1586 dicendi
1918 1520 1987 1586 vim
2012 1521 2114 1590 adiu-

1126 1621 1211 1690 vari.
1249 1620 1405 1689 Proinde
1420 1620 1483 1712 qui
1499 1620 1667 1687 discendo
1682 1620 1794 1687 bonas
1812 1614 1917 1688 horas
1933 1622 2023 1689 bene
2040 1622 2114 1691 col-

1124 1725 1239 1792 locare
1256 1723 1395 1806 volent,
1415 1735 1573 1790 veterum
1595 1721 1794 1814 exemplum
1813 1722 2016 1807 imitentur,
2042 1740 2114 1816 sty-

1124 1826 1248 1915 loque,
1281 1838 1321 1892 ut
1348 1822 1595 1911 Quintilianus
1622 1822 1688 1906 ait,
1722 1823 1818 1890 fideli
1847 1836 1880 1892 et
1910 1825 2113 1894 facundiam

1125 1939 1265 2015 parent,
1301 1940 1334 1996 et
1355 1923 1528 1992 iudicium
1557 1938 1695 1996 acuant.
1755 1919 1991 1994 Vehementer
2019 1926 2115 1994 enim

1123 2027 1314 2110 falluntur,
1339 2026 1470 2116 siquid
1488 2025 1563 2092 sine
1580 2020 1645 2094 bac
1660 2025 1908 2096 exercitatione
1929 2042 2114 2118 promotu-

1124 2151 1182 2196 ros
1198 2150 1234 2196 se
1252 2128 1291 2194 in
1308 2128 1420 2197 literis
1443 2141 1594 2218 sperant.
1648 2127 1751 2197 Mare
1766 2128 1874 2197 vitem
1892 2130 1996 2199 citius
2013 2130 2114 2211 ferat,

1124 2236 1229 2322 quain
1245 2229 1502 2314 eruditionem,
1525 2243 1587 2299 aut
1603 2230 1744 2298 dicendi
1767 2231 1967 2299 facultatem
1990 2254 2114 2300 conse·

1124 2344 1252 2423 quatur
1267 2332 1307 2416 is,
1333 2332 1396 2423 qui
1413 2343 1579 2423 tanquam
1596 2331 1836 2420 Mandragora
1851 2335 1997 2422 sopitus,
2018 2356 2113 2402 nun·
2133 2385 2136 2390 .

1123 2456 1228 2525 quam
1247 2433 1427 2502 incalescit
1441 2447 1482 2500 ut
1497 2434 1676 2519 ingenium
1694 2436 1965 2502 commentando
1990 2458 2113 2523 exper-

1123 2535 1278 2623 gefaciat.
1328 2531 1486 2626 Exposui
1502 2558 1589 2626 quae
1605 2550 1659 2601 me
1675 2534 1830 2602 rationes
1847 2537 1889 2602 ad
1908 2536 2037 2603 artium
2055 2535 2113 2603 di-

1123 2636 1225 2705 cendi
1243 2637 1397 2705 studium
1412 2635 1585 2720 invitent,
1611 2660 1755 2726 nempe,
1781 2637 1877 2727 quod
1894 2649 1928 2704 et
1945 2649 2037 2705 certa
2056 2636 2113 2705 di-

1123 2738 1228 2806 cendi
1252 2737 1342 2806 ratio
1365 2738 1584 2806 observanda
1608 2739 1674 2820 sit,
1700 2752 1735 2807 et
1757 2732 1885 2806 harum
1903 2739 2032 2807 artium
2046 2761 2114 2806 usu

1122 2840 1289 2908 studiosis
1303 2835 1470 2907 nonnihil
1487 2839 1611 2906 iudicii
1627 2840 1776 2908 accedat.
1811 2837 1911 2926 Quae
1928 2839 2050 2930 siquis
2067 2840 2112 2918 ad

1122 2964 1158 3006 se
1179 2937 1269 3009 nihil
1294 2942 1471 3030 pertinere
1494 2940 1618 3020 sentit,
1649 2940 1680 3005 is
1700 2936 1795 3007 haud
1820 2940 1927 3008 dubie
1945 2941 1989 3008 ab
2012 2940 2111 3007 omni

1122 3037 1342 3111 humanitate
1366 3041 1570 3127 longissime
1594 3040 1703 3112 abest.
1755 3037 1888 3110 Contra
1909 3041 2016 3125 boni,
2049 3041 2112 3111 ubi

1123 3144 1391 3211 commodorum
1413 3142 1506 3224 vim,
1546 3165 1635 3233 quae
1664 3144 1709 3209 ad
1738 3165 1805 3210 nos
1827 3167 1846 3211 a
1870 3166 2032 3211 sermone
2055 3166 2113 3212 rc·
2218 3198 2223 3208 .

1121 3245 1249 3327 deant,
1288 3244 1515 3333 contemplati
1534 3242 1690 3326 fuerint,
1725 3244 2111 3337 animadverterintque

1121 3359 1152 3413 et
1177 3359 1269 3414 certa
1288 3347 1426 3414 ratione
1450 3345 1590 3435 dicendi
1614 3366 1704 3432 opus
1728 3369 1818 3428 esse,
1846 3342 1951 3415 ethis
1974 3347 2110 3416 artibus

1120 3447 1261 3535 ingenia
1286 3447 1434 3517 cultiora
1459 3448 1579 3529 reddi,
1603 3446 1709 3528 velis,
1735 3461 1774 3516 ut
1792 3449 1913 3531 aiunt,
1937 3473 1978 3517 ac
2004 3449 2110 3517 remis

1119 3551 1163 3616 ad
1181 3543 1266 3617 haee
1281 3550 1397 3618 studia
1415 3550 1667 3640 properabunt.
1711 3546 1842 3618 Verum
1859 3564 1941 3619 sunt
1956 3573 2030 3617 non
2047 3572 2110 3638 pa-

1119 3674 1200 3718 rum
1216 3652 1319 3719 multi
1333 3652 1538 3741 praesertim
1557 3645 1625 3717 hoc
1647 3664 1826 3741 tempore,
1852 3652 1913 3743 qui
1932 3653 2109 3719 bonorum

1120 3776 1259 3820 cursum
1277 3749 1473 3832 morantur,
1501 3747 1539 3819 hi
1555 3753 1597 3819 ad
1616 3750 1911 3839 Theologicarum
1926 3753 2108 3818 literarum

1119 3854 1361 3923 tractationem
1382 3867 1510 3936 negant
1526 3852 1667 3918 dicendi
1682 3840 1811 3919 artium
1826 3851 2008 3918 scientiam
2023 3874 2110 3918 con·

1119 3955 1262 4020 ducere:
1290 3953 1474 4041 coepitque
1492 3946 1549 4015 hic
1568 3972 1684 4034 error,
1710 3974 1773 4018 ceu
1796 3952 2005 4039 contagione
2022 3976 2110 4044 qua-

1119 4055 1200 4120 dam
1229 4051 1298 4119 late
1322 4065 1484 4141 vagatus,
1518 4050 1710 4140 plurimos,
1743 4053 1806 4143 qui
1835 4076 1880 4122 ne
1909 4077 1984 4122 non
2005 4053 2109 4121 valde

1119 4149 1349 4242 theologicari
1387 4154 1598 4235 videantur,
1636 4147 1863 4223 humaniores
1904 4155 2109 4246 disciplinas

1118 4278 1241 4323 omnes
1257 4269 1500 4324 contemnunt.
1552 4250 1629 4342 Ego
1645 4278 1729 4324 vero
1751 4257 1843 4327 serio
1865 4257 1946 4325 illos
1967 4252 2108 4327 theolo-

1118 4358 1226 4448 gicari
1250 4357 1421 4447 optarim,
1456 4380 1565 4450 eaque
1588 4371 1782 4447 praestare,
1817 4383 1906 4452 quae
1933 4354 2108 4428 Christia-

1119 4484 1200 4527 nam
1229 4470 1382 4528 mcntem
1408 4461 1543 4529 decent.
1602 4457 1707 4528 Nunc
1735 4460 1839 4529 video
1870 4456 2107 4549 theologicum

1118 4585 1248 4630 nomen
1272 4561 1432 4651 ignaviae
1456 4575 1592 4630 tantum
1618 4562 1790 4651 praetexi,
1817 4562 1989 4631 caeterum
2015 4559 2107 4630 nihil

1118 4665 1236 4731 minus
1259 4687 1351 4747 esse,
1385 4687 1489 4756 quam
1511 4663 1606 4755 qnod
1631 4665 1851 4752 profitentur.
1903 4663 1993 4733 Nam
2020 4666 2106 4733 dum

1118 4765 1212 4855 piget
1225 4766 1432 4854 elegantiam
1447 4765 1589 4847 discere,
1618 4787 1721 4855 seque
1737 4765 1943 4834 difficilimis
1959 4766 2108 4856 scripto·

1118 4868 1216 4936 ribus
1246 4867 1470 4945 evolvendis,
1505 4868 1767 4957 exercendoque
1798 4867 1888 4960 stylo
1919 4892 2109 4954 macerare,

1118 4994 1232 5060 neque
1255 4969 1349 5037 enim
1372 4969 1526 5038 ullarum
1551 4968 1733 5035 literarum
1755 4971 1909 5057 cognitio
1933 4971 2009 5038 sine
2032 4972 2106 5041 acri

1117 5071 1233 5139 studio
1250 5072 1439 5161 contingit,
1466 5071 1495 5139 si
1517 5071 1659 5163 quando
1682 5071 1827 5138 domum
1847 5073 1938 5139 bene
1959 5073 2032 5162 poti
2052 5097 2108 5143 re·
2201 5066 2203 5071 ⁵

1117 5173 1224 5257 diere,
1250 5174 1518 5244 conciunculam
1536 5172 1690 5263 aliquam
1707 5173 1840 5261 legunt,
1864 5174 1949 5242 inde
1965 5174 2028 5244 ubi
2046 5177 2107 5243 de-

1116 5276 1328 5366 cerpserint,
1352 5299 1440 5369 quae
1456 5276 1498 5342 ad
1517 5268 1736 5343 stomachum
1752 5276 1898 5361 faciunt,
1923 5277 2050 5364 passim
2069 5277 2106 5341 in

1116 5378 1307 5462 conviviis,
1349 5401 1431 5446 nam
1464 5376 1515 5445 ibi
1544 5376 1766 5467 potissimum
1795 5378 1955 5468 sapiunt,
1990 5373 2107 5443 decla-

1116 5494 1228 5550 mant:
1250 5494 1283 5550 et
1299 5479 1380 5572 quia
1398 5479 1524 5570 vulgus
1538 5479 1732 5570 adplaudit,
1759 5478 1828 5547 iam
1845 5500 1928 5546 vero
1943 5475 2013 5545 sibi
2027 5489 2106 5546 tan-
