4756 6022
239 357 288 431 79
980 347 1140 428 DECL.
1169 349 1244 425 DE
1277 348 1539 426 LEGIBUS.
2228 351 2278 425 80

237 529 338 602 nulla
360 528 467 599 faerit
488 525 647 618 Respub.
674 546 764 617 quae
792 535 853 592 aut
881 521 984 614 plura
1015 523 1139 610 nobis,
1172 540 1233 598 aut
1283 525 1321 595 ln
1340 525 1417 594 loro
1436 524 1528 614 apud
1550 545 1616 592 nos
1634 546 1709 592 non
1725 537 1950 595 versarentur
1965 521 2150 596 Romsuae
2173 525 2278 616 leges,

239 634 432 704 illustriora
463 629 604 698 virtutis
635 623 936 717 humanitatisque
964 626 1144 717 exempla,
1172 641 1234 697 ant
1284 629 1323 695 in
1352 620 1580 695 bibliothecis
1610 648 1667 695 eas
1696 628 1894 711 adservari,
1927 641 1968 697 ut
1993 629 2075 695 inde
2105 630 2279 718 gerendae

240 732 467 807 humaniores
490 732 581 819 leges
601 751 798 822 proponere
822 727 1000 816 potuerit?
1036 726 1121 797 Fuit
1143 730 1232 798 illud
1284 727 1439 819 Reipub.
1465 729 1638 797 rationem
1662 729 1767 818 aequi
1794 741 1828 798 et
1855 729 1969 822 iniqui
1994 730 2126 799 iustum
2152 729 2279 798 discri-

241 837 389 907 omnino
411 833 557 902 unicum
575 830 717 900 virtutis
739 843 844 921 atque
861 823 1090 900 humanitatis
1109 831 1146 898 in
1163 844 1235 901 ter·
1285 854 1368 898 men
1384 842 1563 920 peterent,
1591 828 1794 923 quicunque
1814 834 1859 899 ad
1883 831 2023 920 publica
2041 854 2190 900 munera
2204 843 2281 898 tra-

241 938 290 1008 ris
306 934 539 1005 domicilium.
576 931 740 1020 Longum
756 931 862 999 fuerit
878 931 1076 1023 recensere,
1101 933 1163 1026 qui
1183 933 1235 1001 ibi
1287 932 1414 1001 ctanda
1430 931 1591 1000 animum
1612 930 1828 1006 adiecerunt.
1882 931 1981 1020 Quid
2001 932 2096 1000 enim
2112 931 2283 1002 furiosius

242 1042 340 1110 iuxta
364 1037 457 1106 etin
480 1050 560 1125 toga
584 1032 744 1116 et'foris,
778 1032 939 1101 omnium
961 1034 1046 1102 belli
1072 1035 1236 1127 pacisque
1288 1047 1357 1116 est,
1382 1055 1511 1125 quam,
1533 1033 1628 1122 qnod
1654 1032 1727 1100 fere
1751 1035 1887 1115 evenit,
1914 1037 2078 1109 accedere
2101 1036 2146 1103 ad
2169 1028 2283 1104 Rem-

244 1140 374 1211 artium
393 1138 509 1228 periti,
536 1136 619 1204 clari
637 1135 746 1205 fuere.
784 1131 869 1201 Noti
885 1146 968 1202 sunt
983 1132 1137 1218 Camilli,
1163 1138 1236 1206 Cu-
1290 1137 1373 1227 pub.
1389 1133 1499 1202 nullis
1515 1134 1706 1202 instructos
1724 1133 1854 1220 literis,
1880 1135 1977 1204 nulla
1996 1137 2192 1227 praeditos,
2216 1157 2284 1203 ne·
2366 1172 2370 1177 ·

244 1243 311 1324 rii,
336 1240 516 1320 Fabricii,
542 1236 664 1320 Fabii,
696 1232 857 1316 Claudii,
884 1233 1085 1326 Scipiones,
1109 1234 1238 1320 Crassi,
1289 1261 1357 1330 que
1386 1229 1636 1320 humanitatis,
1669 1258 1784 1328 neque
1814 1238 2000 1329 aequitatis
2029 1235 2199 1306 scientia?
2241 1233 2283 1304 ln

247 1342 342 1428 lulli,
367 1339 567 1420 Cloefflsses,
594 1337 772 1408 semla&
805 1332 1063 1407 Didiceranthi
1080 1337 1237 1432 Respuh.
1290 1359 1428 1407 scenam
1446 1359 1551 1404 nemo
1569 1336 1706 1427 prodit,
1732 1338 1802 1406 uisi
1820 1334 2065 1408 histrionicam
2082 1339 2193 1429 probe
2207 1361 2286 1406 me-

242 1440 387 1534 regere,
412 1466 486 1510 uon
501 1442 538 1509 in
555 1442 701 1518 umbra,
726 1451 759 1506 et
775 1437 812 1504 in
828 1437 923 1520 ocio,
947 1454 988 1508 ut
1003 1436 1152 1525 Graeci,
1178 1441 1237 1510 sed
1291 1441 1438 1509 ditatus:
1467 1461 1573 1505 nemo
1591 1438 1721 1507 fidibus
1742 1439 1852 1526 ludit,
1878 1440 1948 1507 nisi
1967 1440 2138 1510 Marsicam
2155 1452 2285 1512 teneat,

249 1548 288 1617 in
312 1547 443 1614 soleae
462 1542 629 1634 pulvere,
654 1563 758 1607 usum
781 1539 965 1628 magistro,
991 1541 1088 1626 vim,
1114 1542 1239 1612 incon·
1292 1539 1437 1628 Qaaanto
1452 1540 1564 1626 magis
1579 1553 1717 1630 oportet
1732 1564 1810 1626 eos,
1836 1542 1897 1635 qui
1913 1540 2070 1633 Respub.
2086 1553 2286 1634 capessunt,

248 1647 433 1729 stantiam,
457 1643 642 1734 variasque
663 1641 861 1710 voluntates
877 1641 994 1729 vulgi,
1021 1643 1118 1711 domi
1135 1645 1240 1713 luris·
1293 1643 1353 1735 qui
1373 1641 1575 1724 consilium,
1601 1641 1663 1732 qui
1681 1665 1784 1731 opem
1797 1645 2047 1713 innocentibus
2059 1645 2287 1734 pollicentur,

251 1772 319 1842 qne
338 1747 440 1817 toties
456 1745 600 1835 experti,
627 1756 757 1810 norant
774 1742 905 1834 quibus
921 1742 1056 1811 artibus
1074 1745 1110 1811 in
1124 1746 1240 1814 officio
1292 1738 1453 1812 honestis
1478 1743 1613 1812 artibus
1636 1744 1796 1813 dedolari
1820 1759 1938 1826 antea,
1966 1760 1999 1816 et
2017 1746 2055 1812 in
2081 1740 2201 1814 schola
2221 1747 2287 1813 bo-

252 1850 435 1927 eetinenda
451 1847 702 1937 tractandaqae
719 1844 764 1912 sit
781 1843 984 1926 multitudo,
1008 1861 1138 1915 norant
1152 1869 1241 1938 quae
1294 1868 1557 1912 narumrernm
1573 1846 1710 1929 studio,
1733 1847 1959 1934 gravioribus
1975 1848 2129 1936 negociis
2145 1846 2287 1937 praela-

252 1947 439 2044 pharmaca
463 1947 646 2017 civitatum
668 1945 801 2013 morbis
823 1945 1068 2018 convenirent.
1123 1946 1243 2041 ltaque
1295 1945 1403 2015 dere?
1437 1944 1529 2014 Sunt
1555 1946 1651 2014 e'nim
1676 1941 1872 2018 hebetiores
1895 1951 1972 2017 fere
1990 1951 2026 2017 in
2044 1946 2287 2020 discernendis

253 2051 431 2141 Vergilius
452 2073 532 2118 cum
556 2046 643 2116 alias
668 2059 759 2115 artes
779 2046 860 2115 aliis
880 2046 1043 2134 gentibus
1064 2053 1244 2133 concedat,
1295 2048 1400 2116 rebus
1418 2047 1682 2132 communibus,
1707 2074 1859 2142 quorum
1883 2051 2055 2120 iudicium
2072 2051 2193 2120 nullae
2206 2049 2287 2118 lite-

220 2202 223 2206 *
252 2150 425 2226 Romanis
441 2149 621 2220 scientiam
639 2148 812 2238 gerendae
827 2144 982 2238 Reipub.
1000 2151 1142 2220 tribuit:
1297 2170 1356 2218 rae
1373 2162 1560 2233 acuerunt,
1586 2162 1648 2219 aut
1662 2151 1937 2237 confirmarunt,
1962 2165 1996 2222 et
2010 2153 2075 2222 leri
2093 2153 2203 2242 magis
2218 2151 2288 2219 im-

357 2292 408 2358 Tu
423 2314 525 2375 regere
538 2295 667 2373 imperio
683 2293 815 2372 populos
831 2286 967 2351 Romane
983 2306 1134 2356 memento
1298 2250 1615 2369 P⁰f⁰¹¹¹i⁰¹⁰⁸q¹¹⁰2
1627 2275 1779 2344 q⁰⁰¹¹¹¹¹¹
1796 2266 1934 2372 Ρθῑῗθῐῇ
1945 2254 2167 2363 ’ἳῦὅῦθῦοἳ
2181 2251 2288 2324 ilhel-

357 2393 480 2458 ΡΜ,
495 2397 656 2474 ,ώῑωὼ,
683 2406 713 2455 ,t
725 2393 872 2453 debellare
885 2396 1037 2476 ,apem
1298 2355 1396 2444 phoa
1413 2375 1485 2420 non
1503 2352 1645 2425 mollut.
1696 2351 1857 2423 Belluam
1873 2357 2029 2450 aliquam
2047 2354 2193 2426 immani
2210 2376 2289 2422 sac-

1299 2455 1384 2524 vitia
1398 2477 1438 2522 ex
1455 2477 1557 2522 cavea
1570 2455 1607 2522 in
1624 2455 1776 2523 mediam
1792 2459 2057 2527 multitudinem
2072 2459 2167 2529 iures
2182 2454 2290 2526 emis·

258 2563 371 2635 Porro
386 2585 466 2630 cum
485 2552 523 2626 hi
540 2557 601 2651 qui
617 2553 778 2626 Musicae
792 2581 935 2647 operam
953 2559 1070 2628 daturi
1088 2572 1182 2643 sunt,
1203 2560 1245 2626 ad
1299 2578 1372 2624 sam
1398 2578 1487 2637 esse,
1513 2579 1586 2623 non
1612 2555 1787 2644 imperare
1807 2553 2008 2645 hominem,
2035 2561 2148 2631 sicubi
2174 2559 2211 2627 in
2231 2548 2289 2627 in-

259 2663 499 2735 nobilissimos
520 2684 556 2728 se
571 2659 757 2745 magistros
779 2660 978 2744 conferant,
1001 2686 1080 2728 cum
1096 2662 1248 2753 pictores
1300 2658 1386 2727 culti
1410 2657 1636 2751 imperitique
1662 2657 1890 2748 Magistratus
1920 2656 2095 2751 potestate'
2111 2659 2289 2753 Rempuh.

260 2767 392 2858 optima
407 2761 475 2831 sibi
489 2760 646 2851 exempla
663 2775 882 2850 proponant,
908 2786 971 2830 cur
986 2786 1060 2830 non
1080 2778 1114 2832 et
1134 2763 1171 2830 in
1188 2787 1249 2851 ge·
1301 2783 1374 2828 esse
1397 2758 1541 2826 videris.
1594 2756 1714 2846 Quare
1739 2787 1759 2829 a
1784 2763 1996 2832 doctissimis
2018 2760 2225 2834 h0minfihus
2245 2763 2290 2830 de

260 2869 369 2940 reoda
385 2863 524 2956 Repub.
542 2862 674 2952 optime
694 2862 904 2933 constitutae
929 2864 1028 2933 urbis
1045 2879 1118 2934 tum
1134 2888 1249 2933 exem·
1301 2859 1464 2949 regendis
1477 2860 1692 2943 civitatibus,
1714 2862 1758 2932 de
1774 2863 1863 2949 iure,
1880 2890 2047 2958 aequone
2065 2869 2160 2936 bono
2176 2863 2291 2933 multa

261 2971 338 3065 pla,
365 2980 438 3036 tum
465 2965 557 3055 leges
579 2964 856 3054 usurparemus?
887 2963 1056 3035 Milesias
1069 2967 1174 3034 credo
1190 2980 1250 3034 aut
1301 2961 1498 3051 conscripta
1515 2973 1617 3041 scant,
1643 2974 1683 3031 ut
1701 2962 1774 3032 vim
1792 2965 1934 3038 virtutis
1953 2984 1986 3040 et
2009 2967 2167 3038 iustitiae
2183 2965 2292 3034 Prin-

261 3069 467 3144 Sibariticas
482 3067 574 3156 teges
588 3065 658 3150 isti,
685 3079 723 3135 ut
737 3080 820 3135 sunt
835 3066 984 3159 impuri,
1009 3068 1112 3137 nobis
1125 3070 1250 3150 ferent,
1302 3065 1419 3154 cipum
1437 3062 1549 3131 oculis
1566 3062 1789 3140 subiicerent.
1832 3065 1964 3140 Extant
1979 3068 2139 3140 Platonis
2153 3065 2292 3160 politici

264 3172 326 3265 qui
343 3167 523 3240 Romanas
537 3179 720 3257 tantopere
735 3172 899 3242 oderunt.
937 3167 987 3239 M.
1003 3166 1147 3253 Cicero,
1169 3193 1248 3239 cum
1304 3165 1386 3233 libri
1406 3187 1479 3232 oon
1497 3163 1619 3256 pauci,
1645 3179 1762 3235 extant
1784 3169 1908 3236 eodem
1931 3186 2139 3254 argumento
2156 3183 2190 3241 et
2207 3165 2293 3238 Ari·
2332 3233 2335 3238 ,

264 3278 312 3344 ἀε
332 3269 467 3360 optimo
490 3266 641 3337 civitatis
661 3280 753 3337 statu
776 3271 950 3358 disputat,
976 3293 1050 3338 uon
1073 3271 1160 3340 alias
1182 3270 1253 3340 nisi
1303 3266 1473 3347 stotelici,
1496 3265 1656 3356 depinxit
1676 3261 1840 3358 graphice
1857 3265 2059 3360 Principem
2077 3265 2294 3363 Xenophon,

264 3372 446 3447 Romanas
487 3369 579 3457 leges
619 3369 706 3447 lert,
750 3391 877 3461 easque
914 3384 1062 3440 naturae
1102 3371 1253 3440 maxime
1304 3391 1409 3460 quem
1433 3364 1552 3456 Scipio
1575 3367 1625 3449 sic
1651 3390 1784 3437 amasse
1812 3369 1943 3450 fertur,
1977 3385 2018 3442 ut
2042 3395 2228 3462 naxxaquam
2248 3376 2294 3444 de

265 3474 427 3548 omnium
443 3481 696 3541 consentaneas
712 3492 785 3538 esse
801 3485 933 3542 censet:
959 3473 1015 3541 cui
1030 3473 1061 3551 si
1076 3474 1161 3565 quid
1178 3496 1253 3541 cre·
1303 3493 1413 3537 manu
1443 3481 1598 3559 poneret.
1642 3465 1785 3541 ‘Fateor
1809 3471 1853 3540 tle
1879 3472 1987 3542 rebus
2011 3466 2179 3541 humanis
2205 3474 2294 3544 istos

265 3577 397 3658 dimus,
421 3586 581 3643 enatura
597 3572 794 3653 discedunt,
819 3568 1101 3666 quiaRomanis
1118 3575 1254 3665 legibus
1304 3565 1542 3640 benemeritos
1578 3582 1671 3656 esse,
1713 3586 1747 3644 et
1777 3574 1889 3643 multa
1913 3574 2059 3659 ,utiliter
2094 3578 2297 3663 monuisse,

266 3676 452 3750 dissident.
504 3672 703 3742 Vernaculo
733 3676 887 3766 quodam
912 3674 984 3746 iuri
1007 3675 1165 3748 Saxones
1190 3677 1254 3745 ad·
1306 3673 1718 3763 dignosqueducoesse,
1740 3675 1802 3767 qui
1821 3675 2059 3762 inmanibus,
2084 3677 2296 3768 insinuge-

264 3777 336 3852 huc
352 3775 484 3848 alicubi
500 3788 685 3858 utuntur,
700 3775 738 3844 in
761 3800 961 3869 quoquam
985 3777 1098 3850 multa
1118 3803 1159 3846 ex
1178 3776 1254 3850 Ro·
1306 3786 1444 3845 stentur
1467 3775 1511 3842 ab
1534 3773 1719 3860 omnibus,
1749 3779 1844 3866 apud
1869 3801 1957 3871 quos
1978 3779 2017 3849 in
2041 3780 2159 3872 precio
2182 3779 2298 3851 virtus

267 3878 382 3959 mauis
405 3877 542 3968 legibus
565 3872 749 3948 emendata
771 3878 879 3947 sunt?
912 3878 1011 3967 Quid
1040 3881 1109 3951 luit
1136 3879 1255 3948 minus
1307 3888 1374 3945 est:
1399 3899 1521 3943 verum
1535 3875 1654 3981 nescio
1669 3901 1740 3968 qno
1757 3874 1965 3949 modomihi
1980 3884 2205 3955 adumbrasse
2219 3906 2297 3953 ma-

267 3979 479 4070 humanum,
505 4003 611 4072 quam
628 3981 723 4072 quod
739 3991 880 4049 vetuere
895 3979 1062 4067 Saxones,
1087 4007 1131 4051 ne
1145 4005 1256 4073 nepo·
1307 3978 1377 4068 gis,
1403 4000 1511 4069 quam
1529 3976 1619 4045 vivis
1642 3979 1822 4049 coloribus
1845 3983 2053 4072 expressisse
2067 3982 2225 4075 Respub.
2241 3985 2298 4053 vi-

268 4087 364 4157 tibus
379 4082 508 4150 amisso
524 4091 632 4170 patre,
656 4078 750 4147 avita
767 4075 965 4153 haereditas
981 4085 1143 4156 veniret?
1167 4080 1258 4155 Cor·
1309 4083 1457 4161 dentur,
1489 4080 1574 4148 dum
1600 4102 1618 4147 a
1641 4081 1822 4150 communi
1843 4087 2098 4160 consuetudine
2125 4101 2159 4158 et
2180 4086 2298 4159 civili-

215 4242 219 4247 -
269 4200 363 4258 tecla
386 4184 442 4251 lex
466 4191 518 4249 est
548 4179 585 4247 in
615 4179 768 4248 comitiis
790 4182 1005 4270 populorum
1033 4184 1258 4270 Germaniae,
1309 4184 1377 4252 bus
1392 4183 1552 4250 moribus
1568 4178 1707 4268 longius
1723 4185 1909 4268 recedunt,
1935 4203 1969 4259 et
1985 4211 2050 4280 pro
2064 4213 2129 4258 suo
2147 4188 2299 4282 quisque

270 4289 472 4377 latumque,
496 4293 537 4350 ut
551 4279 716 4371 deinceps
733 4278 935 4352 Romanum
951 4284 1006 4354 ius
1022 4308 1060 4353 ea
1078 4298 1176 4376 parte
1193 4285 1259 4357 Sa·
1309 4277 1489 4375 stomacho
1514 4280 1692 4350 civitatem
1714 4281 1782 4352 sibi
1799 4288 1964 4359 somniat.
2014 4286 2139 4375 Plato,
2161 4303 2202 4360 ut
2219 4313 2300 4360 cae.

271 4409 381 4460 xones
396 4394 639 4477 sequerentur.
673 4378 720 4449 Et
735 4382 962 4472 municipalia
977 4386 1105 4477 passim
1120 4399 1259 4472 statuta,
1311 4399 1383 4455 tera
1401 4385 1574 4466 omittam,
1600 4383 1765 4454 mulieres
1781 4386 1886 4456 etiam
1904 4389 2181 4466 militareiubet.
2213 4390 2300 4461 Ari.

271 4489 410 4584 quoties
430 4482 588 4577 aequitas
613 4483 741 4573 poscit,
775 4496 857 4552 sunt
879 4487 974 4554 enim
998 4487 1072 4557 sere
1097 4488 1258 4574 barbara,
1311 4486 1453 4558 stotelcs
1483 4485 1642 4567 dubitat,
1674 4509 1720 4553 an
1747 4488 1878 4578 oppida
1910 4491 2097 4563 moenibus
2126 4494 2300 4583 cingenda

271 4587 446 4665 Romanis
470 4586 605 4676 legibus
628 4587 872 4657 emendantur.
931 4584 1103 4683 Adeoque
1131 4608 1260 4679 tnagno
1312 4589 1394 4660 sint.
1447 4585 1502 4659 Ad
1520 4583 1605 4656 haec
1619 4585 1758 4675 frigidis
1773 4591 1918 4679 argutiis
1938 4593 2010 4661 lere
2033 4593 2223 4665 immodice
2236 4595 2302 4663 de-

272 4715 445 4765 conssnsu
470 4690 526 4758 lus
545 4683 942 4781 Romanum-tanquam
966 4692 1176 4773 oraculum,
1197 4716 1261 4761 na·
1313 4691 1497 4759 lectantur.
1547 4687 1710 4763 Socrates
1742 4694 1835 4782 apud
1870 4690 2054 4764 Platonem
2087 4721 2129 4768 ex
2162 4695 2302 4767 iusticia

273 4795 388 4866 tiones
408 4813 531 4861 omues
546 4789 590 4858 de
611 4787 786 4883 aequitate
803 4791 1011 4878 consulunt,
1031 4795 1261 4887 sentiuntque
1312 4785 1507 4884 κλεπτικήν
1530 4790 1624 4862 facit.
1674 4788 1883 4862 Aristoteles
1902 4796 2027 4884 partim
2050 4799 2088 4868 in
2112 4799 2302 4890 geometri.

273 4897 366 4988 leges
390 4907 424 4963 et
448 4891 574 4984 placita
597 4891 716 4960 omnia
739 4891 783 4960 ad
801 4886 894 4962 hauc
916 4895 1073 4984 regulam
1091 4896 1181 4984 exigi
1199 4897 1262 4965 de·
1314 4895 1362 4963 cis
1388 4890 1697 4982 proportionibus,
1734 4894 1862 4985 partim
1892 4896 1930 4963 in
1955 4894 2184 4972 arithmeticis
2214 4926 2304 4972 cou-

274 5001 376 5081 bere,
401 5007 436 5065 et
452 4993 490 5062 in
511 4988 580 5062 hoe
602 5005 720 5061 extare
736 4993 880 5074 volunt,
907 5008 947 5064 ut
968 4996 1006 5065 in
1024 4996 1263 5067 diiudicandis
1314 4997 1435 5065 sistere
1454 4992 1628 5063 iusticiam
1646 4995 1782 5068 scribit.
1823 4992 1920 5066 Laus
1939 4999 2073 5089 ingenii
2095 5002 2227 5094 petitur
2245 4997 2304 5072 bis

270 5095 565 5193 pensitandisque
584 5095 753 5163 omnibus
769 5120 859 5186 quae
876 5096 913 5165 in
934 5098 1088 5188 puhlicis
1106 5099 1263 5186 consiliis
1316 5095 1486 5187 parergis,
1510 5097 1553 5163 ad
1572 5121 1646 5165 rem
1662 5120 1735 5165 non
1753 5096 1801 5165 ita
1819 5099 1969 5170 multum
1989 5102 2132 5175 latitant.
2184 5101 2305 5175 Abso-

274 5204 531 5281 decernuntur,
566 5195 755 5284 gnomonis
778 5197 853 5267 vice
874 5199 931 5268 sit.
990 5198 1080 5270 Tam
1105 5214 1262 5272 sanctam
1315 5199 1425 5268 lutam
1443 5221 1525 5278 vero
1539 5198 1691 5267 civitatis
1706 5198 1855 5288 effigiem
1870 5216 1921 5272 est
1935 5228 2078 5275 cernere
2092 5206 2129 5275 in
2144 5201 2200 5276 his
2215 5204 2306 5298 legi-

275 5302 509 5398 plurimarum
546 5295 705 5386 gentium
739 5299 1039 5389 conspirationem
1072 5297 1265 5394 reprehen-
1316 5301 1400 5382 bus,
1419 5323 1509 5392 quae
1527 5322 1599 5367 non
1618 5299 1656 5366 in
1673 5293 1804 5370 scholis
1824 5316 2037 5387 uatsesunt,
2063 5309 2176 5377 sedin
2194 5311 2305 5391 curia,

273 5412 374 5489 dere,
398 5400 483 5500 quid
499 5399 596 5468 aliud
613 5410 665 5467 est
682 5397 749 5466 nisi
766 5398 946 5471 insanire?
971 5399 1018 5473 Et
1034 5427 1112 5475 meo
1131 5403 1264 5474 iudicio
1315 5400 1353 5467 in
1371 5400 1468 5486 loro,
1493 5417 1531 5470 ut
1547 5399 1652 5469 bouis
1667 5401 1888 5492 profugium,
1913 5420 1947 5475 et
1966 5423 2106 5497 portus,
2127 5425 2164 5482 et
2175 5415 2305 5482 adver-

236 5522 238 5526 ‘
273 5528 357 5583 sene
372 5526 479 5599 qnam
500 5499 653 5571 multum
673 5499 875 5572 interfuerit
889 5499 1042 5594 Reipub.
1057 5520 1097 5577 ut
1114 5505 1264 5591 maxime
1315 5522 1394 5571 sum
1410 5503 1589 5594 improbos
1604 5500 1666 5570 teli
1682 5500 1756 5574 vice
1772 5520 1897 5579 essent.
1931 5505 1979 5578 Ut
1994 5509 2308 5588 offenduntMimi
