4732 6030
229 332 305 406 aas
410 420 413 425 ⁵
725 317 883 397 ouen
934 317 1012 394 nu
1043 318 1327 399 rnaurar.
1355 320 1411 395 m
1436 318 1758 401 nouarum
2193 333 2272 408 son

230 508 324 579 bene
343 452 409 588 sii,
433 498 568 593 inquit,
589 474 634 563 ¹ac
650 515 797 584 surgens
811 493 976 586 protinus
991 493 1067 587 ipse
1082 508 1224 588 quoque
1275 506 1396 564 contra
1420 493 1599 586 pessimis,
1622 508 1662 565 nt
1683 495 1828 565 maximi
1852 498 1951 572 liant.
2000 494 2099 592 Ergo
2123 505 2152 575 si
2176 507 2273 579 idem

230 612 327 682 iuras
359 606 403 675 ad
435 597 648 690 emptionem
681 597 829 688 piscium
866 598 1060 687 procurrit,
1103 602 1224 689 estque
1274 596 1387 666 literis
1404 609 1439 667 et
1462 592 1545 667 huic
1561 597 1742 667 doctrinae
1765 592 1995 672 humanitatis
2021 608 2169 694 accidit,
2196 636 2273 683 non

232 704 467 808 cytharoedus
497 698 594 769 solus
619 699 827 784 destitutus,
857 687 985 768 necin
1014 711 1111 769 tanta
1133 700 1223 768 urbe
1276 722 1409 768 novrum
1438 710 1499 769 aut
1520 699 1652 768 mirum
1682 698 1790 770 nimis
1813 701 1849 770 id
1879 704 1984 773 nobis
2013 707 2128 777 videri
2152 715 2272 800 debet,

231 822 391 904 repertus
406 816 458 873 est
472 800 671 894 quisquam,
697 801 759 894 qui
776 801 889 895 pluris
903 799 1090 889 Musicam,
1117 824 1223 896 quam
1275 824 1391 893 neque
1409 824 1475 870 nos
1489 801 1757 892 corruptissimo
1771 803 1868 893 vulgi
1887 805 2021 876 iudicio
2039 824 2073 879 et
2088 835 2207 884 errore
2224 819 2271 886 ab

230 908 393 1008 putridos
411 905 521 1000 pisces
538 905 679 978 faceret.
1276 898 1333 972 bis
1366 903 1492 972 studiis
1531 905 1691 973 amandis
1731 905 1961 1000 colendisque
1999 912 2128 983 abduci
2161 919 2288 989 deret.-

1275 1000 1371 1073 Haec
1393 1018 1434 1075 ut
1454 1005 1632 1095 praefarer
1655 1029 1735 1075 cum
1760 1008 1805 1076 de
1829 1005 1988 1080 Homero
2004 1026 2039 1081 et
2062 1009 2120 1084 his
2140 1021 2273 1090 nostris

335 1106 388 1180 lta
403 1103 460 1178 his
473 1106 695 1198 temporibus
706 1100 792 1176 baec
804 1106 923 1176 studia
938 1129 1080 1202 quoque
1095 1120 1129 1177 et
1144 1107 1225 1177 lite-
1275 1106 1403 1177 studiis
1426 1106 1586 1176 dicturus
1605 1129 1736 1192 essem,
1768 1131 1824 1178 res
1846 1109 1921 1203 ipsa
1944 1125 1980 1182 et
1998 1113 2193 1206 indignitas
2215 1145 2272 1190 me

233 1240 293 1289 rae
312 1210 553 1301 negliguntur.
604 1206 748 1278 Prornit
770 1232 806 1277 se
829 1210 979 1303 quisque
995 1214 1038 1280 ad
1064 1209 1225 1279 sordidas
1277 1209 1398 1278 movit.
1450 1206 1542 1296 Quis
1565 1207 1662 1277 enim
1682 1233 1757 1277 non
1779 1228 2061 1301 commoveatur,
2087 1220 2150 1312 qui
2175 1215 2270 1292 bunc

234 1333 269 1391 et
294 1327 521 1410 quaestuosas
541 1323 650 1396 artes,
677 1310 764 1380 diris
781 1312 1036 1403 cupiditatibus
1052 1325 1085 1382 et
1108 1310 1225 1380 ventri
1278 1325 1348 1380 tam
1370 1309 1546 1399 insignem
1567 1324 1808 1402 contemptum
1834 1339 1954 1385 rerum
1976 1320 2192 1407 optimarum
2213 1323 2269 1391 vi-

233 1420 411 1503 serviunt,
437 1427 575 1507 praeter
589 1413 692 1482 illurn
708 1414 847 1482 nullum
865 1411 980 1484 Deum
996 1427 1142 1486 norunt.
1178 1411 1228 1484 Ut
1277 1412 1381 1481 deut?
1435 1410 1507 1482 Vos
1533 1435 1596 1504 pro
1620 1428 1735 1483 vestra
1752 1408 1973 1488 humanitate
1997 1414 2089 1491 bane
2112 1438 2271 1495 nostram

233 1521 439 1613 ingenium,
464 1529 506 1587 ut
520 1529 655 1606 partem
677 1515 860 1585 meliorem
882 1541 921 1585 ac
936 1517 1148 1586 diviniorem
1171 1515 1225 1585 sni
1277 1514 1473 1608 querelam,
1501 1538 1607 1606 quarn
1632 1510 1723 1583 mibi
1742 1519 1911 1608 expressit
1924 1521 2030 1592 dolor
2050 1549 2150 1596 meus
2164 1541 2198 1598 et
2214 1526 2272 1595 in-

233 1625 395 1698 excolant
427 1632 617 1702 ornentve,
650 1617 818 1709 perpauci
842 1632 978 1692 curant.
1038 1615 1157 1712 thue
1186 1618 1224 1686 in
1278 1616 1432 1707 dignitas
1447 1614 1521 1701 rei,
1549 1615 1851 1695 boniconsuletis.

232 1726 442 1800 turbulento
458 1735 491 1790 et
507 1721 645 1789 ebrioso
661 1718 837 1804 convivio,
861 1714 1024 1789 homines
1038 1738 1227 1808 nugantur,

233 1831 374 1911 rident,
396 1823 652 1905 vociferantur,
675 1835 919 1914 perstrepunt,
945 1823 1090 1890 ludente
1106 1822 1225 1915 aliquo
1373 1815 1492 1910 Atque
1505 1831 1546 1889 ut
1559 1820 1603 1887 ad
1622 1819 1672 1904 id,
1697 1823 1825 1915 dequo
1842 1822 1879 1891 in
1895 1828 2091 1916 praesentia
2107 1829 2268 1901 instituta

234 1929 367 2020 insigni
394 1924 553 2008 Musica,
578 1947 644 1993 nec
665 1925 871 2007 advertunt,
898 1946 962 1991 nec
985 1923 1131 1993 auribus
1149 1923 1226 1991 ani·
1279 1931 1349 2003 est,
1380 1944 1417 1987 se
1441 1921 1570 1990 referat
1599 1923 1734 2013 oratio,
1764 1923 1913 1995 Homeri
1943 1936 2085 2019 mima,
2115 1946 2155 2002 ut
2181 1933 2268 2017 dixi,

234 2035 347 2105 misve
374 2027 552 2117 accipiunt
588 2025 687 2094 illam
718 2025 925 2096 suavitatem
947 2025 1121 2109 Murices,
1167 2039 1227 2095 aut
1278 2019 1356 2090 Diis
1378 2022 1711 2113 benelfaventibus,
1736 2026 1960 2118 interpretari
1981 2033 2139 2119 decrevi,
2165 2035 2268 2105 deco

157 2200 161 2207 .
235 2135 468 2231 perfruuntur
481 2153 539 2212 ea,
565 2126 614 2196 ita
631 2122 698 2194 boc
711 2127 866 2196 seculum
883 2128 957 2196 suis
973 2127 1226 2218 cupiditatibus
1279 2124 1318 2191 in
1342 2124 1538 2214 praesentia
1566 2126 1721 2196 breviter
1742 2131 1895 2219 praefari
1914 2135 2094 2205 constitui.
2154 2132 2271 2231 Atque

124 2258 129 2267 '
235 2238 333 2309 velut
352 2232 490 2303 ebrium
513 2242 547 2299 et
568 2252 689 2297 amens
711 2253 784 2297 non
813 2230 954 2298 exaudit
977 2254 1079 2299 voces
1103 2228 1226 2298 Musa·
1279 2225 1414 2293 utinam
1438 2246 1501 2314 ego
1525 2226 1616 2295 illud
1638 2241 1709 2299 tam
1734 2255 1872 2321 possem
1887 2235 2172 2310 adolescentibus
2191 2265 2272 2310 ora·

236 2364 337 2422 rum,
363 2358 428 2404 nec
446 2331 598 2402 attendit
614 2331 785 2402 animum.
832 2328 905 2418 Qui
920 2355 1003 2400 vero
1017 2355 1078 2400 sua
1093 2331 1227 2401 autori·
1280 2326 1376 2395 tione
1410 2328 1673 2410 commendare,
1710 2357 1750 2400 ac
1785 2334 1902 2425 dignis
1933 2336 2098 2407 laudibus
2129 2364 2271 2427 ornare,

235 2458 307 2515 tate
334 2452 369 2509 et
394 2437 524 2527 opibus
559 2433 744 2523 praecipue
771 2427 857 2502 baec
883 2432 999 2502 studia
1033 2427 1228 2522 provehere
1280 2453 1384 2521 quam
1401 2452 1584 2521 nunquam
1601 2432 1685 2501 satis
1700 2447 1814 2525 potest
1829 2438 2074 2528 prodignitate
2087 2440 2270 2527 celebrari,

236 2561 341 2637 atque
357 2562 485 2608 ornare
501 2536 697 2620 debebant,
722 2530 758 2603 bi
781 2559 861 2603 curu
884 2535 1042 2627 plerique
1058 2535 1124 2625 ipsi
1138 2532 1229 2603 Bar·
1280 2543 1514 2622 exuperatque
1536 2528 1685 2603 Homeri
1703 2537 1872 2628 splendor
1893 2564 2034 2608 omnem
2057 2542 2269 2618 orationem.

235 2646 313 2717 bari
328 2644 399 2712 sint
415 2654 449 2711 et
464 2638 609 2720 inculti,
636 2637 818 2728 impendio
833 2638 945 2724 magis
957 2660 996 2705 ea
1015 2660 1179 2727 oppressa
1195 2653 1227 2707 et
1279 2630 1349 2703 Sed
1371 2644 1490 2702 tamen
1512 2647 1552 2703 ut
1570 2658 1697 2725 magna
1721 2638 1868 2708 numina
1891 2664 2151 2735 nonnunquam
2175 2646 2269 2714 farre

237 2749 351 2819 deleta
369 2743 528 2835 cupiunt.
559 2736 678 2831 thue
694 2736 854 2807 Herodes
868 2735 945 2809 Rex
963 2738 1126 2807 Iudaicae
1142 2761 1225 2825 gen·
1280 2747 1313 2802 et
1327 2732 1398 2801 sale
1415 2734 1485 2801 coli
1500 2736 1624 2819 solent,
1650 2739 1776 2809 itanos
1791 2740 1920 2833 siquid
1936 2766 2000 2832 pro
2016 2758 2135 2814 nostra
2150 2748 2270 2816 tenui-

236 2852 282 2924 tis
298 2870 378 2920 cum
394 2869 434 2915 ex
447 2838 577 2913 humili
594 2853 628 2910 et
644 2841 795 2910 obscuro
810 2840 887 2909 loco
905 2842 947 2907 ad
972 2840 1088 2929 regios
1112 2835 1227 2910 bono-
1280 2848 1349 2904 tate
1366 2836 1568 2926 poterimus,
1584 2842 1626 2908 ad
1642 2842 1734 2912 tanti
1748 2842 1926 2935 scriptoris
1938 2846 2165 2935 praeconium
2182 2872 2270 2917 con-

169 3014 173 3023 .
236 2976 293 3024 res
315 2962 454 3020 evectus
479 2956 585 3028 esset,
610 2942 709 3012 iussit
733 2965 856 3011 omnes
878 2942 1008 3022 libros,
1035 2942 1072 3009 in
1098 2942 1228 3036 quibus

238 3052 459 3144 genealogiae
477 3047 773 3129 continebantur,
796 3045 938 3114 incendi
959 3058 1064 3137 atque
1083 3043 1229 3129 aboleri,

237 3167 279 3225 ut
292 3152 340 3222 ita
352 3150 555 3218 discrimine
571 3148 766 3217 nobilitatis
780 3159 814 3216 et
831 3147 1064 3235 ignobilitatis
1079 3147 1230 3230 sublato,

147 3292 151 3299 ¹
238 3254 295 3327 sui
309 3272 450 3347 quoque
466 3246 603 3338 generis
620 3248 815 3315 obscuritas
835 3248 954 3315 minus
967 3248 1110 3316 infamis
1124 3262 1228 3317 esset:

171 3340 174 3345 ’
238 3359 288 3430 ita
305 3352 470 3425 homines
486 3346 656 3418 ineruditi
671 3347 789 3414 literas
813 3360 848 3415 et
863 3350 1033 3432 oderunt,
1058 3361 1092 3417 et
1115 3348 1230 3417 aboli-

238 3474 291 3532 tas
305 3455 471 3548 cupiunt,
495 3462 677 3541 sperantes
692 3441 759 3516 boc
774 3448 881 3516 modo
900 3472 998 3517 snam
1017 3472 1158 3540 qnoque
1172 3450 1228 3516 in.

237 3562 375 3632 scitiam
398 3554 536 3627 facilius
558 3574 660 3643 posse
685 3550 806 3622 latere.
857 3547 916 3620 Sic
939 3550 996 3634 tit,
1021 3563 1061 3619 ut
1084 3552 1129 3617 ab
1150 3550 1230 3619 aliis

237 3665 461 3743 infestentur,
485 3656 528 3725 ab
545 3653 624 3722 aliis
637 3653 875 3722 destituantur
891 3652 1029 3722 literae:
1056 3652 1144 3721 alios
1159 3652 1229 3721 alio

185 3796 190 3809 ·
237 3764 369 3856 abripit
397 3785 495 3830 caeca
523 3755 718 3846 cupiditas,-
755 3770 789 3825 et
811 3754 954 3847 quidvis
981 3752 1229 3847 potiusquam

236 3893 319 3938 vera
340 3867 434 3935 bona
451 3859 681 3943 admiramur,
708 3857 779 3924 imo
797 3881 836 3924 ea
851 3880 896 3924 ne
910 3856 1133 3946 agnoscimus
1147 3857 1230 3950 qui-

236 3973 328 4043 dem.
383 3965 432 4035 lta
451 3965 597 4035 Satanas
615 3973 748 4029 mentes
766 3954 940 4029 humanas
955 3958 1029 4031 suis
1047 3959 1229 4050 compedi-

236 4067 521 4144 buscoustrictas
544 4075 661 4149 tenet,
686 4074 722 4129 et
736 4085 880 4154 quoquo
902 4061 977 4150 ipse
994 4061 1088 4147 vult,
1112 4074 1229 4130 trans-

237 4196 353 4243 versus
369 4169 512 4258 abripit,
534 4189 572 4232 ac
587 4184 708 4230 revera
722 4184 818 4230 nuuc
832 4162 980 4229 minima
997 4164 1041 4229 de
1054 4162 1157 4231 malis
1172 4163 1230 4231 in-

238 4274 358 4345 scitiae
386 4267 569 4357 turpitudo
602 4263 762 4346 ducitur,
803 4286 871 4354 qua
903 4262 972 4329 nisi
1004 4265 1170 4332 vecordes
1194 4276 1230 4333 et

130 4420 133 4424 ⁴
237 4378 333 4445 velut
349 4383 467 4441 mente
482 4365 573 4457 capti
591 4385 763 4446 essemus,
787 4359 880 4430 nibil
898 4362 1051 4447 tristius,
1077 4378 1138 4435 aut
1153 4388 1229 4433 ma-

237 4479 290 4570 gis
306 4472 513 4564 fugiendum
530 4466 779 4535 iudicaremur.
825 4462 972 4532 lnterim
989 4464 1049 4531 alii
1063 4459 1228 4545 bonores,

237 4581 298 4651 alii
314 4574 534 4648 foedissimas
551 4568 769 4658 voluptates,
795 4565 956 4658 plerique
971 4588 1055 4656 opes
1072 4581 1106 4636 et
1122 4590 1230 4658 pecu-

237 4683 334 4752 niam
351 4688 538 4749 sectantur.
589 4668 686 4739 Haec
707 4669 780 4738 sola
799 4669 890 4737 bona
914 4669 1047 4757 ingenti
1070 4672 1229 4737 nrerrede

1279 2938 1443 3010 feremus.
1467 2944 1475 2955 '
1495 2936 1566 3007 Nec
1588 2965 1672 3010 vero
1695 2937 1755 3015 hie
1781 2946 1824 3013 de
1843 2945 2038 3032 natalibus,
2065 2950 2195 3038 patria,
2232 2963 2268 3020 et

1281 3040 1351 3108 vita
1367 3035 1517 3108 Homeri
1540 3044 1645 3113 nobis
1666 3046 1779 3133 oratio
1803 3046 1888 3133 erit,
1913 3042 2000 3118 baec
2013 3049 2105 3118 enim
2122 3053 2167 3121 ab
2187 3053 2268 3122 aliis

1280 3142 1365 3210 satis
1380 3156 1540 3212 accurate
1559 3160 1591 3215 et
1613 3147 1689 3215 fuse
1707 3136 1897 3238 explicata,
1924 3150 1986 3243 qui
2006 3152 2128 3239 volent
2148 3156 2268 3249 requi-

1281 3266 1357 3310 rere
1371 3258 1553 3332 poterunt:
1575 3250 1620 3316 de
1636 3255 1796 3340 polimate
1813 3250 1901 3341 ipso,
1929 3266 1963 3322 et
1979 3254 2142 3340 utilitate,
2164 3280 2270 3349 quam

1281 3344 1430 3413 studiosi
1457 3347 1540 3414 inde
1563 3374 1686 3441 capere
1707 3352 1861 3444 possint,
1895 3356 2071 3441 breviter,
2105 3372 2209 3453 atque
2232 3373 2273 3430 ut
2301 3387 2310 3400 ·

1281 3444 1436 3536 patietur
1457 3440 1542 3516 haec
1564 3453 1731 3543 temporis
1758 3455 1937 3544 angustia,
1969 3478 2125 3545 agemus.
2180 3458 2271 3531 Nam

1281 3544 1344 3639 qni
1364 3545 1412 3616 ita
1430 3548 1599 3621 evolvunt
1616 3551 1831 3641 Homerum,
1856 3571 1896 3626 ut
1912 3552 2003 3626 nibil
2021 3553 2103 3628 hinc
2121 3560 2189 3630 n'isi
2205 3587 2271 3630 vo-

1281 3650 1451 3737 luptatem
1475 3668 1666 3739 venentur,
1698 3671 1731 3725 et
1759 3659 1988 3729 sententiolas
2010 3665 2176 3754 quasdam
2203 3688 2269 3733 ceu

1280 3750 1446 3819 flosculos
1467 3747 1552 3822 binc
1573 3756 1656 3826 inde
1680 3760 1859 3843 collectas,
1891 3757 1929 3830 bi
1952 3762 2099 3852 perinde
2122 3765 2270 3850 faciunt,

1281 3864 1320 3920 ut
1334 3852 1363 3919 si
1380 3854 1460 3944 quis
1475 3855 1732 3929 fertilissimum
1747 3885 1869 3951 agrurn
1886 3877 2023 3932 tantum
2039 3867 2148 3934 animi
2164 3890 2267 3937 causa

1282 3954 1391 4037 colat,
1416 3968 1456 4023 ut
1472 3956 1621 4029 floribus
1635 3961 1673 4029 in
1689 3988 1729 4031 eo
1747 3966 1838 4034 natis
1855 3966 2045 4059 aliquando
2060 3990 2096 4035 se
2111 3981 2268 4053 coronet,

1282 4057 1478 4140 fructuum,
1503 4084 1592 4152 quos
1616 4064 1699 4133 inde
1712 4068 1910 4136 uberrimos
1931 4068 2106 4159 percipere
2121 4083 2271 4163 poterat,

1281 4182 1402 4227 curam
1432 4160 1538 4251 plane
1567 4165 1736 4254 negligat,
1772 4162 1868 4237 bunc
1894 4171 2023 4263 aliquis
2046 4185 2157 4258 recte,
2188 4173 2270 4263 opi-

1282 4285 1366 4345 nor,
1384 4285 1617 4333 oeconomum
1636 4291 1760 4358 parum
1781 4274 1991 4360 prudentem
2009 4272 2150 4347 dixerit.
2191 4270 2269 4345 Etsi

1281 4363 1374 4429 enim
1410 4364 1626 4455 voluptatem
1662 4393 1704 4436 ex
1744 4369 1895 4440 lectione
1930 4371 2077 4443 Homeri
2118 4388 2271 4465 tantam,

1281 4477 1448 4556 quantam
1467 4469 1525 4536 vir
1542 4468 1617 4537 ullo
1635 4470 1704 4537 alio
1720 4495 1761 4539 ex
1775 4486 1910 4554 autore,
1927 4499 2051 4567 capere
2066 4476 2159 4564 licet,
2174 4480 2271 4572 quod

1281 4579 1406 4633 natura
1428 4568 1501 4636 fere
1525 4568 1573 4638 ita
1599 4585 1839 4662 comparatum
1861 4589 1929 4658 est,
1963 4590 2003 4647 ut
2029 4601 2110 4647 curn
2133 4604 2270 4650 summa

1280 4665 1448 4746 utilitate,
1481 4692 1616 4738 summa
1644 4696 1684 4741 ac
1705 4699 1786 4745 vera
1811 4678 1974 4769 voluptas
2002 4681 2190 4752 coniuncta
2214 4683 2271 4767 sit,

237 4787 406 4861 licentur,
432 4779 541 4848 vitatu
564 4787 670 4867 atque
691 4771 865 4853 animam,
891 4786 931 4840 ut
955 4772 1016 4839 ille
1032 4773 1097 4848 ait,
1128 4771 1228 4841 lucro
1282 4792 1354 4835 nort
1375 4781 1548 4839 tamenea
1572 4775 1757 4867 praecipua
1780 4784 1863 4849 cu'ra
1887 4803 1960 4848 esse
1980 4781 2102 4866 debet,
2134 4786 2195 4855 sed
2219 4799 2273 4856 est

237 4888 441 4956 vendentes.
476 4878 544 4949 His
558 4874 784 4946 foelicitatem
802 4874 1000 4942 metiuntur
1013 4873 1142 4954 miseri,
1165 4874 1227 4966 qui
1280 4870 1349 4938 alia
1370 4870 1485 4940 maior
1510 4888 1543 4944 et
1567 4877 1702 4963 potior,
1736 4903 1879 4970 nempe,
1910 4894 1950 4950 ut
1970 4886 2272 4975 quemadmodum

237 5014 310 5059 non
330 4985 551 5077 expendunt,
578 5001 800 5074 quamsaepe
825 4975 893 5044 levi
916 4991 1096 5044 momento
1115 4977 1229 5044 infoe-
1280 4973 1318 5041 iu
1338 4997 1399 5042 sua
1424 4997 1462 5042 re
1483 4976 1652 5047 familiari
1667 4981 1760 5052 cauti
1775 4981 2044 5071 patresfamilias
2059 4987 2192 5069 solent,
2219 4989 2272 5059 itu

237 5094 287 5161 lix
305 5091 364 5158 illa
383 5084 556 5156 foelicitas
570 5106 644 5150 non
660 5078 876 5167 interpellari
899 5079 1022 5156 modo,
1049 5103 1171 5147 verum
1195 5092 1228 5147 et
1279 5075 1384 5145 initio
1403 5077 1520 5146 statim
1537 5081 1723 5152 uobiscum
1741 5082 1915 5151 rationem
1932 5086 2109 5169 ineamus,
2133 5091 2270 5184 ecquod

234 5215 399 5288 prorsum
423 5185 532 5256 everti
558 5184 684 5250 soleat:
716 5179 846 5250 Docuit
875 5174 941 5248 boc
964 5180 1094 5247 multos
1123 5204 1227 5270 expe·
1279 5202 1407 5267 operae
1429 5181 1586 5270 precium
1617 5184 1745 5277 iaeturi
1769 5184 1880 5255 simus
1904 5191 2102 5261 evolvendo
2123 5186 2190 5262 boc
2212 5192 2273 5261 vel

236 5296 364 5369 rientia
382 5290 571 5361 stultorum
587 5283 762 5370 magistra.
815 5281 886 5352 Sed
902 5283 988 5375 quid
1005 5305 1070 5349 nos
1085 5281 1226 5350 interim
1279 5279 1344 5347 illo
1360 5283 1540 5371 scriptore.
1593 5283 1701 5373 Quod
1718 5286 1814 5354 idem
1829 5290 1859 5356 si
1875 5289 1912 5356 in
1930 5288 2086 5363 Homero
2101 5294 2273 5395 discendo

236 5402 354 5470 dicere
372 5388 535 5485 oportet?
556 5387 717 5453 videmus
734 5378 801 5451 hoc
820 5383 1054 5453 communiter
1072 5383 1228 5451 accidere
1278 5381 1464 5468 faciemus,
1491 5397 1565 5454 tum
1580 5388 1686 5456 nobis
1701 5388 1817 5458 statim
1833 5413 1870 5460 se
1885 5392 2009 5463 offeret
2026 5395 2185 5467 infinitus
2198 5397 2274 5467 uti-

235 5503 341 5573 rebus
356 5493 512 5590 optimis,
535 5502 575 5563 ut
591 5490 733 5558 eaedem
751 5485 821 5555 sint
837 5473 1167 5578 contemptissimae,
1192 5498 1229 5555 et
1250 5522 1255 5562 ⁸
1280 5484 1421 5553 litatum
1453 5490 1635 5568 crrnrnlus,
1675 5504 1712 5561 et
1737 5491 1834 5564 velut
1867 5492 2063 5590 μυρμηκία
2093 5494 2271 5598 ἀγαθῶν,
