4732 6030
109 333 182 407 sot
528 322 689 404 DECL.
728 323 806 403 DE
837 319 1036 402 utero:
1081 314 1256 399 Postu
1291 313 1492 396 VERBA
1519 315 1642 396 ΜΕΑ
1666 340 1751 398 arc.
2077 340 2151 417 802

110 504 247 576 ratione
264 524 387 573 causae
402 501 625 594 quaerendae
641 515 742 586 sunt,
773 501 953 594 quomodo
970 512 1005 571 et
1020 496 1103 594 qui-
1152 495 1197 566 ba
1210 517 1288 563 mea
1307 493 1345 561 in
1362 515 1422 563 ore
1433 505 1507 568 tuo.
1559 490 1720 565 Sciamus
1735 496 1932 571 doctrinam
1946 530 1965 575 a
1981 502 2057 579 Deo
2074 525 2146 584 tra-

111 610 177 675 bns
190 605 450 674 ductoribusad
465 597 560 671 bunc
574 603 679 671 finem
693 602 872 696 perveniri
885 602 1007 695 possit.
1042 596 1103 668 An
1154 597 1282 680 ditam,
1310 595 1390 662 aliis
1428 598 1696 688 proponendam
1733 621 1824 685 esse,
1858 627 1929 673 non
1964 610 2145 701 fingendae

111 711 153 776 ad
171 728 293 774 omnes
311 700 475 773 homines
498 703 668 793 pertineat
687 717 824 785 tantum
840 702 995 773 munias?
1033 699 1102 770 Hic
1153 697 1339 790 opiniones
1374 711 1495 774 nostra
1526 698 1745 783 curiositate,
1779 704 1834 771 vel
1865 709 2028 796 audacia,
2069 740 2143 786 non

110 807 254 878 initium
277 797 471 876 sententiae
494 805 791 877 considerandum
813 819 875 876 est.
905 804 906 809 ’
928 802 977 877 Ut
994 802 1104 896 possit
1154 799 1412 890 amplectendas
1433 820 1507 868 esse
1534 801 1751 890 corruptelas
1775 813 2053 882 accommodatas
2079 843 2144 907 po-

110 931 220 1001 genus
240 902 440 978 humanum
463 907 507 974 ad
525 907 634 977 vitam
648 908 832 977 coelestem
847 908 982 990 redire,
1007 902 1104 974 Deus
1154 915 1291 971 tentum
1314 899 1587 992 cupiditatibus,
1618 916 1793 973 uteorum
1813 910 1958 995 gratiam
1973 913 2144 1006 ineamus,

109 1013 283 1081 immensa
296 1007 536 1077 misericordia
547 1007 817 1099 promissionem
829 1010 957 1093 edidit,
980 1004 1018 1074 in
1034 1029 1103 1099 qua
1155 1017 1195 1074 ut
1211 1025 1313 1092 saepe
1330 1002 1468 1075 accidit.

109 1113 234 1182 iurans
249 1111 419 1194 affirmat,
441 1133 476 1179 se
497 1121 642 1201 propter
662 1110 794 1195 lilium,
819 1110 881 1203 qni
897 1123 950 1181 est
964 1107 1105 1179 Media·
1255 1102 1386 1192 Magna
1403 1102 1596 1172 multitudo
1615 1104 1683 1175 luit
1698 1129 1739 1175 ex
1754 1110 1876 1179 multis
1893 1114 2056 1200 gentibus
2071 1123 2146 1191 col-

111 1228 187 1297 tor,
211 1227 246 1282 ct
272 1236 334 1303 pro
362 1212 467 1279 nobis
492 1211 635 1280 victima
658 1212 770 1282 iactus
789 1225 855 1295 est,
880 1223 1103 1302 recepturum
1154 1206 1262 1284 lecta,
1299 1228 1389 1296 quae
1422 1217 1571 1272 statuam
1605 1207 1697 1294 regis
1728 1206 1937 1304 Babylonici
1972 1221 2143 1295 adoravit.

112 1338 187 1386 esse
210 1336 351 1396 omnes,
382 1312 444 1404 qui
474 1312 518 1380 ad
547 1306 643 1382 bunc
664 1314 777 1382 filium
803 1315 1035 1404 confugiunt,
1069 1326 1103 1382 et
1155 1305 1266 1375 Multi
1299 1302 1421 1374 ludaei
1451 1300 1685 1376 Bacchanalia
1719 1307 1953 1408 ierosolymae
1986 1321 2145 1418 celebra-

74 1419 75 1423 ’
111 1414 240 1484 lielucia
272 1414 337 1482 filii
370 1415 537 1493 credunt,
583 1413 812 1484 iustissimam
851 1417 939 1484 iram
969 1412 1104 1484 aeterni
1155 1423 1257 1493 runt,
1282 1418 1322 1477 ut
1339 1402 1517 1476 Antiocho
1535 1421 1671 1495 gratum
1689 1410 1853 1486 lacerent.

112 1516 227 1586 Patris
257 1516 427 1606 placatam
455 1537 539 1588 esse.
605 1513 682 1584 Hac
705 1516 939 1607 promissione
968 1536 1105 1605 semper
1257 1507 1340 1578 Fuit
1360 1504 1536 1576 Eeebolns
1556 1509 1700 1600 quidam
1724 1529 1863 1597 orator,
1891 1521 1952 1611 qui
1976 1543 2144 1615 regnante
2187 1584 2192 1593 .

113 1618 197 1686 inde
217 1639 327 1710 usque
350 1640 368 1684 a
384 1616 580 1705 primorum
604 1631 791 1709 parentum
809 1620 911 1709 lapsu
927 1615 1104 1689 revocavit
1154 1609 1375 1693 Constantio,
1400 1624 1437 1679 ut
1453 1610 1586 1699 gratior
1603 1625 1693 1681 esset
1711 1612 1933 1706 lmperatori,
1960 1629 2070 1698 voluit
2087 1633 2144 1701 in-

113 1722 155 1787 ad
173 1741 209 1787 se
234 1741 357 1786 ornnes
373 1711 546 1790 homines.
597 1717 688 1789 Cum
709 1720 802 1789 enim
820 1718 916 1789 Deus
931 1719 976 1789 sit
993 1716 1104 1786 veris-
1154 1712 1221 1781 seri
1243 1707 1420 1780 Ecclesiae
1443 1707 1590 1782 Cbristi.
1650 1711 1774 1785 Postea
1804 1736 1973 1808 regnante
1995 1727 2145 1820 loliano,

113 1821 200 1888 sime
228 1820 357 1902 iustus,
388 1819 568 1910 aequalem
591 1843 679 1905 esse,
711 1834 746 1891 et
767 1820 843 1890 sine
863 1822 1104 1914 προσωπολη-
1157 1812 1380 1903 Imperatoris
1401 1812 1573 1903 impietati
1595 1814 1786 1905 applausit,
1822 1835 1856 1891 et
1878 1848 2000 1895 rursus
2028 1835 2144 1920 palam

112 1917 185 2015 ψία
203 1945 277 1991 non
299 1920 449 1990 dubium
470 1935 531 1990 est.
591 1920 704 1991 Vocat
725 1946 872 2006 omnes,
897 1936 930 1990 et
946 1921 1042 2014 quod
1058 1921 1103 1988 ad
1155 1908 1266 1982 hostis
1288 1913 1356 1981 fuit
1379 1908 1686 1999 Christianorum,
1712 1932 1745 1988 et
1770 1923 1951 1994 saevitiam
1977 1933 2145 2007 adversus

115 2023 226 2111 ipsius
250 2023 471 2100 voluntatem
494 2021 639 2106 attinet,
665 2024 742 2091 vult
765 2023 933 2093 omnibus
954 2023 1117 2092 reddere
1155 2039 1214 2084 eos
1232 2013 1379 2084 adiuvit.
1429 2012 1572 2083 Tertius
1588 2013 1782 2108 imperator
1805 2039 1943 2095 secutus
1961 2027 2144 2109 Iovianus:

115 2123 277 2193 salutem.
1155 2111 1251 2184 hunc
1266 2129 1306 2185 ut
1322 2115 1471 2206 placaret
1488 2115 1628 2201 iratum,
1654 2120 1761 2189 rediit
1777 2123 1820 2191 ad
1835 2120 2066 2221 Christianos,
2088 2166 2145 2208 re.

216 2222 290 2292 Nec
312 2223 481 2293 audiendi
506 2237 590 2293 sunt
606 2222 732 2309 Stoici,
757 2223 818 2318 qui
835 2223 972 2313 lingunt
988 2221 1103 2293 Deum
1155 2218 1327 2308 ligionum
1351 2217 1499 2307 speciem
1521 2239 1659 2312 semper
1678 2224 1721 2291 ad
1747 2236 1903 2318 tempora
1924 2245 1958 2300 et
1979 2232 2145 2313 dominos

116 2325 338 2418 inaequalem
361 2348 453 2409 esse,
483 2341 515 2394 et
540 2349 668 2417 paucos
690 2328 862 2418 quosdam
884 2329 922 2395 in
937 2326 1104 2398 fatalibus
1154 2319 1434 2389 accommodans·

114 2427 244 2496 tabulis
259 2426 454 2515 scripsisse,
479 2451 567 2518 qnos
582 2427 688 2496 etiam
704 2427 836 2497 invitos
851 2442 886 2500 ει
902 2449 1104 2521 repugnan·
1255 2418 1336 2490 Non
1362 2434 1524 2512 putemus
1546 2437 1661 2493 autem
1677 2448 1807 2516 paucos
1829 2434 2012 2508 autluisse
2031 2457 2145 2533 antea,
2196 2529 2198 2532 Ι

114 2539 167 2597 tes
182 2530 225 2596 ad
242 2549 278 2595 se
295 2523 468 2618 attrabat,
495 2543 648 2599 caeteros
668 2552 752 2599 vero
768 2528 886 2617 reiici,
909 2528 1045 2600 etiamsi
1059 2528 1104 2598 ad
1155 2537 1217 2594 aut
1231 2546 1327 2591 nunc
1343 2545 1416 2590 esse
1432 2519 1621 2608 Ecebolos,
1648 2527 1709 2618 qui
1727 2551 1763 2595 se
1778 2532 1821 2599 ad
1846 2552 2061 2623 praesentem
2079 2570 2144 2635 po.

114 2627 227 2698 fitium
243 2630 460 2719 confugiant,
1155 2623 1300 2695 tentiam
1319 2622 1522 2710 inflectunt,
1550 2638 1584 2694 et
1605 2626 1755 2717 speciem
1777 2631 1988 2721 religionum
2006 2658 2164 2720 mutant·

216 2728 483 2802 Removeantur
505 2724 571 2797 bae
595 2726 733 2802 Stoicae
751 2732 1045 2823 imaginationes,
1070 2744 1105 2803 et
1156 2751 1221 2820 pro
1236 2727 1465 2816 temporibus,
1489 2739 1529 2796 ut
1538 2722 1775 2799 Chamaeleon
1792 2735 1943 2808 subinde
1958 2742 2068 2842 alium
2084 2774 2146 2819 co.

114 2832 263 2902 sciamus
278 2829 393 2902 Deum
409 2832 581 2900 immensa
596 2834 839 2902 misericordia
856 2835 1022 2915 amitibus
1038 2829 1103 2902 ho·
1156 2831 1267 2900 lorem
1284 2827 1413 2898 induit.
1462 2825 1654 2919 Praecipue
1668 2845 1785 2902 autern
1806 2834 1885 2905 talis
1906 2840 2145 2922 inconstantia
2214 2870 2221 2882 ·

114 2934 273 3003 minibus
296 2933 479 3022 aequalem
502 2953 584 2998 esse.
647 2930 717 3002 Sed
741 2933 836 3023 quod
859 2917 966 3002 rirulti
986 2957 1106 3026 asper·
1156 2930 1194 3000 in
1211 2927 1416 3000 doctoribus
1428 2928 1624 3019 perniciosa
1640 2945 1712 3019 est,
1737 2947 1777 3004 ut
1794 2960 1895 3030 saepe
1917 2948 2072 3019 ostendit
2087 2977 2147 3021 ex-

114 3048 247 3103 riantur
267 3055 389 3100 vocem
411 3031 591 3113 divinam,
625 3030 660 3099 id
683 3032 722 3105 lit
743 3025 929 3101 bominum
950 3034 1052 3124 culpa
1071 3049 1106 3105 et
1156 3030 1342 3124 perientia.

114 3131 349 3204 coutumacia.
409 3129 546 3200 lnterea
579 3141 696 3201 tamen
728 3156 868 3224 semper
899 3134 1027 3226 aliquis
1054 3149 1106 3208 est
1259 3129 1379 3220 Quare
1394 3152 1475 3217 vos,
1502 3132 1671 3202 carissimi
1691 3136 1833 3225 fratres,
1860 3145 2006 3234 propter
2027 3151 2146 3225 Duum

114 3246 252 3314 coetus,
278 3232 340 3323 qui
365 3255 483 3300 vocem
504 3231 662 3302 divinam
681 3235 797 3317 audit,
824 3250 858 3305 et
872 3236 1106 3327 promissione
1157 3246 1191 3305 et
1215 3247 1358 3324 propter
1376 3233 1524 3302 salutem
1542 3247 1713 3320 vestram,
1738 3252 1770 3308 et
1791 3257 1935 3332 propter
1952 3244 2145 3327 Ecclesiam

115 3334 238 3405 divina
264 3332 510 3417 confirmatus,
549 3334 681 3420 lilium,
720 3332 916 3405 Dominum
942 3351 1104 3407 nostrum
1144 3337 1324 3419 obtestor,
1340 3346 1380 3403 ut
1394 3357 1567 3403 memores
1585 3331 1691 3407 huius
1706 3337 1808 3409 dicti:
1832 3340 1931 3415 Pono
1946 3354 2052 3424 verba
2068 3383 2146 3430 mea

115 3435 232 3504 lesum
256 3429 636 3528 Christumagnoscit,
675 3449 709 3507 et
734 3440 777 3506 ad
812 3436 928 3509 Deum
958 3438 1103 3517 accedit,
1155 3435 1357 3508 inoretno.
1388 3430 1560 3504 Custodes
1575 3438 1671 3505 vocis
1686 3439 1827 3512 «livinae
1840 3452 2010 3520 maneatis
2026 3456 2145 3530 fideles

115 3559 267 3629 eumque
295 3559 375 3605 vere
405 3534 562 3619 invocat,
595 3550 629 3605 et
650 3539 684 3607 ei
703 3539 944 3632 obtemperare
968 3540 1105 3631 incipit.
1156 3551 1190 3609 et
1215 3535 1327 3614 firmi,
1367 3558 1432 3603 nec
1465 3536 1571 3604 eliam
1600 3540 1796 3609 doctrinam
1823 3565 2038 3636 pugnantem
2065 3584 2145 3632 cum

114 3638 184 3708 Hic
205 3650 324 3708 coetus
345 3650 397 3706 est
417 3632 573 3705 Ecclesia
595 3635 661 3707 Dei
680 3639 840 3728 propria,
867 3653 900 3708 ει
914 3653 966 3710 est
977 3635 1104 3711 hortus
1155 3633 1370 3723 Evangelio,
1397 3638 1492 3726 qarod
1512 3636 1580 3726 ipsi
1597 3632 1765 3710 hactenus
1780 3644 1967 3735 docuistis,
1995 3671 2027 3725 et
2050 3664 2146 3733 scitis

115 3738 371 3821 illecoelestis,
395 3736 626 3831 dequodixi.
688 3736 749 3808 Sic
769 3739 878 3829 igitur
899 3734 1103 3809 buichorto
1155 3760 1237 3808 vere
1252 3735 1319 3806 Dei
1335 3758 1456 3804 vocem
1474 3760 1557 3820 esse,
1582 3739 1771 3828 recipiatis.
1824 3742 2004 3825 Omnibus
2021 3767 2146 3833 aetati-

114 3845 258 3935 plantae
281 3841 507 3924 inseruntur,
538 3838 589 3908 sic
617 3839 833 3928 educuntnr3
868 3839 917 3910 sic
942 3836 1104 3911 homines
1155 3839 1223 3908 bus
1247 3838 1409 3906 diabolus
1432 3835 1623 3907 insidiatur
1643 3836 1819 3914 Ecclesiae
1833 3843 1919 3935 Dei,
1942 3870 1975 3924 et
1999 3863 2146 3938 artificia

115 3947 159 4014 ad
175 3942 290 4014 Deum
306 3942 477 4019 redeunt,
502 3940 585 4035 qnia
600 3939 696 4014 Deus
712 3941 785 4029 ipse
800 3941 1000 4026 ministros,
1025 3956 1106 4012 tan·
1154 3951 1268 4010 tentat
1291 3937 1406 4020 varia,
1436 3950 1477 4006 ut
1504 3938 1700 4027 praestigiis
1723 3944 1851 4018 obruat
1876 3955 2079 4048 veritatem,
2111 3978 2158 4040 et·

116 4069 222 4136 qnam
245 4040 339 4113 horti
368 4042 423 4112 sui
447 4038 623 4126 Colonos,
656 4041 860 4134 constituit,
889 4066 978 4136 quos
1008 4042 1106 4114 iubet
1155 4037 1271 4110 Deum
1305 4037 1519 4106 contumelia
1553 4039 1699 4127 alliciat,
1744 4059 1778 4118 et
1811 4051 1941 4123 multos
1984 4053 2145 4140 homines

117 4168 243 4215 sonare
259 4169 379 4213 vocem
395 4140 579 4235 Evangelii
595 4143 662 4217 sui.
712 4139 1105 4214 HacvocedivinaEe·
1156 4137 1270 4210 aDeo
1284 4139 1423 4209 avellat.
1476 4137 1595 4228 Quare
1611 4166 1684 4211 non
1706 4148 1943 4225 existimemus
1968 4154 2035 4232 hoc
2057 4182 2146 4239 tem.

118 4246 223 4317 clesia
238 4245 426 4333 colligitur.
478 4243 563 4316 Ideo
580 4242 698 4338 inquit
713 4248 808 4336 apud
822 4242 981 4316 Esaiam:
1002 4244 1104 4315 Pono
1156 4266 1242 4334 pore
1257 4237 1351 4310 nibil
1366 4262 1439 4309 esse
1455 4243 1613 4331 periculi,
1643 4248 1704 4315 sed
1722 4273 1787 4319 nos
1802 4252 1896 4341 ipsos
1911 4266 2143 4344 exuscitemus

117 4348 227 4416 verba
248 4369 326 4414 mea
352 4347 392 4414 in
420 4372 481 4417 ore
505 4363 577 4419 tuo.
641 4343 832 4435 Colligitur
857 4345 1014 4418 Ecclesia
1037 4344 1104 4417 Dei
1157 4345 1202 4415 ad
1224 4342 1392 4413 maiorem
1421 4342 1640 4432 vigilantiam
1669 4347 1706 4416 in
1736 4357 1901 4426 cavendis
1929 4361 2145 4459 imposturis,

118 4463 278 4531 aeterna,
312 4471 386 4515 non
416 4442 602 4519 bominum
634 4449 826 4540 sapientia,
858 4472 934 4519 non
968 4448 1106 4537 legibus
1156 4459 1192 4516 et
1211 4448 1256 4515 ad
1281 4468 1400 4515 curam
1423 4445 1602 4534 cogitandi
1618 4450 1664 4519 de
1679 4449 1839 4526 lontibus
1854 4460 2045 4537 doctrinae.
2096 4471 2145 4548 Et

118 4550 262 4622 Solonis
276 4563 336 4618 aut
350 4546 521 4641 Lycurgi,
546 4575 620 4619 non
636 4551 784 4621 decretis
800 4548 955 4640 Regum,
981 4548 1108 4621 Ponti·
1157 4548 1264 4618 simul
1278 4570 1418 4618 oremus
1437 4546 1550 4618 filium
1563 4547 1650 4636 Dei,
1674 4577 1719 4622 ne
1738 4556 1830 4629 sinat
1851 4561 2008 4653 extingui
2029 4571 2144 4648 lucem

117 4655 246 4735 licum,
283 4648 511 4739 Principum,
552 4664 613 4720 aut
640 4654 816 4737 ullorum,
859 4650 1019 4746 quamvis
1050 4675 1108 4721 sa·
1157 4650 1340 4720 doctrinae
1361 4671 1441 4715 suae
1462 4649 1501 4716 in
1530 4644 1587 4718 bis
1609 4652 1828 4742 regionibus,
1863 4662 1952 4735 sicut
1973 4670 2017 4738 de
2039 4672 2144 4750 Petro

98 4757 299 4846 picotum,
329 4750 453 4820 alienis
477 4752 522 4821 ab
545 4746 756 4841 Evangelio,
780 4750 870 4824 sicut
893 4751 1026 4824 Paulus
1048 4754 1107 4821 in·
1156 4750 1290 4845 inquit:
1321 4746 1434 4818 Oravi
1448 4773 1513 4839 pro
1535 4763 1568 4819 te
1592 4750 1713 4841 Petre,
1738 4781 1784 4828 ne
1806 4759 1892 4830 fides
1915 4778 1973 4836 tua
1998 4775 2146 4853 deficiat.

117 4859 212 4950 quit:
240 4853 278 4926 Si
301 4851 380 4945 quis
402 4848 748 4940 aliud‘Evangelium
772 4857 890 4939 docet,
921 4849 1107 4925 anathema
1157 4851 1248 4922 Nam
1279 4851 1433 4941 proiecto
1457 4853 1752 4925 astutissimorum
1782 4874 1817 4931 et
1840 4863 2145 4954 fallacissimorum

118 4961 176 5033 sit.
235 4949 336 5027 Nihil
359 4953 429 5023 dici
453 4955 586 5025 tristius
612 4966 735 5044 potest.
794 4956 884 5026 Nam
908 4952 1108 5026 Anatbema
1158 4951 1347 5044 spirituum
1369 4950 1519 5021 insidiae
1539 4956 1613 5024 sola
1628 4951 1782 5029 humana
1800 4964 1981 5054 diligentia
1999 5000 2072 5049 non
2093 5008 2148 5056 sa.

118 5071 293 5129 vocantur
306 5052 467 5126 homines
480 5055 600 5126 reiecti
614 5079 634 5125 a
649 5053 745 5137 Deo,
771 5057 901 5150 quibus
916 5060 1002 5128 adeo
1020 5053 1107 5126 bor·
1159 5055 1204 5124 tis
1226 5055 1342 5123 caveri
1367 5067 1524 5144 possunt.
1589 5055 1659 5128 Sed
1684 5061 1834 5134 affirmat
1861 5068 1955 5141 lilius
1982 5071 2050 5149 Dei
2073 5108 2147 5159 περ

118 5161 273 5232 ribiliter
296 5159 477 5241 irascitur,
507 5173 545 5229 ιιι
567 5158 636 5227 nisi
653 5158 845 5241 tollantur,
871 5183 982 5249 poena
1000 5158 1108 5228 simul
1159 5155 1264 5224 nobis
1286 5156 1480 5225 affuturum
1509 5180 1600 5242 esse,
1640 5174 1675 5232 et
1705 5164 1983 5254 gubernaturum
2013 5202 2147 5261 mentes

119 5279 210 5335 totas
228 5276 363 5350 gentes,
388 5261 549 5350 contagio
567 5259 736 5352 pollutas,
758 5262 896 5329 obruat.
1160 5270 1316 5338 nostras,
1342 5275 1376 5329 et
1399 5258 1546 5329 consilia
1565 5260 1702 5353 Spiritu
1725 5283 1845 5339 sancto
1864 5287 1985 5345 ex'suo
2009 5300 2148 5369 pectore

219 5363 310 5433 Cum
337 5361 443 5451 igitur
458 5360 554 5432 Dens
577 5385 639 5433 vos
664 5363 708 5430 ad
734 5361 969 5432 ministerium
988 5357 1109 5431 Evan-
1161 5361 1199 5428 in
1214 5381 1279 5427 nos
1294 5358 1424 5443 eliuso,
1451 5360 1514 5452 qui
1528 5363 1574 5435 sit
1590 5366 1717 5437 ductor
1735 5370 1780 5440 ad
1795 5395 1936 5442 omnem
1956 5383 2150 5482 veritatem,
2189 5448 2192 5455 ,

120 5467 200 5556 gelli
216 5467 403 5542 vocaverit,
430 5477 642 5534 mementote
659 5458 885 5534 ltocdict'um:
912 5461 1012 5534 Pono
1030 5486 1108 5532 ver·
1160 5477 1200 5532 nt
1215 5461 1289 5553 ipse
1307 5462 1434 5554 inquit.

175 5566 345 5636 liemaro
386 5572 489 5632 (lectt.
518 5569 599 5632 Vos.
629 5569 688 5633 xl.
1443 5559 1489 5633 51
