4732 6030
71 3111 75 3122 ,
169 3072 248 3138 tur,
273 3069 313 3124 ut
327 3079 394 3123 nos
407 3054 447 3123 in
464 3051 620 3125 Ecclesia
638 3052 728 3124 scire
743 3077 882 3124 necesse
898 3067 962 3127 est.

156 325 238 399 987
824 312 984 394 DECL.
1015 318 1091 394 DE
1123 257 1521 399 Pnncamorau.
2126 326 2202 400 988

266 492 344 567 Etsi
362 515 482 564 verum
498 504 560 574 est,
586 487 671 561 baec
687 491 764 582 pios
779 492 932 562 libenter
948 493 1080 575 iacere,
1104 507 1159 563 ta·
1208 492 1324 561 statim
1341 493 1524 583 contingat
1540 508 1686 565 eventus
1702 518 1765 585 pro
1781 493 2030 580 nostrisvotis,
2049 494 2127 565 sive
2146 499 2206 568 in-

163 626 248 672 men
265 615 297 668 et
310 597 423 666 malos
439 609 475 666 et
495 595 742 686 bonos,*opns
767 609 819 665 est
838 596 1004 665 mandato
1030 595 1157 685 urgeri.
1209 597 1369 678 tardum,
1403 610 1443 667 ut
1465 596 1553 665 solet
1577 594 1690 680 Deus,
1724 621 1882 668 exercere
1906 610 2064 666 nostram
2087 599 2204 681 iidem,

167 703 300 783 Malos,
326 720 371 766 ne
394 708 519 787 putent
543 690 636 763 nibil
660 696 799 765 sceleris
821 708 856 765 et
878 695 1068 787 impietatis
1085 718 1158 765 esse
1207 694 1393 765 differatur
1408 698 1444 764 id
1461 699 1555 790 qnod
1572 697 1734 790 petimus.

166 806 204 871 in
223 799 384 891 ignavia,
409 812 443 868 et
465 797 770 888 praetermissione
786 797 905 869 officii.
957 794 1093 881 Bonos,
1118 810 1159 867 ut

163 901 338 973 admoniti
361 901 404 969 de
428 898 654 970 ordinatione
679 913 713 969 et
728 900 912 970 voluntate
925 896 1010 985 Dei,
1037 916 1173 991 prom·¹

164 1006 260 1098 ptius
273 1002 402 1073 faciant
417 1015 451 1071 et
465 1000 666 1085 ardentius,
691 1001 889 1093 maiorique
905 1001 1016 1068 animi
1032 999 1157 1069 alacri-

1307 830 1380 900 Nec
1403 832 1552 901 dubium
1576 845 1628 902 est
1657 846 1790 902 mentes
1814 825 2019 924 prophanas
2047 856 2148 925 saepe
2167 848 2204 906 et

1207 931 1286 1000 ideo
1305 933 1405 1023 quasi
1422 934 1621 1003 cessatrices
1638 957 1710 1003 esse
1726 935 1763 1001 in
1779 930 1847 1003 boc
1865 933 2003 1017 officio,
2027 939 2119 1025 quod
2135 961 2202 1004 co-

1209 1033 1322 1122 gitant
1339 1035 1480 1103 inanem
1498 1036 1657 1106 laborem
1675 1036 1766 1103 srrmi
1783 1037 1978 1125 precando,
2003 1057 2083 1103 cum
2099 1059 2198 1127 saepe

1208 1158 1282 1203 ιιοιι
1298 1137 1534 1224 respondeant
1550 1148 1695 1204 eventus
1712 1136 1816 1206 votis.

164 1122 254 1190 tate,
280 1105 374 1196 qnod
400 1101 600 1190 intelligant
614 1098 691 1170 Deo
707 1115 845 1190 gratum
862 1125 954 1186 esse,
980 1126 1059 1170 cum
1079 1125 1157 1170 anr-

163 1209 394 1276 madvertunt
428 1203 668 1272 necessitatem
705 1203 864 1272 mandati
897 1216 932 1272 et
961 1202 1157 1289 ,voluntatis

164 1307 245 1380 Dei.
296 1307 350 1377 Ac
372 1306 489 1374 videte
513 1303 716 1394 superbiam
740 1300 886 1372 humani
904 1304 1030 1373 cordis.
1078 1301 1157 1372 Nisi

165 1410 261 1478 enim
282 1403 445 1476 homines
464 1401 641 1498 prophani
657 1405 851 1493 cogitarent
870 1426 907 1473 se
929 1405 1006 1473 sine
1025 1403 1158 1474 auxilio

88 1592 91 1597 .
164 1511 290 1579 divino
314 1532 416 1599 posse
436 1530 493 1575 res
514 1529 595 1575 suas
609 1507 806 1595 gubernare
819 1519 854 1575 et
874 1506 1058 1596 perficere,
1084 1529 1158 1574 non
1403 1569 1411 1585 ,

164 1616 213 1683 ita
228 1612 339 1680 securi
357 1623 491 1691 essent,
514 1621 549 1676 et
565 1607 745 1676 ardentius
766 1620 924 1695 peterent
940 1630 960 1676 a
974 1606 1050 1678 Deo
1073 1630 1158 1676 con·
1207 1583 1350 1660 9¹⁰9&
1365 1569 1452 1638 “¹¹³⁸
1467 1590 1599 1642 cama&

166 1714 244 1782 silia
263 1724 297 1779 et
311 1731 499 1780 successus.
552 1706 620 1778 Sed
638 1709 721 1799 quia
739 1709 943 1793 confidunt,
967 1731 1081 1778 sesua
1103 1730 1159 1777 sa-
1307 1699 1374 1772 His
1388 1703 1497 1792 igitur
1511 1703 1615 1772 novis
1630 1703 1895 1793 impedimentis
1914 1728 2075 1795 opponas
2092 1709 2205 1779 ratio·

96 1824 99 1830 '
166 1812 300 1904 pientia
321 1825 355 1881 et
383 1812 526 1880 fortuna
550 1808 589 1876 id
612 1810 798 1878 effecturos
826 1811 922 1902 quod
954 1810 1158 1894 instituunt,
1208 1828 1289 1873 nem
1311 1804 1575 1896 promissionis,
1602 1819 1637 1875 et
1660 1808 1757 1896 quod
1780 1828 1966 1897 nunquam
1983 1807 2056 1878 sint
2080 1808 2204 1878 inanes

165 1925 294 2006 putant
338 1910 663 2002 superstitiosorum
706 1925 767 1981 aut
813 1912 1022 1981 miserorum
1068 1933 1159 1995 esse,
1208 1922 1289 1976 tuae
1316 1929 1432 1996 preces
1454 1920 1515 1974 aut
1546 1904 1677 1978 irritae.
1736 1903 1884 1996 Semper
1904 1905 1999 1975 enirn
2024 1909 2204 2002 aliquida

167 2040 186 2084 a
201 2013 277 2085 Deo
294 2025 410 2104 petere
427 2012 619 2091 auxilium,
646 2013 737 2082 sicut
753 2009 843 2083 Aiax
859 2012 965 2082 dixit:
992 2012 1158 2082 Aliorum
1208 2004 1283 2076 Deo
1297 2007 1507 2097 impetrant,
1532 2028 1770 2100 necunquam
1792 2008 1998 2096 patiuntur,
2024 2022 2067 2080 ut
2082 2013 2130 2081 ita
2147 2015 2204 2080 di-

167 2139 241 2184 esse
261 2114 403 2182 vincere
424 2113 499 2183 Deo
522 2113 687 2194 iuvante,
713 2136 749 2181 se
771 2130 886 2186 autem
911 2114 988 2183 sine
1003 2111 1081 2183 Deo
1103 2136 1159 2183 res
1208 2132 1303 2191 carn,
1328 2108 1525 2197 repulsam,
1550 2108 1624 2178 sive
1639 2125 1679 2178 ut
1694 2108 1789 2192 dixi,
1814 2109 1933 2178 statim
1951 2106 2048 2180 Deus
2069 2114 2204 2183 tribnat

167 2238 312 2305 magnas
330 2237 456 2301 genere
476 2236 586 2304 posse.
636 2215 705 2285 Sed
723 2214 869 2283 miseros
884 2211 950 2284 bos
966 2216 1059 2306 ipsos
1075 2237 1158 2293 esse,
1208 2210 1306 2302 quod
1318 2208 1491 2302 petimus,
1515 2208 1590 2277 sive
1603 2209 1759 2298 longiori
1776 2233 1875 2279 mora
1891 2228 2049 2284 exerceat
2063 2237 2144 2285 nos.

168 2318 274 2385 etiam
291 2309 439 2385 Etbnici
454 2306 669 2386 iudicarunt.
723 2313 845 2406 ltaque
861 2330 894 2386 et
910 2313 1088 2386 Homerus
1102 2316 1159 2383 in-

1308 1264 1421 1357 Saepe
1450 1265 1554 1334 etiarn
1579 1266 1746 1337 dubitant
1769 1277 1922 1343 mentes,
1957 1277 2079 1334 utrum
2107 1265 2202 1337 Deus

1207 1366 1371 1436 exaudiat
1392 1390 1476 1451 nos,
1511 1367 1567 1435 vel
1589 1366 1672 1458 quia
1693 1368 1876 1456 disputant
1897 1368 1942 1434 de
1965 1368 2206 1456 providentia,

1208 1469 1263 1535 vel
1280 1466 1361 1559 quia
1376 1480 1554 1537 terrentur
1568 1483 1758 1560 conspectu
1780 1490 1864 1538 suae
1880 1467 2120 1557 indignitatis,
2149 1472 2206 1539 vel

220 2418 231 2434 ο
1310 2338 1363 2411 Ac
1380 2366 1481 2434 saepe
1496 2367 1552 2412 me
1566 2338 1652 2413 baec
1670 2344 1744 2434 ipsa
1767 2344 1858 2414 ratio
1874 2347 2065 2437 permovit,
2092 2364 2130 2421 ut
2145 2377 2203 2422 re-

169 2429 264 2525 (lum
455 2439 458 2445 ’
1209 2445 1307 2514 iectis
1320 2446 1487 2514 omnibus
1503 2444 1582 2515 aliis
1604 2445 1868 2536 impedimentis
1889 2447 2046 2518 animum
2064 2465 2098 2519 et
2113 2476 2200 2521 ocu-

253 2525 400 2608 adgressa
423 2524 533 2602 ”imi
553 2549 586 2590 τε
608 2528 687 2590 θὀὖ
706 2524 870 2606 1¹⁸¹in
890 2524 1065 2610 mim·
1210 2547 1263 2616 los
1279 2547 1322 2615 ad
1339 2542 1457 2618 Deum
1473 2546 1681 2630 attollerem,
1703 2568 1813 2640 osque
1826 2549 1869 2619 ad
1885 2551 2095 2637 precandum
2110 2577 2199 2645 ape-

169 2652 223 2723 Sit
246 2653 355 2740 igitur
375 2645 462 2718 baec
483 2649 597 2740 prima
619 2672 740 2733 causa,
772 2662 813 2719 ut
836 2673 916 2718 cum
938 2649 978 2718 in
996 2651 1161 2720 universa
1211 2647 1329 2731 rirenr,
1345 2649 1428 2740 qnia
1442 2648 1539 2717 venit
1554 2648 1594 2715 in
1608 2662 1762 2719 mentem
1775 2647 1972 2739 promissio,
1994 2674 2086 2741 quae
2101 2678 2201 2723 nun-

167 2752 370 2822 obedientia
395 2751 598 2822 studeamus
612 2744 689 2819 Deo
712 2750 971 2831 observantiam
987 2765 1021 2821 et
1043 2752 1160 2822 officia
1209 2771 1317 2841 qnam
1344 2748 1455 2832 fallit,
1486 2748 1624 2819 etiamsi
1653 2773 1710 2819 res
1739 2771 1838 2840 saepe
1862 2749 1933 2819 alio
1959 2764 2120 2842 tempore
2143 2757 2201 2824 vel

169 2868 289 2924 nostra
314 2851 512 2935 declarare,
545 2865 620 2919 tum
650 2873 734 2920 vero
757 2850 922 2941 inprimis
947 2851 985 2920 in
1015 2853 1161 2923 invoca·
1210 2851 1318 2919 modo
1330 2849 1558 2939 contingent,
1584 2856 1692 2943 quam
1711 2873 1777 2920 nos
1789 2853 2062 2944 expectabamus.

167 2959 281 3039 tione,
307 2978 398 3048 qnae
415 2952 512 3023 inter
527 2951 734 3046 praecipuos
747 2953 862 3023 cultus
876 2976 978 3045 saepe
994 2978 1161 3024 numera·
1310 2977 1359 3052 Eg
1377 2996 1470 3053 cem
1490 2996 1541 3054 ω
1563 2996 1598 3054 et
1619 2983 1738 3053 ,mim
1760 2984 1868 3055 obvia
1890 2986 2086 3075 petentibus
2109 3012 2197 3078 pm.

1211 3082 1330 3154 missio
1346 3083 1475 3174 gratiae
1490 3099 1524 3155 ct
1537 3084 1852 3172 reconciliationis,
1876 3086 1966 3158 sicut
1981 3089 2090 3159 multa
2106 3089 2204 3162 dicta

269 3185 440 3277 Nepotes
453 3187 561 3274 igitur
574 3188 728 3259 liberum
743 3212 827 3275 esse,
850 3205 969 3263 utrum
985 3203 1065 3263 tuas
1081 3212 1161 3278 pre-
1210 3184 1405 3257 declarant:
1447 3183 1495 3256 Ut
1510 3186 1593 3254 vivo
1608 3209 1691 3277 ego,
1716 3187 1801 3256 nolo
1820 3202 1974 3258 mortem
1996 3190 2201 3283 peccatoris,

167 3312 227 3359 ces
241 3302 317 3359 toto
331 3299 471 3378 pectore
484 3286 612 3355 fundas
625 3290 670 3355 ad
685 3288 811 3373 Deum,
835 3315 971 3370 necne,
997 3293 1058 3360 sed
1072 3290 1160 3359 scias
1211 3290 1245 3359 et
1259 3286 1392 3358 Paulus
1408 3287 1475 3358 ait:
1502 3284 1586 3356 ldeo
1603 3311 1643 3357 ex
1666 3284 1733 3356 fide
1755 3288 1863 3376 gratis
1880 3302 1919 3359 ut
1937 3291 2038 3361 firma
2056 3293 2102 3361 sit
2117 3317 2201 3383 pro-

168 3407 205 3461 te
239 3388 532 3461 contumeliosum
557 3400 593 3456 et
624 3401 869 3459 contumacem
895 3413 969 3458 esse
994 3393 1160 3459 adversus
1211 3388 1349 3474 missio;
1391 3412 1456 3458 nec
1489 3384 1582 3457 nibil
1609 3383 1677 3457 buc
1710 3387 1862 3478 pertinet
1890 3391 2029 3464 dictum
2059 3390 2201 3463 Basilii:

169 3490 306 3575 Deum,
328 3504 363 3560 te
379 3510 571 3579 provocare
584 3489 674 3558 iram
692 3490 775 3575 Dei,
799 3502 834 3560 te
849 3513 1024 3560 accersere
1038 3511 1160 3580 graves
1209 3482 1330 3585 μόνον
1344 3484 1579 3583 dilacerasti
1595 3482 1785 3585 θεὸςπρὸς
1799 3494 1934 3584 παντᾷ.
1983 3495 2080 3565 Snus
2094 3496 2200 3566 etiarn

40 3648 49 3667 a
169 3613 321 3685 poenas,
346 3589 561 3663 calamitates
585 3591 744 3680 publicas
764 3604 800 3661 et
822 3591 976 3682 privatas
997 3591 1082 3673 tibi,
1106 3592 1160 3661 ia-
1209 3584 1338 3684 cuique
1354 3589 1493 3661 animus
1507 3591 1605 3663 testis
1620 3604 1690 3675 est,
1714 3612 1750 3658 se
1766 3590 1835 3661 fide
1851 3596 2022 3688 consequi
2037 3597 2203 3666 consola-

84 3773 87 3777 ,
162 3692 291 3762 miliae
314 3706 413 3777 tuae,
441 3685 482 3763 'et
500 3692 667 3762 amnibus
688 3692 751 3788 qui
772 3693 839 3762 tibi
861 3693 1043 3765 coniuncti
1068 3709 1160 3778 sunt,
1210 3694 1345 3765 tionem
1360 3707 1394 3763 et
1407 3692 1653 3762 liberationem
1669 3716 1689 3762 a
1703 3691 1828 3783 poenis
1845 3695 2011 3780 aeternis,
2036 3711 2071 3767 et
2085 3710 2202 3769 terro-

168 3791 310 3863 sinibil
330 3809 392 3864 ant
411 3794 565 3883 segniter
578 3816 669 3867 ores.
717 3790 787 3863 llic
805 3795 915 3884 igitur
929 3796 1083 3865 debebat
1099 3820 1159 3865 oo·
1210 3786 1309 3864 ribus
1326 3818 1366 3864 ac
1381 3814 1485 3864 sensu
1504 3794 1577 3863 irae
1591 3790 1659 3864 Dei
1677 3795 1845 3866 adversus
1862 3810 2060 3885 peccatum,
2085 3821 2200 3888 quum

170 3896 305 3984 piosius
317 3895 388 3965 dici
409 3897 454 3965 de
475 3895 527 3965 ira
543 3892 629 3975 Dei,
655 3908 690 3964 et
705 3897 750 3964 de
763 3896 895 3987 'poenis
909 3896 1159 3967 comitantibus
1208 3896 1299 3965 serio
1316 3895 1378 3965 illa
1393 3909 1580 3986 petuntur,
1606 3908 1641 3966 et
1655 3896 1783 3965 fiducie
1797 3895 2032 3968 intercessoris
2044 3897 2110 3964 etii
2125 3893 2201 3970 Dei

170 3993 264 4066 banc
290 3996 513 4066 securitatem
544 4009 580 4065 et
608 3996 877 4084 negligentiam,
908 4021 999 4088 quae
1024 3998 1159 4068 etiamsi
1208 3999 1252 4067 ad
1269 4011 1416 4090 patrem.

170 4110 473 4216 {mmmmm
487 4096 673 4167 ’'Mltim‘i
690 4098 908 4188 ⁵inss¹¹¹⁸fflm
925 4100 1053 4216 l‘ssum’
1070 4123 1158 4217 ‘lul‘
1216 4102 1220 4128 ⁵
1309 4128 1387 4203 Etsi
1407 4145 1525 4204 autem
1549 4146 1589 4204 ut
1611 4156 1713 4224 saepe
1737 4133 1916 4213 audimus,
1941 4132 2202 4207 discernendae

172 4223 211 4266 m
225 4198 392 4288 decalogo
425 4213 693 4291 proponuntur,
725 4213 842 4269 tamen
877 4200 933 4268 vel
965 4224 1005 4269 ιιι
1035 4224 1158 4291 prsmrs
1215 4229 1220 4241 ·

168 4299 398 4369 omissionem
416 4294 524 4369 huius
539 4300 655 4370 cultus
671 4315 878 4392 sequuntur.
925 4301 997 4372 sed
1020 4316 1061 4372 m
1078 4304 1157 4371 bm-
1207 4248 1291 4306 sunt
1312 4234 1357 4304 ab
1377 4229 1442 4304 bac
1457 4235 1692 4329 promissione
1707 4235 1815 4321 aliae,
1842 4258 1931 4328 quae
1951 4256 2006 4303 res
2030 4259 2201 4329 corpora-

166 4401 251 4470 :vior
272 4400 359 4485 sim,
392 4412 530 4481 transeo
552 4401 597 4468 ad
620 4405 810 4471 secundam
835 4402 1028 4486 rationem,
1052 4428 1157 4495 qssam

1208 4319 1258 4406 les
1280 4333 1452 4407 offerunt:
1480 4351 1598 4407 tamen
1621 4351 1655 4409 et
1676 4338 1759 4407 illae
1775 4361 1957 4429 nunquam
1973 4350 2057 4407 sunt
2073 4338 2200 4410 inanes

1122 4503 1131 4521 ,
1207 4436 1415 4511 antirritae.
1449 4434 1526 4510 Etsi
1550 4438 1643 4507 enim
1657 4438 1795 4507 nemini
1809 4436 2099 4532 cuiquamaDeo
2115 4464 2202 4534 pro-

166 4504 242 4574 diri
263 4501 368 4572 etiam
385 4501 675 4572 considerandam
698 4525 789 4586 esse,
814 4518 855 4574 ut
870 4506 1104 4574 accendamus
1119 4528 1158 4572 ιιι

167 4605 274 4679 nobi,
289 4604 446 4676 studium
461 4603 667 4695 diligentius
681 4605 861 4696 precandi·
1208 4538 1329 4609 missio
1354 4540 1480 4610 tradita
1504 4553 1556 4608 est
1577 4539 1807 4625 nominatim,
1834 4541 1933 4609 dere
1952 4540 2071 4634 aliqua
2090 4545 2202 4634 perti-

1208 4652 1315 4709 nente
1330 4643 1374 4709 ad
1390 4664 1493 4710 usum
1516 4635 1623 4709 huius
1638 4642 1831 4732 corporalis
1846 4641 1958 4722 vitae,
1985 4654 2025 4712 ut
2040 4643 2087 4712 de
2107 4643 2201 4714 libe-

270 4734 350 4811 Eni
371 4738 482 4828 igitur
495 4737 635 4809 nullum
658 4737 793 4807 fulmen
806 4740 957 4811 debebat
973 4763 1039 4811 nos
1053 4735 1159 4810 vebe-
1208 4741 1345 4812 ratione
1363 4767 1403 4812 ex
1420 4742 1564 4822 morbo,
1596 4754 1657 4811 ant
1672 4744 1790 4834 aliqua
1808 4742 1878 4812 alia
1893 4743 2093 4814 calamitate
2108 4770 2201 4838 quae

168 4839 324 4908 mentius
338 4862 578 4924 commovere,
599 4853 642 4908 nt
663 4860 802 4909 summo
824 4841 944 4912 studio
961 4844 1158 4914 tribuamus
1208 4867 1274 4913 nos
1290 4867 1387 4913 nunc
1402 4843 1547 4934 premit:
1567 4855 1686 4913 tamen
1701 4857 1837 4914 certum
1854 4855 1906 4912 est
1924 4857 2064 4914 nostras
2079 4871 2202 4938 preces

167 4935 238 5010 boc
259 4940 359 5031 quasi
381 4941 436 5012 ius
449 4936 545 5026 Deo,
570 4953 611 5011 ut
632 4954 852 5032 expectemus
871 4958 910 5014 et
931 4958 1091 5034 petamus
1113 4943 1157 5011 ab
1208 4942 1319 5015 aDeo
1342 4943 1501 5013 exaudiri
1522 4959 1557 5016 et
1580 4945 1733 5016 efficaces
1752 4968 1845 5030 esse,
1870 4944 2009 5015 etiamsi
2032 4947 2202 5021 differtur

165 5067 211 5112 eo
234 5038 405 5115 auxilium
425 5057 461 5112 et
480 5043 727 5113 liberationem
753 5044 792 5112 in
814 5045 946 5114 nostris
968 5045 1159 5127 aerumnis,
1208 5041 1276 5116 boc
1290 5046 1387 5140 quod
1403 5047 1565 5138 petimus,
1583 5060 1644 5116 aut
1659 5070 1804 5138 prorsus
1819 5070 1894 5116 non
1910 5048 2098 5138 contingit.
2123 5049 2202 5123 Hoc

164 5167 275 5238 quam
296 5143 503 5211 mandatum
524 5158 559 5215 et
582 5145 746 5217 voluntas
766 5143 846 5218 Dei.
898 5144 1035 5216 Tamen
1055 5146 1159 5217 debet
1208 5148 1303 5219 enim
1317 5172 1440 5218 verum
1455 5162 1516 5235 est,
1541 5149 1571 5217 si
1587 5143 1654 5219 boc
1670 5172 1743 5218 non
1759 5149 2011 5241 consequimur
2025 5154 2128 5244 quod
2143 5179 2204 5247 pe-

162 5262 201 5315 et
226 5268 293 5314 nos
317 5241 471 5318 invitare
494 5238 581 5312 baec
606 5246 717 5324 ratio,
753 5250 849 5338 qnod
872 5262 1013 5319 nostrae
1040 5271 1158 5338 preces
1203 5249 1334 5334 timus,
1367 5251 1464 5319 aliud
1487 5251 1615 5321 melius
1638 5264 1673 5321 et
1695 5250 1930 5342 praestantius
1951 5252 2081 5341 longe,
2106 5252 2205 5328 Deus

165 5368 352 5439 nunquam
366 5355 452 5414 sunt
466 5343 610 5412 inutiles
624 5361 685 5417 aut
703 5347 842 5434 irritae,
866 5350 926 5420 sed
941 5372 1079 5443 semper
1092 5348 1158 5416 ali·
1206 5349 1312 5421 nobis
1328 5352 1476 5425 confert.
1534 5350 1617 5423 Non
1634 5353 1762 5423 liberat
1778 5365 1812 5423 te
1830 5348 1927 5423 Deus
1941 5377 1982 5423 ex
1998 5352 2130 5447 inopia
2144 5373 2206 5430 aut

163 5449 256 5542 quid
273 5450 466 5542 impetrant
487 5441 620 5529 aueo,
645 5470 783 5539 semper
802 5451 1059 5535 exaudiuntur,
1083 5448 1158 5519 sive
1206 5454 1353 5539 morbo,
1380 5452 1514 5525 interea
1539 5454 1599 5525 dat
1620 5455 1678 5525 vel
1700 5453 1769 5526 alia
1792 5455 1886 5526 bona
1909 5457 2117 5549 corporalia
2141 5462 2205 5534 tibi
