4732 6030
655 151 817 230 onon.
866 149 942 226 ou
981 145 1255 225 ursanus
1288 105 1816 224 rauoaoooonou.
2183 157 2256 231 aas

229 336 388 419 bemari,
419 355 524 428 quam
547 327 624 405 hos.
675 325 723 398 Et
747 341 865 396 tamen
887 327 926 394 in
945 318 1083 395 scholas
1106 337 1214 417 quot·
1264 325 1350 395 dicit
1371 326 1415 394 de
1438 325 1534 409 tilio,
1559 325 1681 393 eadem
1706 337 1967 415 praeceptorem
1980 324 2173 396 sollicitum
2190 322 2256 398 ha·

229 453 317 532 quot
331 439 405 508 fere
420 437 630 517 mittuntur,
656 428 825 522 pessimos
847 451 983 514 mores,
1009 427 1214 520 turpissima
1264 428 1368 511 bent,
1395 452 1441 496 ne
1455 428 1516 496 ille
1532 427 1668 518 uspiam
1686 426 1873 510 ceciderit,
1889 440 1950 497 aut
1965 427 2172 519 perfregerit
2188 431 2256 499 ali-

229 542 388 633 cxempla
410 539 592 616 adferunt,
613 547 664 604 .ut
684 531 881 621 refingendi
904 530 977 601 sint
998 532 1042 600 de
1062 530 1215 619 integro.
1265 528 1370 623 quid,
1404 543 1467 599 aut
1491 530 1621 598 vulnus
1644 528 1836 620 acceperit,
1864 542 1899 598 et
1924 524 1994 599 hoc
2025 551 2135 619 genus
2169 533 2255 602 alia:

230 641 296 715 Est
317 656 435 713 autem
462 635 662 721 difficilius,
694 658 800 725 prava
826 657 915 726 quae
940 633 1048 702 semel
1074 632 1217 700 insede·
1264 654 1375 724 quare
1399 632 1469 700 iam
1485 633 1615 721 cogitat
1634 630 1705 700 sibi
1718 654 1853 700 summa
1869 631 1906 699 vi
1923 634 2156 703 coercendum
2182 659 2256 704 esse

230 760 338 828 runt,
361 742 551 818 dedocere,
575 750 789 831 quamrecta
807 737 944 809 docere.
996 732 1103 806 Scitis
1117 734 1214 802 enim
1265 733 1490 823 discipulum.
1541 729 1684 803 Etcum
1703 727 1872 803 hactenus
1894 756 1913 802 a
1938 734 2051 826 plagis
2071 734 2255 807 abstinue-

231 848 403 918 musicnm
443 841 546 911 illum
579 839 718 929 gemina
752 839 913 908 mercede
939 838 1120 918 docuisse,
1153 835 1216 928 qui
1265 835 1335 920 rit,
1360 830 1419 905 hic
1441 836 1585 906 demum
1609 837 1655 904 ad
1676 835 1893 905 ferocitatem
1906 837 2144 924 castigandam
2169 864 2255 930 pro.

231 962 312 1020 ante
326 948 393 1017 snb
407 944 487 1014 aliis
505 940 679 1031 magistris
691 940 783 1008 male
799 940 983 1011 assuefacti
997 950 1108 1011 erant.
1143 936 1218 1007 Pu·
1266 950 1415 1007 mnntur
1443 937 1573 1027 virgae.
1632 935 1723 1007 Nam
1754 937 1868 1007 nostri
1899 932 2061 1007 homines
2089 963 2164 1008 non
2185 942 2257 1009 nisi

228 160 301 234 127

230 1073 380 1143 gnamus
403 1070 485 1136 ergo
506 1068 586 1114 cum
616 1042 769 1131 ingeniis
790 1042 1008 1135 puerilibus,
1042 1064 1132 1133 quae
1155 1063 1218 1130 per

230 1177 304 1225 sese
323 1149 539 1220 ferocissima
555 1159 658 1227 sunt,
683 1145 889 1237 praesertim
907 1145 946 1211 in
963 1139 1154 1212 Germanis
1183 1153 1218 1209 et

230 1255 421 1328 domestico
442 1275 509 1321 usu
533 1261 712 1338 corrupto.
773 1244 902 1315 Videte
926 1245 1021 1315 enim
1045 1244 1130 1314 istos
1151 1244 1217 1312 bo·

230 1381 296 1429 nos
316 1367 498 1450 parentes,
524 1374 678 1443 quorem
702 1347 807 1418 multi
832 1371 868 1416 se
890 1343 1124 1435 Evangelicos
1153 1369 1217 1414 vo-

231 1475 332 1544 cant,
358 1479 439 1527 cum
457 1455 495 1524 in
512 1477 551 1521 ea
567 1465 678 1522 aetate
692 1450 805 1542 prima
825 1472 898 1518 esse
915 1450 1107 1518 tradendae
1132 1446 1219 1517 reli-

232 1562 349 1654 gionis
373 1581 455 1628 cura
481 1556 624 1639 debeat,
649 1547 689 1621 hi
714 1575 759 1620 ne
782 1552 926 1644 quidem
950 1573 1064 1620 sacras
1088 1572 1219 1641 preces,

231 1663 448 1750 Decalogum
466 1671 500 1728 et
520 1653 587 1726 hoc
608 1678 718 1745 genus
732 1654 800 1722 alia
817 1653 916 1723 domi
933 1653 1080 1743 docent,
1107 1652 1218 1743 pleri·

170 1822 177 1835 ,
234 1789 303 1861 que
318 1774 478 1856 parentes
492 1769 732 1847 contemptum
748 1754 930 1845 religionis
946 1755 1085 1825 docent.
1127 1753 1218 1822 Tam

234 1878 439 1957 corruptum
457 1856 525 1930 hoc
541 1881 702 1929 nostrum
718 1858 875 1928 seculum
891 1869 960 1940 est,
984 1870 1026 1925 ut
1047 1857 1123 1925 iure
1136 1879 1219 1945 pos-

235 1971 282 2041 sis
298 1969 432 2046 dicere,
459 1964 644 2053 deceptum
668 1982 740 2029 esse
760 1958 980 2054 Satyricum,
1007 1980 1088 2028 cum
1112 1957 1218 2026 dixit:

280 2107 334 2174 Nil
349 2111 404 2169 erit
417 2108 542 2166 ulterius
558 2103 640 2188 quod
653 2104 762 2162 nostris
777 2103 911 2162 moribus
926 2097 1015 2159 addat

284 2212 457 2276 Posterius.

287 2313 390 2378 Omne
405 2317 437 2372 in
452 2309 608 2391 praecipiti
621 2308 730 2366 vitium
745 2308 835 2366 stetit.

233 2476 357 2569 Neque
385 2472 481 2540 enim
513 2467 585 2536 dici
619 2479 734 2558 potest
767 2479 898 2557 quanta
933 2460 1085 2533 accessio
1112 2458 1221 2527 scele-

234 2603 316 2652 rum
340 2573 455 2645 omnis
477 2567 633 2659 generis,
664 2589 780 2658 nuper
807 2569 895 2640 adeo
923 2568 967 2633 ad
994 2577 1111 2633 vetera
1135 2560 1220 2629 vitia

45 2748 48 2757 .
127 2677 155 2729 ’·
235 2687 326 2754 faeta
348 2676 404 2746 sit.
454 2670 658 2743 Domestica
678 2667 868 2757 disciplina
891 2667 1021 2758 periit,
1053 2685 1143 2757 quac
1166 2674 1221 2731 ta·

236 2806 320 2854 men
343 2775 448 2849 nobis
477 2772 597 2866 pueris
623 2784 697 2840 erat
718 2770 919 2840 mediocris.
980 2766 1112 2855 Magna
1135 2763 1221 2834 dili-

237 2883 354 2979 gentia
370 2877 468 2949 domi
485 2875 718 2944 tradebantur
735 2873 907 2940 elementa
931 2870 1081 2959 pietatis.
1118 2865 1222 2936 Nunc

237 2990 306 3062 alia
319 3009 375 3055 res
393 2994 465 3069 est,
491 2978 653 3047 ridentur
668 2998 784 3053 sacra,
815 2996 962 3066 eamque
976 2994 1151 3041 summam
1166 2992 1223 3038 sa-

236 3088 407 3185 pientiam
434 3082 582 3152 ducunt.
641 3074 688 3147 Et
707 3077 790 3171 quia
812 3071 881 3144 Dei
903 3088 1018 3144 metus
1043 3084 1222 3161 exemptus

238 3205 291 3263 cst
304 3185 431 3259 animis
445 3205 656 3273 puerorum,
671 3179 789 3249 ruitur
804 3177 843 3246 in
859 3177 980 3246 omnia
997 3175 1102 3259 vitia,
1128 3197 1219 3264 qoo-

239 3316 320 3366 rum
343 3311 406 3378 ego
430 3284 501 3352 iam
524 3280 779 3350 memoratione
806 3303 881 3349 non
906 3280 1070 3349 delector.
1130 3274 1222 3344 Pro-

239 3398 324 3468 inde
348 3412 428 3460 cum
450 3387 490 3453 in
515 3377 671 3455 scholam
688 3394 833 3450 ventum
850 3394 917 3465 est,
939 3403 1078 3450 necesse
1094 3393 1147 3450 est
1163 3400 1224 3446 su·

239 3499 292 3570 mi
312 3497 352 3564 iu
373 3487 543 3561 docendis
566 3484 690 3576 primis
715 3482 854 3575 pietatis
875 3482 1125 3577 gymnasmatis
1140 3502 1224 3570 ope·

242 3623 329 3672 ram.
356 3592 425 3666 Sed
435 3589 521 3684 quid
533 3588 708 3656 discerent
723 3586 844 3655 infecti
859 3599 940 3656 ante
956 3583 1074 3675 impiis
1084 3582 1226 3673 opinio-

241 3697 374 3773 nibus?
424 3691 495 3765 Sed
520 3703 562 3761 ut
592 3688 818 3758 mediocriter
840 3688 1020 3769 succedat,
1044 3701 1161 3756 tamen
1186 3683 1225 3751 in

242 3802 357 3876 officio
378 3795 530 3868 retinere
551 3804 705 3885 quantus
727 3790 828 3859 labor
842 3791 919 3860 est?
944 3788 1043 3858 domi
1062 3787 1227 3870 retinere,

242 3927 360 3979 arcere
382 3925 401 3971 a
425 3895 603 3987 corruptis
627 3893 827 3977 sodalibus,
858 3918 878 3961 a
901 3891 1041 3982 ganeis,
1074 3891 1120 3960 ab
1141 3889 1227 3974 alea,

227 3996 277 4080 'et
290 4002 436 4096 reliquis
451 3997 652 4068 similibus?
701 3993 780 4064 Hoc
795 3995 859 4087 qui
879 4008 1013 4085 potest,
1035 3993 1138 4063 illum
1163 4013 1226 4079 ego

242 4135 318 4182 non
333 4104 535 4181 hominem,
561 4100 620 4166 sed
635 4097 741 4185 plane
755 4093 871 4164 Deum
887 4099 1064 4188 quendam
1081 4094 1228 4165 coelitus

244 4216 283 4282 in
298 4225 408 4280 terras
423 4200 584 4293 publicae
600 4196 723 4265 salutis
740 4219 844 4265 causa
857 4197 1040 4286 delapsum
1056 4219 1129 4264 esse
1143 4220 1229 4286 pro-

244 4310 472 4383 nunciavero.
522 4299 628 4371 Mille
645 4310 734 4367 artes
752 4297 949 4385 excogitant
962 4296 1064 4387 pueri
1080 4296 1229 4365 fallendi

244 4406 492 4509 praeceptoris.
544 4397 591 4470 Et
608 4401 647 4468 in
662 4398 825 4492 pluribus
845 4412 964 4467 tantus
978 4399 1081 4467 furor
1097 4410 1166 4481 est,
1189 4410 1230 4466 ut

245 4517 361 4610 palam
381 4514 608 4579 contemnant
624 4500 825 4593 imperium.
877 4496 971 4588 Quia
988 4499 1083 4568 enim
1105 4524 1124 4564 a
1147 4498 1229 4567 lite-

244 4621 295 4691 ris
316 4625 505 4708 perpetuae
525 4605 633 4674 feriae
656 4616 757 4686 sunt,
790 4601 909 4672 ocium
932 4615 967 4672 et
989 4604 1093 4672 docet
1117 4615 1151 4672 et
1165 4600 1230 4670 alit

245 4721 344 4792 vitia.
396 4710 460 4784 Est
475 4710 571 4781 enim
594 4705 777 4775 verissima
797 4704 988 4784 sententia,
1013 4726 1120 4798 quam
1144 4701 1229 4770 reli-

245 4823 323 4920 quit
337 4819 501 4909 scriptam
515 4808 714 4883 Columella
736 4807 776 4875 in
795 4806 989 4899 praeceptis
1008 4829 1098 4899 quae
1120 4804 1230 4898 patri-

244 4923 397 4997 familias
419 4913 645 5010 praescribit,
696 4909 758 4980 Nil
775 4911 912 4998 agendo
930 4909 1025 4992 fieri,
1050 4921 1090 4977 nt
1110 4901 1230 4975 homi-

1267 1039 1379 1130 plagis
1393 1040 1524 1125 coacti,
1547 1039 1639 1110 sicut
1656 1040 1701 1108 de
1717 1033 1919 1134 Phrygibus
1935 1040 1973 1108 in
1988 1042 2177 1130 proverbio
2194 1056 2258 1126 est,

1267 1143 1437 1231 imperata
1453 1141 1598 1212 faciunt.
1651 1139 1721 1210 Hic
1744 1141 1806 1210 ille
1829 1141 1936 1213 miser
1957 1165 2064 1232 supra
2088 1156 2143 1213 tot
2164 1146 2257 1214 mala

1267 1244 1507 1314 carnificinam
1538 1244 1676 1333 cogitur
1701 1266 1880 1329 exercere,
1913 1267 1988 1312 rem
2010 1245 2257 1325 miserrimam,

1267 1370 1428 1440 quaeque
1452 1346 1509 1414 vel
1533 1344 1717 1438 inprimis
1741 1358 1863 1415 noceat
1882 1345 2080 1415 valetudini
2106 1362 2257 1422 nostrae.

1267 1446 1379 1519 Nemo
1402 1448 1497 1517 enim
1519 1461 1590 1518 tam
1607 1442 1760 1540 ἀπαθὴς
1776 1460 1828 1516 est
1844 1461 2069 1539 praeceptor,
2096 1451 2186 1543 quin
2216 1475 2258 1520 ex

1268 1550 1490 1620 contumacia
1515 1550 1792 1620 adolescentium
1819 1565 2100 1636 commoveatur,
2133 1576 2258 1646 qnem-

1268 1677 1337 1746 qne
1355 1676 1431 1722 non
1445 1653 1628 1744 perturbet
1644 1654 1685 1721 in
1699 1651 1919 1722 verberando
1937 1652 2118 1744 impetus?
2156 1652 2258 1743 Quid

1268 1755 1339 1824 iarn
1367 1756 1410 1823 de
1430 1778 1514 1823 cura
1537 1754 1750 1826 valetudinis
1779 1778 1971 1845 puerorum
1995 1755 2138 1825 dicam?
2170 1758 2258 1849 qnid

1269 1857 1313 1925 de
1336 1857 1537 1947 sumptibus
1566 1855 1819 1926 moderandis?
1871 1855 1960 1949 quid
1986 1859 2032 1926 de
2058 1859 2259 1929 rationibus

1270 1971 1475 2049 sumptuum
1490 1958 1775 2048 perscribendis?
1802 1981 1910 2050 quae,
1926 1981 1972 2028 ne
1986 1959 2094 2030 nimis
2106 1962 2257 2049 longum

1268 2060 1413 2143 faciam,
1439 2083 1546 2149 cogor
1560 2060 1736 2131 omittere.
1787 2055 1934 2129 Etenim

1320 2184 1392 2248 Non
1408 2185 1485 2246 mibi
1500 2190 1525 2247 si
1543 2199 1664 2247 eentum
1679 2189 1800 2266 linguae
1817 2188 1877 2247 sint
1891 2207 2002 2270 oraque
2018 2200 2149 2267 uentum,

1252 2354 1255 2359 ,
1323 2286 1438 2351 Omnia
1451 2309 1590 2350 nurerum
1606 2310 1777 2370 percurrere
1791 2294 1916 2350 nomina
1928 2293 2053 2372 possim.

1271 2414 1461 2510 Postquam
1502 2416 1738 2508 praeceptoris
1773 2418 1911 2488 labores
1946 2417 2123 2503 recensui,
2161 2444 2258 2491 nunc

1271 2519 1387 2588 videte
1405 2540 1496 2612 quae
1513 2518 1667 2587 vicissim
1686 2543 1752 2609 pro
1770 2512 1918 2590 histum
1935 2544 2066 2592 merces
2081 2533 2156 2592 tum
2177 2545 2259 2612 gra-

1272 2620 1322 2690 tia
1350 2623 1481 2695 redeat.
1542 2618 1640 2690 Haec
1671 2645 1755 2690 vero
1789 2636 1840 2692 est
1862 2623 1993 2713 tragica
2021 2616 2259 2716 catastrophe:

1271 2723 1453 2815 superiora
1487 2722 1608 2791 omnia
1642 2723 1768 2791 ludum
1801 2738 1836 2795 et
1869 2725 1987 2794 iocum
2014 2727 2109 2797 dices
2142 2726 2260 2810 fuisse,

1272 2838 1379 2916 prout
1412 2819 1498 2894 haec
1528 2825 1620 2893 mala
1650 2839 1733 2895 sunt
1753 2849 1844 2918 quae
1875 2839 2009 2897 restant
2040 2851 2259 2897 commemo·

1272 2928 1396 2996 randa.

1373 3041 1537 3115 Primum
1558 3068 1691 3115 merces
1713 3048 1801 3116 adeo
1819 3058 1870 3117 est
1891 3047 2035 3138 exigua,
2049 3060 2098 3141 Υιιι
2119 3044 2258 3140 Satyri-

1273 3169 1334 3217 eus
1349 3169 1388 3214 ca
1407 3148 1451 3215 de
1467 3170 1506 3215 re
1520 3161 1664 3238 questus
1678 3148 1872 3238 scripserit:

1322 3269 1477 3334 Poenituit
1492 3275 1604 3333 multoe
1617 3292 1711 3332 ranae
1730 3273 1900 3352 sterilisque
1915 3273 2082 3334 cathedrae.

1275 3381 1355 3455 lure
1366 3382 1522 3451 sterilem
1539 3374 1742 3450 cathedram
1757 3380 1861 3450 dixit:
1888 3404 1971 3449 nam
1993 3383 2164 3453 fossorem
2181 3387 2263 3478 plu-

1272 3485 1324 3556 ris
1339 3507 1446 3576 quam
1461 3496 1722 3573 praeceptorem
1738 3484 1956 3555 conducunt.
2010 3481 2053 3553 ln
2074 3481 2131 3555 his
2154 3489 2264 3556 mise-

1274 3589 1337 3657 riis
1350 3586 1524 3676 algemus,
1550 3585 1704 3654 vivimus
1720 3584 1859 3678 siliquis
1874 3599 1908 3655 et
1924 3609 2018 3676 pane,
2032 3591 2204 3670 secundo,
2227 3605 2265 3661 et

1274 3690 1334 3760 vix
1351 3710 1416 3757 nos
1433 3713 1452 3755 a
1470 3688 1562 3756 fame
1579 3687 1812 3758 defendimus.
1867 3685 2006 3759 Videtis
2028 3690 2122 3757 enim
2144 3714 2262 3759 meam

1273 3789 1441 3868 maciem,
1466 3789 1593 3858 videtis
1609 3802 1648 3859 nt
1661 3788 1755 3859 lacer
1769 3789 1943 3870 incedam,
1970 3814 2059 3883 quae
2073 3791 2104 3859 si
2116 3791 2263 3864 fortuna

1274 3892 1412 3963 fecisset
1427 3890 1485 3958 vel
1501 3882 1754 3983 bibliopolam,
1780 3893 1876 3962 scitis
1894 3892 1998 3984 quale
2012 3893 2058 3962 sit
2080 3894 2116 3962 id
2139 3917 2263 3982 genus,

1276 4018 1339 4083 ego
1357 3993 1426 4061 iam
1442 4015 1530 4062 auro
1546 4009 1693 4065 onustus
1711 3995 1928 4078 incederem,
1952 3992 2118 4087 tanquam
2134 3997 2265 4089 aliquis

1276 4112 1426 4187 satrapa.

1383 4194 1524 4267 Deinde
1556 4221 1691 4265 summa
1722 4197 1938 4286 ingratitudo
1974 4221 2166 4291 puerorum
2203 4217 2265 4287 est,

1277 4300 1340 4392 qui
1357 4322 1432 4369 non
1445 4298 1552 4367 modo
1568 4298 1709 4367 nullum
1726 4322 1762 4366 se
1777 4323 1798 4367 a
1816 4301 1920 4369 nobis
1935 4301 2145 4371 beneficium
2172 4307 2265 4373 acci·

1277 4425 1360 4493 pere
1376 4401 1519 4479 dicunt,
1545 4402 1604 4468 sed
1623 4400 1799 4468 neminem
1817 4402 1917 4492 peius
1932 4405 1976 4471 de
1999 4427 2035 4470 se
2053 4407 2180 4473 mereri
2206 4431 2265 4475 ar-

1278 4504 1459 4574 bitrantur
1475 4526 1579 4594 quam
1595 4524 1672 4571 nos.
1714 4502 1789 4590 Qui
1804 4499 1896 4573 nihil
1913 4505 2073 4587 discunt,
2099 4531 2164 4575 nos
2183 4533 2265 4598 per-

1278 4605 1362 4672 inde
1375 4617 1415 4673 ut
1429 4601 1549 4692 literas
1566 4602 1735 4671 acerrime
1748 4607 1901 4675 oderunt
1922 4606 2019 4675 velut
2040 4630 2122 4676 suos
2146 4611 2266 4679 carni-

1277 4705 1368 4774 fices.
1418 4700 1576 4791 Quidam
1592 4704 1652 4772 alii
1666 4705 1792 4776 leviter
1815 4707 2005 4796 degustatis
2029 4709 2156 4795 literis,
2183 4736 2266 4781 cum

1279 4807 1349 4875 iam
1374 4804 1529 4898 aliquam
1560 4805 1712 4878 induant
1744 4809 1955 4879 eruditionis
1988 4813 2266 4902 persuasionem,

1278 4908 1328 4989 sic
1342 4908 1481 5000 placent
1504 4907 1573 4976 sibi
1600 4905 1698 5003 (nam
1717 4911 1753 4979 id
1767 4912 1856 4981 solet
1870 4935 1907 4980 ea
1926 4910 2038 5009 aetas)
2061 4930 2099 4984 ut
2122 4940 2266 5005 praece-

246 5052 310 5098 nes
323 5025 414 5094 male
436 5041 536 5110 agere
561 5015 710 5084 discant.
762 5009 837 5081 lam
854 5011 917 5080 ubi
935 5011 1041 5079 domo
1059 5023 1229 5101 tanquam
1278 5023 1397 5102 ptores
1423 5003 1516 5077 nihil
1547 5026 1749 5096 morentur,
1783 5035 1889 5106 seque
1913 5015 1982 5083 iam
2012 5018 2057 5085 ad
2085 5041 2265 5088 summum

246 5150 422 5202 ecarcere
455 5118 614 5191 refractis
645 5115 821 5207 repagulis
852 5112 984 5203 fugerit
1015 5112 1229 5194 adolescens,
1277 5110 1456 5201 fastigium
1483 5112 1694 5183 eruditionis
1722 5116 1923 5205 pervenisse
1955 5131 2098 5209 putent,
2134 5121 2197 5192 ubi
2225 5147 2266 5192 ex

243 5229 461 5304 miserrimae
490 5243 594 5291 curae
616 5219 770 5288 subeunt
793 5215 953 5287 animum
981 5212 1230 5305 praeceptoris.
1278 5214 1349 5283 alto
1381 5236 1446 5282 nos
1476 5214 1682 5304 despiciant.
1744 5213 1791 5286 Et
1814 5243 1888 5287 non
1910 5223 2015 5290 modo
2039 5245 2111 5289 non
2142 5224 2268 5295 vident

244 5336 345 5428 Quae
367 5331 426 5402 ille
447 5327 486 5394 in
510 5321 630 5394 fabula
652 5317 759 5390 Mitio
784 5319 852 5389 sibi
868 5317 991 5388 venire
1013 5316 1051 5384 in
1072 5328 1228 5387 mentem
1278 5339 1384 5409 qutun
1414 5330 1548 5386 curtam
1579 5312 1733 5389 habeant
1764 5322 2035 5410 supellectilem,
2068 5326 2127 5394 sed
2155 5350 2201 5396 ne
2229 5329 2268 5398 id
