4732 6030
269 281 345 356 oro
745 268 903 352 nucu
936 271 1014 347 nn
1047 239 1323 350 narrum
1357 272 1522 352 anca
1552 274 1817 355 nunnae.
2222 278 2306 352 aso

272 480 353 533 cum
381 476 436 524 res
465 449 615 520 maiores
644 459 678 517 et
705 441 873 537 Europae
903 446 1066 517 utiliores
1093 447 1261 518 adversus
1415 446 1616 519 Productus
1636 462 1688 521 est
1710 448 1895 522 Ladislaus
1922 449 1960 518 in
1989 462 2084 520 reste
2115 471 2310 542 purpurea,

276 553 310 626 'f
312 577 412 643 ursas
426 551 543 642 gessit.
1313 548 1370 619 cui
1385 548 1559 621 intextum
1572 563 1649 621 erat
1663 574 1808 637 aurum,
1836 553 1966 622 donata
1989 576 2009 622 a
2034 574 2134 642 rege,
2164 566 2201 624 et
2218 552 2310 643 liga·

377 653 449 724 Nec
475 650 586 721 defuit
608 661 726 719 tantae
749 648 871 718 virtuti
896 664 930 720 et
953 650 1088 739 gloriae
1114 649 1262 731 invidia,
1314 663 1369 720 tae
1385 664 1469 720 sunt
1484 651 1523 720 in
1537 664 1675 740 tergum
1692 675 1838 737 manus,
1863 667 1898 723 et
1919 652 2013 722 inter
2028 667 2109 722 vota
2126 654 2171 722 ad
2189 650 2308 724 Deum

277 755 361 850 quia
375 755 470 824 enim
485 754 524 822 in
541 747 607 821 hac
622 763 769 820 naturae
785 745 962 820 humanae
979 751 1182 821 infirmitate
1195 753 1262 821 ob·
1314 751 1552 842 procumbens
1575 753 1614 821 in
1637 776 1769 843 genua,
1795 754 1880 824 forti
1895 752 2015 824 animo
2037 767 2152 825 erecta
2170 756 2309 826 cervice

277 855 412 927 scurari
432 878 469 924 se
490 852 600 924 unius
614 850 764 922 alicuius
781 854 994 940 praestantia
1010 852 1116 923 multi
1130 852 1264 936 dolent,
1316 865 1471 944 expectat
1492 867 1655 926 mortem.
1705 853 1760 924 lbi
1784 879 1864 926 cum
1886 868 1941 925 ter
1961 879 1981 924 a
2004 855 2130 925 lictore
2153 855 2246 927 ictus
2274 872 2309 929 et

277 957 517 1029 excellentiam
535 955 686 1024 alienam
706 975 865 1043 premere
887 967 1073 1028 conantur.
1122 952 1265 1044 Singuli
1315 953 1522 1024 vulneratus
1540 967 1647 1040 esset,
1671 968 1707 1027 ct
1720 980 1854 1046 pronus
1869 957 1908 1024 in
1924 968 2054 1025 terram
2072 957 2186 1048 lapsus
2202 974 2310 1044 esset,

278 1061 376 1129 euim
400 1080 474 1128 sese
493 1068 632 1140 amant,
657 1077 731 1124 sese
752 1077 897 1144 magnos
921 1078 996 1125 esse
1020 1053 1178 1145 conspici
1200 1079 1265 1124 vo-
1317 1076 1439 1125 rursus
1453 1067 1572 1124 tamen
1591 1078 1665 1126 sese
1685 1081 1887 1151 quanquam
1903 1057 2032 1146 ligatus
2048 1071 2083 1128 et
2101 1059 2307 1131 vulneratus

279 1163 372 1231 lunt.
423 1158 544 1251 ltaque
560 1154 664 1226 multi
681 1166 717 1225 et
730 1153 895 1245 dignitati
915 1170 948 1227 et
969 1156 1061 1226 vitae
1076 1153 1266 1226 Huniadae
1317 1155 1444 1239 erexit,
1470 1169 1504 1227 et
1517 1157 1609 1226 clara
1625 1180 1711 1227 voce
1726 1156 1840 1227 Deum
1854 1158 2015 1244 invocat,
2038 1171 2072 1229 et
2088 1182 2170 1230 eum
2183 1173 2305 1231 testem

280 1260 440 1333 insidiati
461 1273 555 1330 sunt.
610 1255 679 1329 Sed
700 1251 797 1325 Deus
811 1281 891 1326 eum
907 1256 992 1328 texit
1006 1281 1079 1327 nou
1096 1256 1266 1327 salumin
1318 1279 1400 1326 suae
1415 1257 1640 1328 innocentiae
1652 1280 1726 1328 esse
1747 1259 1876 1350 inquit.
1920 1257 2059 1347 Quarto
2074 1262 2220 1330 tandem
2236 1263 2306 1332 ictu

281 1365 373 1448 acie,
398 1363 458 1431 sed
477 1361 581 1429 etiam
597 1360 765 1429 adversus
779 1381 965 1448 procerum
981 1372 1016 1430 et
1031 1358 1267 1429 calumniato-
1318 1371 1423 1447 caput
1439 1358 1472 1426 ei
1488 1359 1712 1448 praeciditur.
1763 1357 1880 1429 Multa
1901 1374 1984 1431 sunt
2005 1361 2044 1429 in
2061 1356 2130 1431 hoc
2147 1365 2309 1454 exemplo

280 1490 361 1536 rum
384 1462 548 1546 insidias,
582 1474 617 1532 et
639 1457 708 1548 ipsi
727 1472 806 1546 post
822 1459 1003 1548 repulsum
1019 1454 1267 1530 Mahometum
1320 1458 1426 1547 digna
1446 1472 1480 1530 et
1500 1459 1781 1531 consideratione
1804 1475 1839 1531 et
1855 1462 2119 1553 deploratione,
2147 1466 2311 1535 ridemus

282 1593 302 1636 a
336 1564 510 1653 Belgrado
545 1558 726 1631 continuis
759 1559 902 1649 praeliis
936 1563 1089 1630 duorum
1118 1560 1268 1647 dierum,
1319 1555 1379 1628 hic
1395 1560 1547 1630 deletam
1571 1583 1645 1629 esse
1666 1562 1873 1630 memoriam
1897 1564 2150 1634 beneficiorum
2168 1563 2313 1634 Hunia·

281 1668 408 1738 victori
423 1662 613 1751 defatigato
630 1657 871 1749 magnitudine
887 1661 1063 1742 laborum,
1088 1685 1269 1731 commen·
1320 1663 1386 1728 dae
1401 1661 1529 1751 patris,
1555 1685 1636 1731 cum
1657 1675 1756 1732 tanta
1776 1663 1963 1734 crudelitas
1979 1664 2017 1733 in
2035 1666 2148 1735 filium
2164 1669 2314 1761 {exerce-

239 1808 241 1813 ,
282 1768 383 1838 danti
397 1788 471 1837 sese
486 1777 521 1834 et
537 1761 685 1853 patriam
702 1759 769 1850 piis
783 1761 1039 1833 votisDomiuo
1057 1776 1179 1832 nostro
1190 1761 1269 1832 lesu
1322 1774 1390 1829 tur.
1453 1758 1626 1831 Fortassis
1649 1776 1684 1833 et
1704 1764 1905 1834 adolescens
1926 1779 2071 1856 propter
2093 1769 2206 1858 patris
2234 1770 2312 1859 glo·

284 1865 444 1951 Christo,
469 1877 505 1935 et
518 1858 722 1933 adhortanti
741 1861 833 1930 lilios
847 1861 909 1956 qui
924 1863 1072 1934 aderant
1084 1863 1271 1950 morituro,
1321 1864 1410 1930 riam
1425 1862 1494 1933 fuit
1510 1863 1731 1934 insolentior.
1781 1862 1904 1957 ltaque
1920 1869 2146 1958 propositum
2166 1884 2219 1942 est
2234 1895 2313 1940 cae-

282 1971 328 2041 ad
345 1968 529 2050 virtutem,
554 1965 653 2033 dedit
667 1961 799 2033 exitum
814 1963 991 2052 placidum
1010 1979 1043 2036 ct
1063 1965 1271 2054 gloriosum,
1322 1962 1406 2033 teris
1435 1964 1649 2054 exemplum,
1684 1979 1725 2035 ut
1747 1965 1910 2037 fortunae
1934 1968 2213 2042 inconstantiam
2237 1997 2313 2041 me-

285 2066 392 2142 Anno
412 2067 518 2140 1456.
546 2063 682 2152 Quarto
702 2061 787 2133 ldus
801 2062 1031 2156 Septembris.
1321 2077 1459 2134 tuentes
1473 2064 1585 2134 simus
1601 2065 1841 2142 modestiores.

387 2168 430 2238 ln
445 2192 486 2238 eo
500 2166 633 2259 praelio
648 2158 876 2235 Mahometus
891 2180 1030 2257 accepto
1047 2167 1194 2236 vulnere
1216 2190 1272 2237 se-
1424 2162 1548 2236 Postea
1562 2190 1643 2235 cum
1658 2166 1875 2258 rexPragam
1890 2170 2183 2261 proficisceretur,
2205 2175 2313 2244 simul

287 2269 466 2343 mianimis
488 2293 529 2338 ex
552 2266 626 2335 acie
648 2289 669 2335 a
692 2263 766 2334 suis
787 2278 958 2355 gestatus,
994 2291 1074 2338 cum
1100 2268 1272 2339 amisisset
1323 2288 1365 2335 eo
1383 2261 1574 2336 Matthiam
1589 2267 1753 2354 abducit,
1780 2294 1825 2338 ne
1840 2268 2021 2343 Pannonii
2039 2274 2116 2344 eius
2132 2275 2312 2347 liberandi

287 2373 427 2445 circiter
451 2366 683 2463 quadraginta
706 2366 818 2436 millia
840 2366 995 2439 militum
1022 2382 1057 2438 et
1079 2365 1272 2454 machinas,
1324 2388 1447 2451 causa,
1471 2367 1502 2436 si
1517 2369 1610 2459 apud
1628 2368 1724 2461 ipsos
1739 2371 2019 2464 relinqueretur,
2044 2378 2218 2449 tumultus
2232 2402 2315 2447 mo-

285 2474 426 2566 fugiens
441 2471 549 2542 vitam
568 2465 728 2538 retinuit.
778 2464 851 2537 Nec
868 2480 984 2538 tamen
999 2469 1164 2540 odiorum
1188 2494 1272 2541 cru·
1325 2483 1459 2541 verent.
1495 2467 1567 2538 lam
1584 2493 1706 2540 rursus
1722 2471 1885 2543 fortunae
1902 2475 2197 2552 viresconsidera.
2227 2476 2312 2550 Rex

287 2577 411 2649 delitas
436 2572 474 2640 in
498 2567 644 2640 aemulis
670 2566 806 2657 placata
826 2580 896 2654 est,
921 2568 979 2639 vel
998 2570 1105 2642 tantis
1128 2571 1274 2658 meritis,
1324 2567 1585 2655 nobilissimus,
1625 2571 1725 2643 cuius
1752 2587 1787 2642 et
1811 2575 1947 2646 indoles
1969 2579 2012 2648 ad
2035 2578 2203 2648 virtutem
2233 2592 2314 2648 erat

287 2679 344 2749 vel
360 2673 506 2745 interitu
521 2668 720 2741 Huniadae.
771 2667 844 2740 Sed
858 2671 975 2763 erupit
993 2672 1176 2766 aliquanto
1195 2686 1274 2767 post
1324 2670 1515 2754 excellens,
1547 2685 1581 2740 et
1600 2694 1717 2742 mores
1737 2667 1891 2760 honesti,
1922 2701 2098 2771 quemque
2120 2681 2314 2772 sperabant

263 2802 267 2809 ·
287 2782 327 2850 in
339 2776 443 2849 filios.
1325 2770 1457 2840 multae
1469 2784 1591 2858 gentes
1605 2774 1782 2862 praesidio
1799 2778 1874 2846 fore
1886 2779 1952 2848 toti
1966 2775 2152 2871 Etrmpae,
2175 2783 2312 2872 inipso

388 2874 515 2949 Comes
530 2868 643 2942 Ciliae
658 2884 699 2943 ut
713 2871 805 2963 patri
821 2869 1011 2944 Huniadae
1025 2886 1199 2945 struxerat
1217 2874 1274 2944 in·
1325 2872 1414 2940 flore
1428 2872 1684 2944 adolescentiae
1698 2874 1736 2944 in
1752 2879 1841 2948 urbe
1851 2877 1962 2970 Praga
1973 2881 2141 2952 extinctus
2154 2895 2220 2956 cst.
2253 2882 2314 2952 lbi

288 2980 415 3064 sidias,
440 2977 488 3045 ita
503 2972 594 3043 lilios
610 2973 716 3043 etiam
731 2970 937 3045 Ladislaum
959 2988 996 3047 et
1008 2970 1200 3045 Matthiam
1216 3000 1276 3047 ca·
1326 2997 1407 3042 cum
1424 2967 1575 3042 &hemi
1596 2997 1681 3045 suae
1701 2979 1816 3062 gentis
1835 2981 1952 3051 virum
1971 2980 2158 3073 Georgium
2181 2984 2315 3072 elegis-
2343 3028 2346 3033 -

288 3071 437 3151 lumniis
464 3097 651 3168 oppressos
680 3073 805 3145 tollere
834 3090 992 3149 conatur.
1055 3072 1275 3148 Criminatur
1326 3088 1405 3144 sent
1434 3096 1572 3164 regem,
1607 3073 1796 3148 Matthiam
1821 3081 1851 3151 is
1875 3083 2004 3155 retinet
2024 3097 2190 3177 tanquam
2213 3086 2315 3153 obsi·

288 3180 510 3258 Ladislaum,
535 3176 726 3267 quodcum
748 3197 867 3266 regem
890 3191 925 3247 et
947 3191 1079 3267 partem
1104 3178 1275 3249 exercitus
1326 3179 1427 3261 dem,
1451 3188 1491 3245 ut
1505 3188 1645 3247 ostensa
1661 3202 1723 3270 spe
1735 3181 1912 3252 liberandi
1926 3185 2183 3263 adolescentis,
2206 3183 2313 3256 Hun-

259 3324 261 3331 ·
288 3283 328 3352 in
353 3300 468 3349 arcem
491 3269 604 3344 Albae
626 3274 841 3358 admisisset,
878 3290 1033 3347 caeteros
1061 3280 1275 3370 exclusisset,
1326 3298 1492 3366 garorum
1531 3277 1599 3346 sibi
1638 3281 1836 3351 voluntates
1876 3285 2099 3375 adiungeret.
2173 3285 2310 3357 Interea

289 3381 477 3477 pollicetur
502 3373 716 3467 quibusdam
737 3397 801 3464 per
830 3374 950 3445 literas
981 3377 1092 3467 capita
1122 3381 1274 3448 duorum
1327 3376 1523 3447 avunculus
1549 3375 1720 3450 Matthiae
1753 3382 1790 3449 in
1825 3381 2043 3456 Pannonicis
2077 3391 2312 3458 conventibus

288 3486 444 3555 filiorum
457 3475 659 3547 Huniadae.
708 3468 777 3544 His
795 3473 907 3546 literis
928 3475 1075 3567 prolatis
1089 3476 1276 3550 ladislaus
1326 3501 1401 3545 uon
1431 3471 1498 3547 hoc
1529 3478 1643 3549 solum
1673 3480 1765 3572 agit,
1801 3496 1843 3554 nt
1873 3503 2079 3577 reposcatur
2110 3491 2313 3559 adolescens

289 3582 422 3656 accedit
443 3576 645 3659 Cilianum,
683 3588 725 3646 ut
745 3598 866 3647 coram
897 3601 979 3646 cum
1003 3603 1045 3647 eo
1070 3580 1274 3670 expostulet.
1326 3578 1504 3669 captivus,
1544 3583 1603 3649 sed
1633 3583 1739 3654 etiam
1771 3602 1810 3658 ut
1836 3588 1899 3656 rex
1920 3585 2129 3679 Hungariae
2154 3592 2312 3679 eligatur.

287 3683 402 3759 Aiunt
418 3679 600 3754 Cilianum
621 3677 776 3768 priorem
792 3679 950 3768 rapuisse
965 3678 1123 3769 gladium
1143 3706 1184 3750 ex
1199 3706 1274 3752 ma·
1327 3677 1449 3773 ltaque
1472 3680 1646 3753 divinitus
1666 3708 1795 3776 magno
1816 3711 1988 3760 consensu
2009 3715 2200 3782 procerum
2216 3691 2313 3762 Mat·

174 3778 181 3788 ⁸
288 3789 396 3858 nibus
416 3780 564 3854 astantis
583 3777 763 3864 satellitis,
786 3802 827 3848 ac
849 3776 920 3849 iam
935 3779 1142 3866 ferientem,
1166 3778 1275 3854 aba·
1326 3775 1418 3850 thias
1441 3805 1502 3851 rex
1518 3779 1723 3871 Hungariae
1740 3788 1871 3859 electus
1894 3803 1964 3876 cst,
1997 3806 2034 3863 et
2047 3793 2241 3863 missisunt
2259 3796 2313 3863 le-

290 3890 422 3965 dislao,
460 3882 525 3977 qui
546 3902 667 3960 causa,
708 3878 952 3970 magnitudine
974 3881 1104 3969 animi,
1138 3884 1276 3971 robore,
1326 3881 1396 3971 gni
1413 3883 1458 3952 ad
1475 3905 1591 3972 regem
1606 3883 1840 3960 Bohemicum
1850 3890 2066 3983 Georgium,
2095 3894 2153 3984 qui
2170 3894 2313 3965 dimitti

288 4014 356 4064 usu
371 3984 520 4059 militiae
534 3982 639 4072 longe
651 3981 894 4066 antecellebat,
912 3983 1094 4075 repulsum
1106 3999 1141 4057 et
1155 3999 1274 4074 postea
1325 4007 1406 4051 eum
1423 3996 1596 4075 peterent.
1647 3984 1843 4061 Laudanda
1861 4008 1912 4064 est
1927 3994 2068 4063 onmino
2082 3990 2240 4086 Georgii
2258 3999 2311 4066 iu·

288 4091 490 4164 confossum
505 4107 591 4156 esse.
642 4079 729 4151 Mox
745 4083 789 4151 ad
804 4105 920 4171 regem
936 4085 1070 4155 accedit
1089 4083 1274 4158 ladislaus
1325 4084 1424 4154 sticia
1450 4098 1484 4155 et
1507 4089 1716 4177 prudentia,
1751 4105 1787 4163 et
1813 4096 1908 4185 quod
1928 4094 2184 4165 adulescentem
2206 4122 2311 4191 quem

285 4219 365 4265 cum
381 4191 460 4262 aliis
474 4185 598 4257 multis
611 4183 825 4276 proceribus,
841 4196 876 4254 et
889 4184 971 4255 facti
983 4208 1105 4256 causas
1118 4187 1272 4277 exponit.
1326 4185 1466 4256 ridebat
1487 4188 1531 4256 ad
1555 4212 1702 4280 regnum
1725 4196 1863 4280 vocari,
1887 4197 1983 4289 quod
2003 4197 2217 4288 adpetebant
2237 4201 2311 4286 alii,

285 4290 493 4366 Dissimulet
519 4310 579 4358 rex
603 4285 764 4354 dolorem
786 4284 940 4369 etiram,
965 4297 1001 4356 et
1016 4286 1055 4355 in
1077 4289 1272 4378 praesentia
1324 4311 1399 4355 mm
1421 4288 1580 4385 sustulit,
1605 4304 1639 4362 et
1653 4296 1749 4386 quod
1764 4293 1920 4367 futuram
1936 4297 2014 4368 eius
2028 4290 2310 4388 magnitudinem

284 4394 417 4490 petenti
434 4384 610 4483 promittit
625 4384 730 4453 fidem
746 4384 935 4474 publicam.
974 4385 1100 4459 Postea
1113 4401 1148 4469 et
1163 4404 1273 4461 mater
1325 4387 1560 4479 prospiciens,
1596 4390 1645 4464 its
1666 4419 1747 4464 eum
1769 4396 1922 4484 dimisit,
1956 4412 1996 4470 ut
2018 4396 2145 4470 foedus
2165 4425 2249 4472 cum
2271 4427 2308 4474 so

283 4501 324 4579 fit
358 4493 432 4586 regi
469 4487 636 4582 supplex,
678 4487 774 4575 apud
805 4509 912 4578 quam
939 4487 1102 4559 adfirmat
1132 4489 1207 4561 lilio
1235 4515 1272 4562 se
1324 4502 1534 4583 perpetuum
1548 4491 1697 4577 faceret,
1721 4508 1756 4568 ct
1771 4496 1880 4568 filiam
1895 4500 1930 4570 ei
1946 4524 2091 4571 uxorem
2104 4503 2220 4579 daret.
2261 4501 2310 4575 lta

280 4604 472 4693 ignoscere,
496 4606 531 4664 et
543 4587 761 4662 oblivionem
778 4587 861 4657 facti
876 4601 911 4659 et
925 4583 1136 4682 ἀμνηστίαν
1148 4592 1272 4679 sancit,
1323 4614 1366 4659 cx
1387 4616 1525 4662 carcere
1549 4595 1593 4662 ad
1613 4617 1762 4685 regnum
1778 4595 1952 4672 Matthias
1971 4603 2121 4674 eductam
2137 4619 2212 4687 est,
2239 4628 2308 4676 non

279 4706 389 4776 donat
397 4699 504 4771 etiam
514 4691 675 4777 ladislao
692 4713 905 4781 purpuream
915 4703 1057 4775 vestem,
1070 4690 1129 4762 cui
1144 4716 1268 4764 aurum
1320 4715 1384 4783 per
1405 4693 1615 4764 seditionem
1636 4710 1673 4766 et
1688 4696 1828 4770 civilem
1843 4726 2030 4788 cruorem,
2055 4706 2117 4775 sed
2139 4706 2310 4798 singulari

279 4818 354 4876 erat
381 4803 584 4887 intextum..÷
628 4791 698 4864 Sed
722 4791 816 4861 male
840 4805 933 4862 sarta
957 4794 1070 4881 gratia
1094 4818 1170 4863 uon
1201 4796 1269 4868 fuit
1320 4793 1470 4867 consilio
1484 4791 1571 4875 Dei,
1598 4819 1727 4891 magno
1742 4801 1905 4875 omnium
1926 4804 2132 4900 principum
2156 4821 2193 4880 et
2208 4810 2309 4880 ordi-

278 4905 465 4986 diuturna,
502 4912 537 4971 et
558 4892 665 4967 novis
686 4891 874 4962 calumniis
899 4906 1015 4963 vetera
1041 4896 1187 4965 vulnera
1211 4920 1268 4966 re-
1319 4920 1405 4967 uum
1423 4916 1607 4967 consensu.

276 5005 541 5078 scindebantur.
606 4996 692 5068 ldeo
713 4994 898 5088 aliquanto
921 5009 999 5085 post
1025 4993 1211 5067 Ladislaus
1232 5013 1266 5070 et
1418 4989 1603 5069 Exercitus
1616 5022 1696 5069 eum
1707 4996 1935 5092 Hungaricus
1948 5009 2145 5082 adductum
2163 5008 2308 5106 Georgii

274 5099 447 5180 Matthias
475 5126 554 5171 cum
584 5096 707 5169 amicis
739 5097 877 5190 aliquot
903 5096 1141 5170 familiaribus
1170 5101 1264 5192 capti
1316 5097 1486 5167 comitatu
1509 5101 1555 5168 ad
1577 5113 1768 5173 extremam
1791 5104 2094 5195 regniBohemici
2117 5138 2245 5204 oram,
2268 5120 2308 5189 ad

150 5226 153 5231 “
270 5200 366 5296 sunt,
382 5199 1068 5289 etchadislaocrudelitersupplicium
1081 5214 1262 5292 sumptum
1314 5199 1448 5269 flumen
1465 5198 1651 5271 Moratum
1674 5204 1826 5298 excepit,
1853 5222 1888 5282 el
1906 5208 2047 5282 Βϋᾶὃῐῠ
2069 5213 2171 5289 ἱῦῑθι·
2193 5236 2309 5312 gratu·

268 5332 338 5401 m,
382 5310 422 5381 in
455 5327 527 5400 quo
560 5300 786 5373 innocentiae
819 5300 1063 5376 testimonium
1095 5303 1261 5375 mirando
1313 5299 1464 5371 lationes
1487 5301 1620 5395 ubique
1641 5308 1904 5382 occursantium
1927 5306 2121 5388 hominum
2140 5333 2178 5392 et
2202 5325 2309 5395 famu

268 5416 429 5510 exemplo
444 5405 543 5482 Deus
557 5401 696 5478 tribuit.
1268 5485 1271 5491 ,
1312 5403 1512 5496 optantium
1528 5403 1630 5476 dixit.
1677 5403 1738 5480 lbi
1753 5407 1793 5481 in
1815 5413 1949 5507 templo
1972 5416 2121 5508 publice
2137 5417 2223 5498 Deo
2238 5451 2310 5521 gra-
