4732 6030
140 238 216 351 soa
622 272 785 362 nucu,
834 273 912 352 on
941 269 1273 354 rnronruco
1305 269 1710 355 nannenossa
2107 293 2185 367 aaa

141 475 218 522 non
239 463 400 544 ΜΕΝ,
426 448 501 542 pp„
521 448 561 520 pn
583 448 658 521 θεῖε
682 450 779 521 ime,
801 449 1051 541 „ngegjgmnoa
1067 474 1136 544 pu.
1187 443 1322 516 bellum
1363 446 1623 538 potentissimas
1656 475 1813 548 quasque
1849 453 1971 530 ltaliae
2008 463 2176 541 civitates.

141 575 266 644 gum,
292 550 330 621 t„
345 550 673 645 oppugnationibus
696 551 835 643 primm
852 554 1040 622 ascendere
1055 577 1135 624 mu-
1187 545 1400 636 Queruntur
1420 550 1490 620 sibi
1518 550 1573 621 ius
1593 559 1819 647 quarundam
1847 560 2029 633 civitatum
2053 569 2175 641 adem·

140 676 215 738 m„
246 651 402 748 dentque
432 652 722 747 praestantissimi
746 653 856 724 Ducis
886 666 921 725 et
949 653 1133 724 fortissimi
1186 662 1285 739 pturn
1305 672 1387 722 esse.
1441 648 1640 723 Hortantur
1655 669 1694 727 ut
1711 659 1959 732 communibus
1975 667 2088 758 copiis
2102 668 2174 743 lta-

139 754 263 824 militis
277 778 384 847 opera
404 755 524 826 omnia
540 755 803 829 obiresolehat.
857 752 979 847 ltaque
995 778 1133 848 semper
1185 750 1254 820 liae
1270 750 1653 832 libertasdelendatur.
1704 754 1800 828 Haec
1822 760 1969 835 luerunt
1986 772 2171 859 asperrimi

137 856 289 927 maxima
304 855 761 947 celeritateingentiahella
777 857 938 927 coniecit.
970 854 1131 927 Primum
1183 863 1218 923 et
1239 850 1403 923 diuturni
1432 854 1518 925 belli
1544 855 1658 927 initia.
1716 855 1808 930 Cum
1828 876 1944 933 atatem
1969 864 2171 951 Fridericus

137 956 272 1028 bellum
295 981 376 1027 mm
391 957 504 1028 Danis
524 958 650 1047 gessit,
677 957 779 1028 cuius
795 957 910 1048 gentis
933 957 1020 1028 olim
1039 981 1130 1051 quo-
1184 951 1396 1044 intelligeret
1420 952 1559 1026 ltaliam
1586 972 1694 1030 totam
1718 959 1757 1029 in
1779 965 1886 1035 armis
1908 989 1999 1052 esse,
2031 972 2168 1047 summa

137 1081 207 1152 que
231 1081 406 1130 summam
429 1057 675 1130 fortitudinem
696 1059 822 1143 fufffl,
845 1054 1012 1129 hiumam
1032 1057 1131 1130 Cim.
1180 1054 1356 1126 celeritate
1371 1058 1560 1128 exercitum
1579 1059 1615 1128 in
1633 1056 1771 1133 ltaliam
1786 1065 1893 1138 ducit.
1942 1065 2100 1146 Historia
2115 1091 2167 1149 cst

136 1160 285 1231 brorum
310 1172 500 1246 mmmm,
526 1161 588 1255 qui
606 1183 711 1254 quam
734 1158 978 1230 formiggbfitag
996 1160 1128 1230 fuerint
1178 1154 1337 1245 longior,
1363 1182 1467 1250 quam
1491 1172 1532 1229 nt
1556 1160 1594 1229 in
1618 1161 1873 1235 declamatione
1896 1175 2068 1243 recenseri
2093 1189 2165 1249 tota

136 1260 220 1331 urbi
234 1258 384 1346 Romae,
409 1262 547 1355 quoties
562 1262 816 1333 trucidaverint
830 1259 1014 1334 Romanos
1029 1284 1126 1330 exer·
1179 1258 1299 1347 possit.
1332 1256 1401 1329 Sed
1419 1282 1600 1351 excerpam
1617 1266 1788 1356 quaedam
1804 1267 1912 1350 taeta,
1939 1296 2029 1364 (tude
2046 1291 2166 1349 oslen-

137 1362 246 1441 citua,
272 1385 346 1430 non
365 1363 544 1452 ignoratis.
595 1360 713 1433 Hodie
729 1363 834 1433 etiam
853 1376 950 1435 tauta
969 1360 1125 1433 Denicae
1177 1358 1267 1428 drsnt
1281 1371 1317 1429 et
1333 1374 1464 1452 quanta
1477 1360 1587 1431 animi
1609 1365 1852 1453 magnitudine
1868 1369 1972 1442 fauerit
1994 1375 2067 1466 ipse
2082 1377 2163 1449 Fri..

136 1464 250 1552 gantis
265 1463 453 1549 fortitudo,
478 1477 598 1536 tantus
616 1487 698 1534 usus
717 1464 866 1534 militiae
880 1477 948 1550 est,
972 1477 1013 1535 ut
1030 1458 1123 1534 nihil
1176 1459 1330 1549 deciens,
1345 1474 1540 1555 etquautos
1556 1477 1812 1559 motusquanta
1828 1470 2003 1546 celeritate
2017 1504 2164 1571 oppres-

135 1565 363 1655 degenerasse
391 1588 412 1635 a
438 1561 594 1637 Cimbris
627 1566 698 1634 illis
722 1566 900 1637 veteribus
925 1566 1124 1642 videantur.
1174 1559 1272 1634 serit.
1326 1560 1406 1633 ttatt
1432 1563 1623 1636 exercitum
1653 1565 1692 1635 in
1717 1568 1885 1641 ulteriore
1913 1576 1989 1666 ripa
2012 1575 2163 1654 Abduae

134 1658 713 1757 OccupavernntDaniLuhccam,
728 1681 763 1738 et
778 1667 950 1737 exercitus
967 1680 1042 1738 toto
1059 1666 1122 1736 illo
1174 1654 1370 1748 habebant,
1402 1660 1604 1737 Germifflli
1626 1667 1663 1736 5⁰
1687 1668 1864 1744 diesim·
1915 1673 2076 1774 cumque
2101 1709 2161 1754 ”-

133 1766 252 1836 littore
269 1761 444 1838 habehant
460 1768 690 1841 firmissimos.
738 1767 807 1839 Sed
823 1767 1026 1838 Fridericus
1040 1792 1120 1838 cum
1174 1763 1393 1834 bitrarentur
1408 1762 1486 1834 Itali
1511 1791 1547 1836 se
1570 1780 1664 1838 tutus
1678 1792 1753 1839 csse
1769 1789 1912 1863 propter
1933 1778 2085 1865 flumen,
2108 1788 2158 1857 ie·

134 1867 304 1938 iudicaret
318 1869 545 1938 utilissimum
563 1893 649 1953 esse,
677 1869 829 1960 primum
849 1891 971 1938 rursus
987 1870 1122 1959 eripere
1173 1863 1302 1933 rociter
1318 1879 1510 1955 provocant
1527 1864 1744 1940 Germanos:
1778 1874 1816 1942 in
1836 1875 1949 1965 ipsum
1967 1880 2071 1952 etiam
2089 1882 2160 1955 lm-

133 1961 295 2038 hoffibm
312 1969 418 2049 bem,
443 1992 559 2039 “mm
575 1994 615 2040 ac
637 1983 811 2058 mmm
826 1967 1003 2037 Luggfflm
1025 1969 1121 2038 obet.
1172 1977 1369 2054 peratorem
1384 1968 1538 2039 convitia
1556 1972 1805 2063 superbissime
1823 1976 1958 2054 dicunt.
1998 1978 2076 2055 Etsi
2089 1987 2159 2058 llu-

133 2069 241 2137 dione
268 2069 398 2154 cinxit,
429 2092 573 2161 sperans
598 2072 693 2155 fore,
724 2083 765 2139 ut
790 2064 907 2139 hostes
936 2069 1121 2140 liberaturi
1173 2088 1254 2135 men
1278 2066 1511 2154 intumuerat,
1536 2085 1577 2141 ut
1599 2072 1711 2141 traiici
1727 2079 1896 2149 exercitus
1912 2082 1988 2152 sine
2001 2087 2157 2174 periculo

132 2170 257 2238 urbem
276 2170 455 2260 periculo,
482 2171 663 2262 pugnandi
681 2170 820 2261 copiam
834 2172 1003 2242 lacerent.
1046 2169 1119 2241 Nec
1171 2189 1245 2235 non
1259 2182 1396 2260 posset,
1420 2183 1537 2241 tamen
1555 2170 1756 2244 Fridericus
1771 2179 1958 2271 impatiens
1974 2200 2158 2261 contume-

130 2270 257 2341 fefenp
280 2271 506 2342 &aderitum
537 2268 605 2342 hae
634 2272 834 2346 eonsilium.
893 2269 1017 2365 ltaque
1038 2294 1119 2341 cum
1171 2266 1257 2349 liae,
1294 2271 1474 2341 traducere
1503 2275 1694 2345 exercitum
1724 2282 1872 2352 asseruit
1899 2298 1934 2354 et
1956 2285 2098 2360 flumini
2119 2316 2157 2365 se

130 2369 266 2464 aliquot
290 2372 450 2463 praeliis,
474 2396 563 2466 quae
584 2373 719 2444 interea
737 2375 822 2443 dnm
837 2373 963 2443 urbem
979 2372 1119 2444 obsidet
1170 2369 1306 2459 primns
1334 2373 1535 2449 committit.
1599 2372 1810 2468 Exeruplum
1843 2382 2067 2475 imperatoris
2098 2416 2156 2464 se·

130 2471 313 2542 commissa
328 2487 449 2558 erant,
474 2473 635 2565 superior
649 2472 789 2559 fuisset,
814 2489 951 2566 recepta
967 2472 1119 2560 Luheca,
1168 2486 1330 2563 quuntur
1347 2473 1499 2564 primum
1515 2476 1663 2568 equites,
1688 2478 1820 2550 deinde
1833 2499 1866 2553 et
1883 2485 2051 2577 legiones;
2080 2518 2155 2566 non

129 2597 208 2641 cum
226 2575 338 2646 nollet
355 2575 527 2666 implicari
544 2578 714 2647 diuturno
728 2575 834 2660 hello,
858 2576 1061 2666 praesertim
1079 2575 1117 2644 in
1169 2573 1375 2644 introierunt
1402 2573 1481 2644 ltali
1505 2592 1635 2662 castra,
1672 2602 1745 2648 ⁰⁰¹¹
1769 2581 2010 2658 lnilftfflt‘fflssl
2031 2593 2153 2676 telem,

131 2674 321 2758 111531021„
348 2690 533 2765 agentem
549 2678 777 2748 foetidorum
792 2677 859 2748 sibi
877 2678 1067 2748 conciliare
1082 2692 1117 2750 et
1168 2672 1250 2764 quia
1267 2673 1345 2743 loco
1363 2700 1398 2743 se
1413 2690 1508 2746 tutos
1525 2678 1601 2748 sore
1616 2694 1834 2769 putaverant.
1872 2684 1921 2756 lta
1941 2688 1978 2757 in
1999 2691 2154 2784 impare-

128 2776 321 2866 adiungere
334 2778 438 2849 certis
453 2779 719 2849 conditionibus
732 2778 874 2862 mallet,
899 2778 1001 2848 iacile
1021 2778 1116 2848 obri.
1167 2785 1221 2842 tos
1236 2774 1354 2846 subito
1372 2776 1453 2847 lacit
1472 2779 1643 2869 impetum
1659 2779 1877 2871 ffid‘flfflia
1897 2802 1931 2859 θῑ
1945 2803 2058 2861 totum
2079 2792 2152 2866 lla·

129 2878 209 2947 Μὴ
222 2880 410 2949 amorim
422 2902 497 2957 ma,
519 2893 558 2947 ut
574 2877 653 2949 Re,
665 2875 823 2946 nanim,
838 2880 881 2947 gd
897 2902 933 2946 ,ρ
947 2880 987 2947 in
1003 2896 1115 2950 castra
1167 2874 1273 2944 licum
1290 2878 1477 2947 exercitum
1491 2881 1583 2950 fudit
1599 2896 1632 2950 et
1647 2883 1756 2972 sugat.
1802 2884 1899 2958 Haec
1916 2915 1985 2962 una
2005 2895 2151 2970 victoria

128 2978 283 3059 veniret,
309 2982 353 3046 de
369 3000 452 3068 pace
466 2976 716 3047 collocuturus.
768 2972 824 3043 lbi
841 2979 984 3065 exponit
1002 2975 1115 3070 impe·
1166 2979 1421 3066 propemodum
1444 2980 1551 3050 totins
1578 2980 1696 3052 ltaliae
1718 2990 1969 3076 possessionem
1997 2992 2152 3086 lmpera-

128 3093 224 3149 rator
246 3101 283 3146 se
307 3077 439 3145 beilum
462 3076 672 3167 suscepisse,
698 3098 771 3145 non
789 3091 827 3147 ut
843 3077 958 3147 aliena
973 3092 1115 3169 appete.
1166 3078 1236 3147 tori
1269 3078 1438 3164 restituit3
1488 3105 1570 3151 nam
1605 3078 1766 3157 hostibus
1800 3094 1983 3181 repressis,
2021 3100 2151 3172 multas

129 3193 200 3260 ret,
228 3179 288 3246 sed
312 3190 349 3246 ut
372 3177 459 3246 fines
480 3199 563 3246 suos
580 3189 756 3248 tueretur:
781 3178 877 3247 idem
902 3179 931 3249 si
945 3178 1038 3250 Dani
1062 3179 1115 3248 sa·
1166 3176 1295 3247 deinde
1313 3179 1472 3251 civitates
1488 3185 1691 3275 occupavit,
1722 3189 1836 3260 socios
1852 3194 2090 3292 confirmavit,
2118 3217 2153 3275 et

128 3291 249 3347 cerent
265 3302 304 3347 ac
320 3300 384 3348 suo
402 3300 510 3367 regno
525 3277 682 3348 contenti
697 3292 832 3362 essent,
856 3302 894 3349 se
908 3304 981 3349 nou
997 3281 1113 3351 solum
1164 3278 1338 3369 praesidia
1360 3282 1465 3351 certis
1482 3286 1624 3376 oppidis
1647 3286 1825 3379 imposuit.
1885 3289 1971 3366 Erat
1995 3299 2063 3368 iam
2085 3305 2150 3372 de-

128 3404 249 3469 pacem
272 3402 352 3448 cum
371 3377 421 3447 eis
442 3379 617 3450 facturum
641 3401 732 3465 esse,
763 3382 824 3450 sed
846 3404 969 3452 eorum
990 3382 1113 3452 amici·
1165 3379 1354 3465 bellatum,
1387 3382 1456 3451 nisi
1481 3384 1752 3458 ecclesiasticum
1774 3386 1923 3465 schisma
1946 3423 2068 3471 rursus
2092 3405 2150 3473 in-
2208 3470 2215 3485 ,

126 3480 211 3548 tiam
236 3479 340 3550 etiam
363 3494 540 3571 expetere,
566 3481 649 3573 quia
671 3481 806 3552 invitus
820 3482 955 3552 bellum
975 3496 1113 3573 gereret
1163 3480 1372 3551 flammasset
1398 3477 1466 3553 hoc
1496 3484 1643 3561 bellum.
1702 3487 1839 3562 Romae
1863 3496 1935 3566 dero
1959 3496 2148 3576 Pontifices

124 3604 259 3650 cumea
276 3581 432 3664 natione,
454 3605 560 3675 quam
575 3582 747 3654 iudicaret
760 3597 944 3672 cognatam
960 3582 1112 3655 Germa-
1161 3582 1268 3653 creati
1285 3597 1404 3669 erant,
1429 3610 1580 3678 quorum
1605 3590 1694 3659 alter
1708 3589 1927 3682 Alexander,
1954 3596 2148 3694 imperato·

123 3683 235 3754 tricae.
271 3682 361 3753 Dani
380 3706 452 3752 non
470 3696 541 3752 tam
559 3682 659 3753 fracti
677 3683 796 3768 armis,
814 3682 894 3775 (etsi
914 3682 1112 3775 imperator
1160 3707 1237 3752 rem
1251 3679 1474 3755 anathemate
1487 3704 1685 3775 mettius,
1718 3709 1898 3784 impl-“0³
1916 3698 2012 3793 (1⁰⁰³
2032 3702 2147 3797 ῙῐΰΡθ·

123 3807 197 3852 uon
213 3785 328 3854 solum
351 3785 538 3875 prudentia
559 3798 593 3852 et
608 3783 819 3854 fortitudine
837 3786 1025 3873 singulari,
1048 3787 1110 3855 sed
1161 3796 1258 3854 ratur
1274 3785 1453 3855 videretur
1467 3787 1569 3857 alteri
1583 3793 1694 3881 magis
1706 3792 1834 3863 lavere.
1879 3798 2044 3872 Incendit
2059 3802 2146 3877 Ate-

122 3886 228 3957 ctiam
264 3909 391 3974 magna
425 3886 613 3955 faelicitate
647 3885 780 3954 bellum
816 3886 907 3956 illud
939 3884 1110 3981 gesserat)
1160 3886 1295 3954 xander
1315 3886 1517 3954 universam
1537 3886 1695 3973 ltaliam,
1722 3915 1761 3959 ac
1778 3896 1964 3986 praecipue
1980 3898 2145 3997 Venetos,

124 4010 229 4081 quarn
262 3987 355 4077 capti
387 3986 525 4057 iusticia
559 3999 593 4054 et
625 3979 846 4057 humanitate
872 3984 1111 4076 Imperatoris,
1161 3988 1329 4054 adversus
1344 3982 1577 4058 Fridericum.
1616 3987 1762 4080 Sestrper
1776 3995 1923 4068 ambitio
1940 4005 2146 4092 pontificum

124 4088 219 4179 pacis
235 4088 457 4159 conditiones
472 4087 661 4177 accipiunt.
716 4085 766 4157 lta
785 4088 916 4157 bellum
939 4088 1064 4177 ingens
1076 4102 1109 4157 et
1161 4098 1196 4155 et
1226 4083 1396 4154 ordinum
1430 4085 1743 4162 ecclesiasticorum
1776 4093 1934 4185 ingentes
1971 4108 2145 4181 tumultus

125 4189 360 4280 periculosum
385 4213 460 4259 non
481 4190 597 4260 solum
623 4188 748 4273 armis,
774 4190 834 4258 sed
858 4188 961 4259 edum
987 4187 1109 4282 aeqni-
1161 4184 1306 4277 peperit.
1355 4182 1439 4257 Non
1454 4186 1580 4259 leviter
1593 4205 1708 4262 autern
1731 4194 1834 4267 initio
1851 4204 2076 4290 perturbatus
2092 4226 2144 4284 est

122 4290 205 4362 tatis
220 4293 392 4383 opinione
414 4291 563 4361 coniecit
580 4302 614 4361 et
628 4287 763 4379 Regem
785 4287 943 4361 vicinum
963 4290 1030 4361 sibi
1047 4292 1109 4359 de.
1160 4285 1362 4359 Fridericus
1377 4290 1558 4360 mentione
1573 4286 1816 4383 anathematis,
1839 4302 1962 4374 scribit
1977 4309 2020 4377 ad
2038 4310 2146 4383 colle-

122 4392 247 4464 vinxit,
300 4391 395 4462 Haec
412 4390 550 4482 Regum
570 4391 717 4462 societas
736 4404 840 4485 atque
856 4391 1009 4463 amicitia
1027 4392 1110 4463 dio-
1159 4389 1256 4478 gium
1274 4384 1531 4481 cardinalium,
1556 4408 1596 4464 ut
1610 4418 1668 4465 res
1682 4397 1934 4475 diiudicentur.
1971 4404 2040 4478 Sed
2058 4407 2145 4484 Ale·

120 4507 264 4563 suanam
279 4511 312 4565 et
328 4509 456 4565 certam
469 4518 591 4586 pacem
605 4494 678 4562 illis
694 4492 782 4561 locis
797 4493 943 4585 peperit.
983 4493 1108 4564 Postea
1159 4492 1292 4563 sunder
1307 4503 1398 4560 vetat
1414 4493 1666 4583 cognitionem,
1687 4513 1872 4592 propterea
1888 4509 1984 4600 quod
1999 4504 2143 4588 haberet

120 4596 299 4686 fingamus
317 4597 472 4678 italiam,
495 4592 632 4667 Romae
652 4596 697 4664 de
717 4616 815 4664 more
834 4594 1023 4666 coronatus
1044 4608 1106 4666 est.
1160 4592 1199 4661 in
1223 4593 1383 4684 partibus
1404 4596 1573 4665 maiorem
1590 4596 1712 4668 ltaliae
1733 4617 1868 4692 partem
1891 4620 1926 4677 et
1941 4605 2083 4700 Gallos3
2109 4632 2144 4690 et

119 4695 163 4768 ln
180 4722 221 4767 eo
240 4699 365 4768 itinere
383 4695 670 4777 Mediolanenses
692 4719 767 4764 non
786 4711 857 4767 tam
878 4697 1107 4789 amnisquam
1160 4694 1304 4787 nequid
1322 4689 1502 4763 aCaesare
1519 4698 1665 4786 periculi
1680 4716 1781 4787 esset,
1807 4709 1934 4799 recepit
1950 4713 2038 4783 sein
2055 4714 2146 4788 Gal-

119 4800 311 4871 atrtoritate
324 4797 546 4890 compescuit,
570 4797 632 4890 qui
648 4796 839 4889 cupiditate
854 4798 1109 4868 dominationis
1159 4795 1256 4868 liam.
1310 4792 1427 4865 Movit
1449 4791 1536 4866 haec
1562 4802 1774 4872 contumelia
1799 4807 1957 4878 animum
1988 4809 2146 4893 hominis

121 4902 258 4970 vicinas
291 4902 460 4993 quasdam
492 4898 650 4968 civitates
681 4897 812 4970 iniuste
842 4913 1108 4992 occupaverant
1160 4895 1288 4980 suevi,
1311 4920 1419 4989 quare
1440 4895 1568 4985 iratus,
1594 4901 1726 4971 bellum
1741 4906 1908 4978 acerrime
1922 4915 2030 5001 gerit,
2054 4924 2147 4993 mul-

120 5003 192 5073 Sed
212 4997 296 5071 haec
313 5001 438 5070 lenitas
455 5015 572 5092 postea
591 4999 728 5069 occasio
743 5000 810 5071 tuit
834 5002 986 5090 ingentis
1007 5000 1108 5069 belli:
1159 5010 1215 5067 tos
1230 4992 1384 5068 hostium
1401 5001 1571 5071 exercitus
1588 5002 1691 5075 delet
1733 4999 1781 5075 Et
1796 5010 1878 5102 quia
1894 5010 2147 5093 Mediolanen-

122 5119 309 5197 postquam
328 5106 523 5193 Imperator
536 5102 573 5169 in
583 5099 812 5170 Germaniam
830 5104 946 5187 rediit,
967 5101 1110 5172 Medio·
1159 5103 1250 5169 sium
1269 5099 1475 5192 praecipuae
1487 5101 1629 5176 fuerant
1647 5105 1685 5175 iu
1702 5129 1741 5175 ea
1755 5110 2000 5190 coniuratione
2018 5138 2146 5214 partes,

121 5209 283 5275 lanenses
300 5203 523 5294 imperatoris
538 5204 718 5272 lenitatem
738 5203 1016 5296 interpretantur
1036 5225 1109 5272 esse
1162 5199 1407 5295 Mediolanum
1443 5202 1477 5269 vi
1508 5219 1648 5297 captum
1678 5208 1822 5301 diripit,
1863 5216 1973 5288 diruit
2004 5247 2044 5293 ac
2070 5229 2149 5299 solo

120 5322 332 5377 metamaut
349 5304 671 5375 animimollitiem.
723 5302 844 5393 Quare
865 5306 1109 5396 iamdespon-
1161 5317 1303 5396 aequat3
1336 5303 1471 5396 reliqua
1493 5303 1743 5398 Longohardia
1763 5329 1918 5406 recepta,
1942 5320 1980 5391 in
1995 5320 2148 5398 Germa.

120 5413 207 5480 dent
230 5408 298 5480 sibi
325 5409 513 5501 imperium
535 5405 826 5495 Longubardiae,
850 5407 1044 5478 sollicitant
1065 5408 1108 5476 ad
1164 5405 1260 5475 ariam
1285 5405 1422 5476 reducit
1443 5410 1655 5497 exercitum,
1680 5412 1763 5505 quia
1783 5413 1883 5488 ltalia
1905 5435 2043 5511 pacata,
2069 5451 2149 5501 esc.
2230 5481 2234 5487 .

1437 5500 1517 5579 20*
