4732 6030
229 290 299 366 ιω
505 235 508 239 ’
729 222 1770 400 ouen.uuuucouto'ronurcauuu.
2111 297 2272 378 ,152

232 467 422 538 videbatur
442 466 604 556 ingenia,
629 485 815 554 moresque
831 475 990 533 ettotam
1007 461 1225 555 quasirrolt-
1276 463 1429 554 intelligi
1457 478 1588 557 potest:
1625 489 1709 535 nam
1732 489 1812 535 cum
1839 489 1955 536 sacrae
1979 467 2274 544 literaemittant

232 564 337 642 cetae
357 571 584 639 formicarum
608 560 822 650 describere,
849 567 946 659 quod
968 566 1052 634 inde
1069 564 1223 656 plurima
1277 590 1343 636 nos
1365 569 1409 636 ad
1427 567 1611 649 formicas,
1637 582 1806 660 tanquam
1820 570 1866 636 ad
1883 571 2086 659 magistros,
2112 576 2272 664 profecto

232 668 550 766 pulcherrimarum
566 668 740 737 virtutum
753 669 930 758 exempla,
956 681 1101 753 etvere,
1127 667 1230 760 quod>
1278 669 1476 757 significant
1508 665 1575 739 hoc
1605 671 1754 739 consilio
1782 695 1802 739 a
1826 669 1903 739 Deo
1927 673 2132 745 fabrefactas
2159 673 2274 747 ethis

234 777 335 845 aiunt
365 771 511 855 Graeci,
541 762 736 865 μυρμήκια
767 765 930 866 ἀγαθῶν
958 793 1081 861 capere
1111 769 1224 839 liceat.
1278 771 1412 860 ingenii
1435 772 1577 841 dotibus
1599 772 1788 842 instructas
1805 795 1894 858 esse,
1918 789 1959 845 ut
1974 777 2100 846 docere
2116 803 2181 848 nos
2198 781 2273 849 uti-

235 876 362 943 Videte
389 888 507 944 autem
529 888 702 965 quantum
724 896 800 940 mea
822 897 878 940 me
902 872 1070 941 fefellerit
1090 871 1225 962 opinio.
1277 873 1324 941 lia
1349 886 1501 964 possent.
1554 870 1603 943 Ut
1621 874 1716 942 euim
1734 874 1857 944 nullus
1874 877 2142 966 paterfamilias,
2168 883 2198 949 si
2215 906 2273 950 sa-

236 975 343 1067 Quod
372 976 468 1044 enim
500 974 699 1064 argumenti
726 996 836 1064 genus
861 975 1061 1044 arbitrabar
1083 986 1227 1067 propter
1278 975 1372 1066 piat,
1397 975 1510 1043 filiurn
1534 976 1733 1045 docendum
1758 976 1866 1047 tradit
1890 976 1942 1057 ei,
1968 979 2072 1048 cuius
2094 1006 2168 1050 non
2188 1007 2274 1075 pro-

234 1078 442 1152 tenuitatem
459 1078 535 1146 sine
551 1101 679 1167 magno
697 1076 842 1165 negocio
860 1077 989 1168 exponi
1004 1090 1040 1145 ct
1057 1074 1226 1167 perpoliri
1277 1078 1339 1146 bat
1362 1077 1617 1162 eruditionem,
1647 1078 1697 1147 ita
1720 1078 1890 1147 credibile
1913 1092 1983 1164 est,
2015 1103 2082 1150 nec
2106 1084 2273 1154 divinum

234 1205 353 1274 posse,
379 1182 416 1248 id
437 1180 474 1247 in
500 1180 719 1270 experiundo
738 1178 888 1266 cognovi
908 1180 1012 1266 longe
1027 1201 1126 1246 secus
1140 1199 1226 1249 esse.
1279 1177 1454 1270 Spiritum
1476 1202 1543 1248 nos
1564 1180 1608 1248 ad
1631 1179 1807 1249 eiusmodi
1823 1181 2183 1270 magistrosmittere,
2199 1185 2274 1280 ¹qui

236 1282 403 1373 Comperi
420 1283 514 1350 euim
534 1306 607 1350 non
624 1279 1064 1365 mediocrisartilicisesse,
1089 1275 1227 1348 honore
1279 1303 1353 1349 non
1374 1282 1524 1350 doceant
1544 1280 1719 1352 coelestia.
1773 1279 1917 1353 Necesse
1940 1298 1993 1353 cst
2015 1283 2124 1373 igitur
2140 1311 2198 1358 eas
2215 1312 2275 1357 ar-

236 1388 427 1456 verborum
450 1407 505 1454 res
529 1385 636 1453 exiles
656 1406 784 1452 ornare
805 1406 845 1450 ac
860 1383 1050 1457 illustrare.
1102 1380 1227 1469 Quan—
1279 1396 1350 1469 tes,
1377 1406 1464 1476 quas
1486 1383 1592 1466 nobis
1612 1384 1699 1454 istae
1721 1382 1907 1454 discendas
1927 1402 2152 1476 proponunt,
2178 1391 2273 1459 divi·

236 1513 341 1583 quam
359 1487 467 1577 igitur
483 1487 675 1556 sentiebam
689 1509 747 1554 me
761 1499 921 1577 suscepto
938 1485 1041 1554 oneri
1056 1484 1226 1574 imparem
1280 1485 1377 1554 nitus
1408 1485 1447 1553 iu
1470 1485 1630 1555 sensibus
1654 1509 1694 1555 ac
1717 1499 1846 1555 natura
1870 1488 2100 1559 formicarum
2124 1493 2274 1583 scriptas

236 1593 332 1670 fore,
360 1603 479 1658 tamen
501 1588 671 1681 quoniam
693 1611 767 1655 non
784 1589 828 1654 acl
845 1587 978 1677 ingenii
994 1588 1141 1670 famam,
1166 1585 1226 1654 sed
1279 1602 1384 1680 atque
1407 1588 1560 1678 sculptas
1581 1610 1675 1672 esse,
1699 1610 1852 1680 vereque
1870 1612 1944 1657 esse
1961 1591 2084 1677 ineis,
2106 1608 2146 1665 ut
2162 1592 2272 1664 Po‘e'ta

238 1691 424 1762 exercendi
444 1691 527 1784 styli
547 1714 648 1760 causa
670 1712 910 1779 susceperam,
935 1689 1101 1757 desistere
1114 1687 1228 1771 nolui,
1280 1690 1351 1772 ait',
1385 1702 1519 1780 partem
1546 1689 1702 1783 aliquam
1722 1690 1865 1760 divinae
1887 1693 2103 1773 mentis,.et
2125 1689 2274 1767 haustus

236 1795 297 1864 sed
315 1793 434 1884 peregi
448 1793 604 1863 fabulam
620 1815 726 1884 quarn
741 1791 951 1881 inceperam.
1002 1787 1143 1878 Quaeso
1158 1789 1228 1878 igi-
1279 1785 1473 1866 aethereos.
2018 1844 2024 1856 .

238 1910 297 1967 tur
312 1919 393 1980 vos,
415 1908 455 1964 ut
473 1918 538 1985 pro
556 1889 775 1963 humanitate
792 1905 907 1962 vestra
924 1914 981 1959 me
995 1892 1149 1980 benigne
1164 1915 1227 1960 au·
1380 1889 1465 1961 Dixi
1485 1887 1654 1963 hacteuus
1680 1896 1724 1965 de
1740 1896 2066 1967 formicarumurtu
2082 1920 2122 1968 ac
2135 1898 2273 1967 nobili-

238 1997 359 2068 dietis:
386 1999 483 2090 quod
503 1997 532 2065 si
548 1996 647 2067 nulla
664 1995 734 2064 alia
752 2017 826 2080 res,
850 2006 971 2064 tamen
985 1989 1126 2063 scholae
1142 2016 1229 2063 cou-
1281 2006 1370 2079 tute,
1395 2017 1486 2087 quae
1511 2018 1587 2064 nou
1614 2020 1759 2088 parvam
1781 1999 2128 2070 commendationem
2147 1995 2272 2070 habet:

239 2101 388 2170 suetudo
410 2123 431 2167 a
453 2099 554 2168 vobis
578 2100 766 2190 impetrare
788 2096 911 2181 debet,
937 2096 1016 2165 etsi
1033 2118 1131 2164 suam
1148 2095 1228 2163 lau·
1281 2096 1395 2166 adfert
1425 2096 1521 2164 enim
1551 2098 1721 2168 nobilitas
1750 2123 1823 2168 uon
1851 2103 1959 2170 modu
1987 2101 2027 2170 in
2052 2097 2273 2188 hominibus,

238 2205 319 2273 dem
333 2195 502 2272 honestus
518 2213 665 2271 conatus
677 2210 845 2279 meretur,
866 2222 939 2267 non
954 2196 1093 2287 indigni
1109 2198 1229 2266 favore
1281 2200 1341 2268 sed
1364 2198 1470 2269 etiam
1492 2197 1530 2266 in
1555 2201 1748 2291 pecudibus
1772 2203 1943 2292 quaedam
1964 2203 2106 2275 virtutis
2126 2205 2273 2290 semina,

110 2312 118 2328 '
237 2304 421 2375 iudicandi
435 2327 558 2373 sumus
571 2298 820 2373 honestissimo
835 2313 1042 2390 argumento
1057 2312 1229 2391 suscepto,
1282 2324 1370 2394 quae
1392 2324 1412 2368 a
1436 2315 1625 2392 parentum
1642 2315 1767 2372 neutra
1783 2303 1822 2370 iu
1841 2318 2270 2398 posterospropagantur.
2328 2359 2331 2367 .

239 2407 344 2477 etiam
366 2405 487 2488 sirei,
519 2427 625 2496 quam
648 2403 884 2488 instituimus,
914 2403 1121 2472 difficultate
1144 2399 1228 2470 victi
1281 2401 1385 2472 Nunc
1413 2402 1458 2471 de
1488 2402 1640 2491 ingeniis
1669 2427 1710 2473 ac
1734 2402 1895 2474 moribus
1919 2408 2033 2501 deque
2058 2409 2157 2477 omni
2178 2409 2273 2478 vitae

239 2529 370 2578 sumus.
430 2504 499 2576 Sed
525 2521 564 2576 ut
587 2499 802 2597 Philosophi
824 2504 864 2573 in
889 2504 1125 2595 descriptione
1150 2502 1230 2573 aui·
1281 2505 1536 2574 consuetudine
1561 2506 1703 2575 illarum
1726 2506 1917 2577 dicendum
1936 2522 1998 2583 est.
2050 2507 2170 2603 Atque
2183 2506 2273 2580 haec

240 2609 433 2691 uiantium,
459 2608 615 2698 primum
639 2610 685 2676 de
708 2600 878 2700 cuiusque
894 2606 1139 2698 procreatione
1154 2604 1230 2673 dis-
1282 2629 1361 2697 pars
1382 2607 1573 2688 orationis,
1599 2608 1686 2700 quid
1704 2608 1802 2678 aliud
1819 2603 1946 2694 habet,
1971 2634 2078 2703 quam
2095 2606 2275 2682 honestis·

239 2723 386 2805 putant,
412 2711 462 2781 ita
484 2723 518 2779 et
542 2709 647 2778 nobis
672 2708 902 2778 formicarum
924 2721 1042 2793 ortus,
1066 2708 1229 2776 iudeus-
1281 2709 1407 2779 simam
1436 2711 1616 2802 quandum
1642 2710 1794 2779 formam
1817 2724 1911 2781 recte
1933 2711 2105 2781 vivendi?
2156 2711 2270 2782 Nemo

240 2838 310 2908 que
326 2815 372 2883 ab
394 2838 480 2897 ovo,
505 2825 547 2881 ut
568 2811 688 2895 aiunt,
719 2811 931 2900 repetendus
954 2811 1032 2883 erit.
1094 2807 1228 2878 Verum
1281 2805 1583 2902 Philosophorum
1615 2835 1690 2881 nou
1715 2812 1864 2882 tradidit
1885 2813 1976 2881 bene
1997 2814 2144 2882 vivendi
2168 2837 2271 2904 prae-

238 2912 388 2986 historia
408 2915 637 2984 formicarum
661 2912 803 3002 longior
823 2913 936 2982 Iliade
955 2915 1075 2982 futura
1098 2911 1163 2991 sit,
1198 2910 1228 2978 si
1281 2924 1391 3002 cepta.
1445 2911 1517 2983 Sed
1531 2908 1639 2984 huius
1654 2914 1779 2987 insecti
1789 2908 1946 2999 historia,
1969 2915 2055 3008 quid
2068 2915 2113 2984 sit
2124 2929 2272 3001 rectum,

126 3061 131 3070 ·
239 3018 359 3088 omnia
389 3039 664 3086 commemorare
693 3015 817 3083 velim:
851 3016 910 3084 sed
943 3009 1013 3083 hoc
1036 3015 1081 3084 ad
1106 3036 1227 3081 earum
1281 3014 1368 3107 quid
1392 3026 1514 3105 turpe,
1548 3016 1635 3108 quid
1656 3018 1763 3101 utile,
1793 3017 1881 3109 quid
1902 3040 1997 3102 non,
2028 3015 2114 3110 quid
2136 3019 2272 3102 deceat,

237 3121 380 3189 laudem
396 3140 608 3209 magnopere
620 3118 796 3208 pertinere
811 3117 1104 3201 existimavimus,
1131 3115 1227 3208 quod
1280 3115 1408 3185 melius
1432 3111 1636 3210 Chrysippo
1666 3131 1700 3187 et
1720 3116 1895 3189 Crantore
1915 3119 2016 3193 dicit.
2079 3115 2172 3206 Quis
2195 3143 2273 3189 uon

240 3244 320 3291 cum
345 3233 416 3290 tam
439 3219 551 3288 multa
573 3220 771 3289 divinitatis
792 3220 939 3308 vestigia
964 3219 1003 3288 iu
1025 3219 1077 3287 eis
1098 3230 1228 3298 extant,
1281 3214 1367 3287 haec
1387 3217 1577 3306 singularis
1598 3219 1809 3308 prudentiae
1826 3217 2103 3311 diligentiaeque
2120 3220 2275 3291 indefes-

238 3322 390 3412 iutelligi
406 3321 532 3415 possit,
556 3342 613 3391 eas
627 3344 701 3389 non
716 3320 793 3388 sine
807 3334 902 3391 certo
917 3317 985 3389 Dei
999 3320 1148 3390 consilio
1164 3342 1229 3387 na-
1281 3343 1339 3390 sae
1360 3341 1467 3408 opera
1490 3340 1563 3387 esse
1587 3318 1707 3387 dicat?
1756 3315 1959 3407 Colligendi
1983 3319 2098 3390 victus
2113 3334 2273 3414 tempora

240 3439 294 3496 tas
323 3447 415 3509 esse,
449 3424 634 3516 multoque
655 3421 775 3492 verius
798 3446 903 3514 quam
927 3423 1081 3511 poeticos
1104 3417 1229 3489 heroas
1280 3420 1502 3509 intelligunt,
1534 3418 1688 3512 proinde
1713 3442 1879 3490 acervum
1903 3421 2074 3492 frumeuti
2098 3421 2139 3491 in
2162 3448 2274 3495 messe

240 3549 352 3616 genus
380 3549 399 3595 a
429 3523 512 3594 love
539 3548 677 3595 summo
709 3527 856 3610 ducere,
887 3539 929 3595 ut
958 3522 1069 3594 Po'eta
1100 3522 1228 3616 inquit.
1280 3535 1522 3615 comportant,
1561 3524 1741 3607 condunt,
1776 3536 2076 3617 comparcuntque
2107 3525 2145 3593 in
2184 3521 2275 3618 bye-

240 3629 432 3718 Quomodo
451 3627 544 3696 enim
561 3627 599 3695 in
616 3622 683 3696 hac
699 3641 839 3698 terrena
855 3640 980 3696 natura
995 3625 1109 3697 futuri
1124 3648 1228 3717 prae·
1282 3649 1394 3710 mem,
1419 3625 1628 3717 praevident
1643 3625 1738 3695 euim
1755 3619 1881 3720 hyeme
1896 3625 1935 3694 in
1951 3625 2069 3696 vacuis
2086 3624 2178 3715 agris
2192 3626 2275 3697 fru-

239 3731 387 3801 scientia
401 3730 479 3798 siue
493 3729 615 3799 divina
634 3729 668 3796 vi
687 3730 835 3799 existere
850 3729 988 3821 potest?
1037 3726 1120 3797 Nou
1136 3722 1229 3796 hanc
1281 3741 1352 3798 stra
1374 3750 1410 3795 se
1432 3727 1603 3819 pabulum
1622 3727 1842 3821 quaesituras
1864 3750 1949 3802 esse.
2005 3721 2128 3797 Onera
2149 3751 2275 3801 morsu

239 3847 373 3904 tantam
396 3827 543 3903 haberet
562 3827 621 3902 hic
635 3831 850 3902 vermiculus
867 3831 1099 3913 industriam,
1126 3828 1229 3918 longe
1281 3839 1426 3920 gerunt,
1460 3828 1566 3917 longe
1596 3831 1751 3915 maiora,
1782 3852 1889 3922 quam
1920 3853 1985 3920 pro
2009 3829 2169 3919 corporis
2188 3854 2277 3922 por-

239 3936 392 4006 alieuam
415 3959 434 4004 a
456 3937 645 4005 brutorum
661 3949 784 4026 captu,
810 3935 908 4005 nulla
925 3933 1120 4025 gregalium
1133 3931 1237 4001 noti·
1281 3931 1380 4003 tione
1406 3928 1499 4000 ferre
1529 3955 1631 4023 posse
1660 3931 1829 4002 credibile
1850 3932 1905 4004 sit,
1958 3929 2142 4020 Quaedam
2165 3955 2277 4021 gran-

239 4040 311 4116 cia,
336 4037 436 4106 nulla
458 4052 581 4106 mutua
604 4036 792 4106 collocutio
815 4039 908 4106 inter
926 4061 982 4106 eas
999 4049 1106 4120 esset,
1130 4034 1228 4105 nulla
1282 4034 1383 4104 diora
1395 4035 1631 4125 protrudunt,
1656 4048 1728 4104 tota
1744 4033 2191 4124 corporismoleobuixae,
2216 4057 2276 4105 se·

238 4151 384 4207 nossent
402 4150 602 4228 temporum
626 4136 851 4220 discrimina,
876 4137 947 4205 nisi
963 4151 1117 4205 mentem
1133 4136 1230 4206 Deus
1280 4135 1378 4207 mina
1405 4136 1612 4229 priusquam
1643 4137 1818 4221 condant,
1851 4137 2043 4220 accedunt,
2074 4159 2120 4204 ue
2148 4159 2277 4207 rursus

238 4239 424 4310 indidisset
444 4251 624 4308 tantarum
644 4261 785 4322 rerum,
810 4252 952 4329 tamque
974 4239 1152 4305 variarum
1170 4259 1229 4303 ca·
1282 4250 1406 4309 exeant
1427 4237 1468 4306 iu
1488 4239 1608 4328 fruges
1630 4259 1649 4306 c
1670 4249 1782 4321 terra,
1807 4239 2001 4308 madefacta
2022 4237 2137 4306 imbre
2156 4236 2276 4329 profe-

237 4364 373 4434 pacem.
444 4336 589 4409 Etenim
615 4360 759 4431 sapere,
798 4337 999 4407 meminisse
1028 4337 1230 4430 praeterita,
1281 4352 1367 4411 runt
1389 4353 1496 4432 atque
1515 4341 1659 4410 siccant.
1709 4336 1784 4407 Nec
1805 4353 1932 4424 noctu,
1957 4339 2182 4431 plenaluna,
2209 4364 2273 4411 va·

239 4441 489 4535 consequentia
515 4463 678 4524 cernere,
703 4440 822 4509 futura
845 4439 1070 4530 praevidere,
1096 4461 1142 4507 ne
1163 4433 1229 4508 ho·
1281 4465 1367 4512 cuae
1388 4454 1483 4514 sunt.
1533 4439 1656 4534 Usque
1677 4442 1765 4510 adeo
1788 4453 1891 4534 turpe
1911 4444 2048 4512 ducunt
2067 4441 2208 4526 feriari,
2233 4455 2277 4513 ut

236 4546 353 4616 mines
384 4544 549 4637 quidem,
582 4541 652 4610 nisi
678 4543 850 4612 divinitus
875 4542 1043 4613 commoti
1070 4540 1229 4611 excitati·
1280 4543 1421 4614 nullum
1443 4542 1512 4611 sibi
1536 4554 1676 4634 tempus
1695 4543 1864 4613 idoneum
1884 4544 1998 4614 labori
2013 4542 2128 4633 perire
2142 4543 2276 4618 sinant.

237 4674 306 4743 que
338 4660 495 4739 possunt.
548 4642 642 4733 Quis
670 4645 784 4730 enim,
824 4645 986 4739 quamvis
1013 4643 1229 4734 ingeniosus,
1281 4642 1482 4716 Interluuio
1503 4655 1641 4715 cessant
1663 4636 1859 4736 ab'operc,
1884 4645 2005 4737 siquae
2023 4643 2276 4717 initinerefe-

236 4754 314 4821 sine
337 4751 401 4820 Dei
427 4774 513 4842 ope,
539 4747 657 4818 varios
681 4760 798 4817 motus
822 4748 1023 4831 stellarum,
1048 4745 1228 4836 magnitu-
1280 4747 1402 4817 rendis
1425 4745 1544 4836 granis
1565 4762 1728 4836 gravatae
1751 4761 1857 4832 sunt,
1880 4745 2035 4836 gregales
2058 4761 2212 4832 norunt,
2238 4760 2278 4820 et

237 4853 428 4946 dinesque,
454 4851 583 4922 molem
606 4856 739 4935 terrae,
764 4862 799 4920 et
820 4850 888 4919 alia
903 4848 1015 4919 multa
1031 4843 1229 4940 deprehen·
1281 4850 1452 4943 quoniam
1475 4871 1580 4944 saepe
1600 4863 1770 4945 tanquam
1791 4873 1834 4918 ex
1850 4848 1999 4919 diversis
2015 4848 2218 4921 civitatibus
2234 4849 2276 4919 iu

237 4956 370 5026 disset?
422 4954 540 5025 Multo
569 4954 689 5023 minus
716 4953 826 5044 igitur
852 4952 985 5022 bestiae
1013 4950 1228 5034 ratiocinari,
1281 4954 1404 5023 eadem
1426 4950 1485 5021 'via
1507 4953 1745 5036 conveniunt,
1776 4951 1816 5019 in
1839 4974 1952 5020 unum
1975 4951 2128 5044 aliquem
2153 4950 2277 5022 locum

236 5073 271 5130 et
284 5059 402 5131 futura
418 5058 557 5141 videre,
581 5070 617 5126 et
630 5056 909 5126 animadvertere
924 5053 1132 5144 praesentia,
1157 5051 1228 5122 nisi
1280 5077 1403 5125 omues
1416 5054 1622 5126 universum
1634 5066 1869 5125 commeatum
1884 5067 2124 5146 comportant,
2150 5051 2277 5147 ibique

234 5158 303 5232 Dei
326 5156 496 5230 beneficio
519 5170 679 5248 possunt.
729 5156 851 5252 Neque
870 5155 965 5226 enim
981 5150 1067 5226 haec
1082 5156 1227 5226 aliunde
1280 5178 1342 5227 sua
1369 5156 1469 5246 signa
1494 5168 1769 5248 recognoscunt,
1803 5155 1855 5226 ibi
1879 5155 1979 5226 velut
2000 5155 2192 5241 exercitum
2212 5179 2276 5225 re-

235 5289 343 5358 quam
375 5287 393 5331 a
420 5257 496 5332 Deo
529 5261 567 5328 iu
591 5272 765 5330 terrenam
789 5275 952 5331 naturam
978 5271 1226 5352 propagantur.
1279 5272 1477 5344 censentes,
1502 5260 1643 5351 agmina
1660 5270 1843 5348 separant,
1866 5271 1903 5328 et
1919 5280 2023 5329 suum
2042 5257 2170 5352 cuique
2189 5282 2279 5329 ave-

234 5365 380 5438 Habent
405 5364 516 5454 igitur
541 5362 710 5432 formicae
734 5386 808 5433 non
832 5363 985 5435 dubium
1008 5360 1147 5453 generis
1169 5359 1226 5428 sui
1277 5354 1437 5432 hendum
1465 5364 1623 5435 tradunt.
1675 5354 1817 5430 Obriae
1847 5359 1943 5431 inter
1970 5382 2007 5430 se
2033 5360 2135 5453 quasi
2160 5361 2278 5432 collo-

235 5484 393 5540 autorem
412 5464 546 5554 Deum,
571 5464 672 5537 cuius
693 5465 745 5537 rei
768 5465 805 5536 id
830 5487 973 5562 quoque
992 5463 1133 5556 signum
1152 5483 1225 5532 esse
1277 5477 1455 5558 quuutur,
1485 5487 1526 5535 ac
1546 5474 1819 5556 percontentur,
1843 5463 1958 5533 donec
1979 5476 2174 5554 agnoscant
2195 5462 2278 5537 sin-
