4732 6030
260 312 336 391 srs
750 253 911 384 nucu.
944 300 1020 380 nu
1053 270 1452 382 mr'uaaroau
1485 300 1734 379 orrona
1768 303 1797 377 1.
2226 311 2304 388 aro

265 486 461 561 audivistis.
510 477 746 572 Etprolecto,
771 494 812 552 ut
828 481 1068 571 exemplorum
1083 480 1120 548 in
1136 480 1254 548 omni·
1308 500 1486 549 summum
1514 476 1590 549 eius
1622 477 1780 548 studium
1814 478 2065 569 propugnandi
2098 479 2307 556 Romanum

266 593 332 662 bus
353 588 484 657 artibus
503 605 629 671 magna
652 581 706 649 vis
724 596 794 662 est,
820 583 869 652 ita
886 581 1161 651 clarissimorum
1185 579 1259 650 Im·
1309 579 1520 671 imperium,
1557 581 1744 671 praecipue
1769 604 1853 648 vero
1886 581 2090 651 illustrandi
2113 607 2247 656 nornen
2274 603 2309 658 et

268 704 467 784 peratorum
484 699 517 755 et
532 683 672 773 Regum
689 679 857 753 historiae
877 683 1071 773 plurimum
1088 682 1258 752 momenti
1311 681 1460 772 gloriam
1488 676 1621 752 Christi
1648 681 1812 771 cognosci
1843 683 1986 771 poterit.
2051 681 2150 757 llaec
2185 688 2309 783 itaque

268 792 422 862 afferunt
448 789 490 855 ad
521 810 639 855 veram
661 785 801 855 virtutis
824 787 1073 873 cognitionem.
1137 782 1259 853 Bonae
1311 788 1396 853 dnm
1414 782 1569 852 breviter
1582 806 1739 872 expono,
1764 805 1851 871 rogo
1866 785 2134 856 vosdoctissimi
2150 790 2240 875 viri,
2267 805 2310 862 ut

269 893 364 961 enim
389 905 535 959 natiuae
557 887 787 977 cogitatione,
818 901 852 955 et
867 887 1102 956 admiratione
1120 886 1260 955 virtutis
1311 907 1369 953 me
1391 883 1565 973 patienter
1586 885 1708 954 audire
1732 885 1859 954 velitis.
1918 882 2017 977 Ego,
2049 892 2144 982 quod
2175 895 2219 960 ad
2249 917 2309 961 me

270 995 309 1062 in
326 980 412 1060 viris
438 990 698 1081 praestantibus
723 989 873 1058 maxime
898 989 1136 1059 exuscitantur
1154 1000 1189 1057 et
1203 987 1260 1054 in·
1312 987 1384 1055 scio
1404 985 1597 1074 pertinere,
1623 986 1713 1055 dabo
1727 1009 1891 1076 operam,
1915 1001 1956 1059 ut
1976 990 2148 1062 brevitate
2171 994 2311 1063 oratio-

272 1097 483 1164 cenduntur.
1313 1087 1369 1155 nis
1386 1086 1541 1155 taedium
1557 1087 1693 1157 levetur
1705 1088 1940 1160 auditoribus.

375 1194 445 1264 Sed
460 1196 503 1263 de
517 1188 653 1263 Ottone
667 1191 801 1274 dicam,
827 1192 871 1259 ad
887 1190 988 1260 cuius
1001 1185 1185 1259 historiam
1206 1211 1263 1256 re·
1416 1183 1587 1258 Obtinuit
1607 1184 1696 1259 Otto
1720 1187 1966 1280 Principatum
1991 1189 2171 1293 Saxoniaq
2184 1194 2239 1283 (nt
2257 1191 2310 1280 hi,

273 1297 449 1368 citandam
481 1318 560 1363 cum
586 1292 734 1384 reliquis
756 1292 868 1360 causis
892 1287 977 1361 haec
998 1314 1139 1382 quoque
1170 1289 1262 1359 ratio
1315 1289 1380 1383 qui
1411 1283 1584 1372 Ottones,
1624 1286 1816 1376 Henricos‚
1857 1287 2049 1362 Lotharios
2082 1296 2309 1386 descripsere,

274 1424 330 1468 me
362 1396 527 1479 deduxit,
567 1395 662 1486 quod
694 1406 813 1483 putem
847 1386 915 1462 hoc
942 1392 1081 1484 pietatis
1107 1391 1262 1459 officium
1315 1404 1457 1471 autores
1485 1391 1583 1481 sunt)
1617 1413 1712 1459 anno
1742 1392 1852 1460 ferme
1874 1394 1919 1461 ab
1944 1388 2030 1462 hinc
2055 1396 2306 1485 sexingentesi-

274 1513 418 1592 propter
447 1517 669 1564 communem
699 1492 849 1583 patriam
876 1493 986 1582 magis
1013 1494 1263 1584 praestandum
1315 1517 1387 1564 mo.
1445 1486 1533 1560 Erat
1554 1503 1671 1560 autem
1694 1493 1732 1559 in
1761 1494 2040 1584 possessionibus
2061 1490 2209 1567 Ottonis
2233 1512 2305 1569 tota

275 1597 367 1670 mihi
382 1621 455 1667 esse
468 1592 598 1667 Ottoni
614 1595 839 1684 imperatori,
865 1619 971 1687 qnam
986 1596 1030 1662 de
1045 1617 1192 1662 eoame
1207 1588 1265 1660 hic
1316 1591 1481 1663 Saxonia.
1540 1590 1663 1662 Paruit
1685 1593 1780 1661 enim
1804 1590 1935 1665 Ottoni
1958 1618 1996 1664 ea
2019 1621 2120 1687 para,
2152 1622 2243 1690 quae
2260 1601 2304 1666 ad

276 1698 401 1771 haberi
432 1700 646 1780 orationem,
680 1695 739 1764 cui
763 1718 819 1764 me
848 1696 1044 1764 communis
1065 1695 1163 1764 natio
1190 1716 1286 1762 uon‘
1317 1689 1547 1764 Occidentem
1557 1705 1716 1783 spectat:
1752 1690 1837 1764 haec
1860 1697 2156 1787 complectebatur
2176 1698 2305 1769 West-

275 1817 347 1873 tam
371 1801 452 1870 fecit
476 1798 702 1880 obstrictum,
734 1821 839 1888 quam
856 1792 986 1867 Ottnni
1004 1795 1148 1866 Saxoni.
1195 1791 1265 1864 Est
1317 1791 1491 1885 phaliam,
1532 1788 1739 1888 Phrysiam,
1782 1795 2008 1866 Vandalicam
2044 1799 2221 1886 regionem
2257 1802 2305 1868 ad

276 1904 371 1972 enim
387 1900 603 1989 ingratitudo
619 1898 811 1990 quaedam,
826 1899 937 1987 magis
952 1892 1115 1966 homines
1130 1895 1264 1979 moveri
1317 1893 1439 1965 Albim
1465 1908 1499 1963 et
1525 1918 1621 1964 mare
1646 1896 1901 1984 pertinentem,
1931 1897 2061 1992 inqua
2085 1894 2191 1968 hodie
2215 1901 2306 1969 sitae

276 2003 429 2074 externis
449 2001 575 2082 bonis,
602 2023 706 2091 quam
728 1998 894 2090 propriis.
942 1997 1074 2087 ,Quare
1090 1998 1266 2086 eleganter
1317 2008 1399 2065 sunt
1430 1995 1601 2065 maximae
1633 2010 1668 2067 et
1701 1998 1961 2088 copiosissimae
1984 2002 2089 2070 urbes
2112 1999 2307 2084 Saxonum,

277 2101 563 2184 dixitLucianus,
589 2125 668 2169 cum
680 2100 745 2168 ait:
773 2095 836 2169 καὶ
853 2094 950 2191 ὁτῆς
966 2093 1144 2194 πατρίδος
1161 2095 1265 2191 αὐτῷ
1316 2121 1404 2190 quas
1428 2095 1638 2165 Vandalicas
1665 2113 1801 2169 vocant.
1871 2101 2006 2171 'l'enuit
2034 2116 2068 2172 et
2088 2103 2306 2192 superiorem

267 2199 418 2283 ,καπνὸς
446 2193 697 2296 λαμπρότερος
726 2193 936 2296 ὀφθήσεται
957 2204 1012 2294 aqi
1035 2198 1121 2295 παρ’
1146 2196 1267 2280 ἄλλοις
1317 2197 1507 2270 Saxoniam
1537 2195 1646 2283 Otto,
1683 2200 1721 2268 id
1749 2216 1818 2286 est,
1850 2201 2204 2291 Wittenbergensem
2234 2227 2305 2270 una

278 2300 416 2403 πόροις.
468 2302 547 2373 Hoc
563 2315 633 2386 est,
661 2303 792 2392 patriae
807 2303 925 2371 sumus
941 2302 1015 2390 igni
1032 2303 1149 2371 alieno
1164 2301 1266 2370 lucu·
1317 2323 1397 2369 cum
1430 2293 1592 2369 Marchia
1625 2297 1983 2395 Brundenburgensi,
2033 2304 2184 2390 Misnia,
2228 2302 2307 2374 Tu-

276 2410 408 2478 lentior
433 2428 506 2475 esse
528 2404 678 2475 videtur.
735 2398 815 2471 Etsi
838 2417 953 2472 autem
972 2402 1266 2493 praeclarissimas
1317 2401 1442 2490 ringia.

276 2532 332 2578 res
354 2507 543 2597 gesserint,
577 2519 610 2574 et
632 2504 757 2573 caeteri
774 2499 1006 2594 Imperatores
1021 2503 1204 2588 Saxonici,
1224 2515 1266 2572 ut
1418 2501 1559 2574 Patrem
1578 2498 1913 2577 habuitHenricum
1929 2507 2102 2599 primum,
2126 2514 2187 2607 qui
2211 2514 2308 2589 inter·

275 2623 376 2702 pater
400 2605 548 2678 Ottonis
576 2605 682 2695 primi
715 2602 911 2685 Henricus,
944 2619 977 2701 et
1008 2606 1070 2698 qui
1092 2602 1265 2676 Ottonem
1319 2600 1551 2695 Imperatores
1567 2607 1703 2697 primus
1720 2605 1913 2692 suitSaxo,
1940 2622 2044 2680 natus
2064 2636 2105 2682 ex
2123 2613 2307 2706 patreOt.

278 2712 431 2803 primum
447 2709 586 2800 sequuti
600 2705 866 2789 suntSaxones,
894 2720 1028 2790 tamen,
1053 2707 1114 2799 qui
1132 2705 1265 2798 accipin
1318 2718 1421 2790 tone,
1448 2708 1535 2778 duce
1550 2706 1744 2787 Saxoniae,
1769 2707 1843 2777 filio
1859 2705 2054 2800 Ludolphi,
2080 2717 2306 2791 duciaSaxo—

275 2806 384 2881 huius
408 2807 555 2881 Ottonis
587 2809 681 2878 iuter
714 2806 907 2878 Saxonicos
937 2807 1100 2877 Caesares
1124 2806 1266 2877 virtutis
1317 2831 1424 2891 num,
1450 2807 1550 2878 cuins
1573 2821 1673 2898 peter
1692 2807 2103 2883 BrunosuitSaxouicus
2122 2814 2306 2911 Princeps,

276 2913 483 3005 opinionem
500 2934 573 2980 esse
587 2909 821 2999 singularem,
847 2910 1043 2977 existimavi
1059 2932 1158 3000 posse
1175 2933 1193 2978 a
1208 2930 1265 2976 me
1317 2923 1420 2979 natus
1435 2934 1475 2978 ex
1491 2908 1700 2999 Wilgberto
1718 2908 1923 2981 Britanniae
1937 2913 2042 2993 duce,
2067 2916 2141 2985 filio
2162 2917 2306 2989 Wede-

277 3037 351 3084 non
380 3015 456 3082 sine
491 3010 768 3102 causacaeteris
796 3007 1072 3100 Imperatoribus
1099 3008 1264 3081 anteferri
1316 3010 1419 3078 lrindi
1442 3008 1567 3100 Magni
1593 3033 1733 3081 summo
1765 3015 1842 3083 loco
1866 3012 1904 3081 in
1928 3011 2125 3086 Saxonibus
2146 3022 2239 3105 nati,
2268 3036 2306 3093 et

278 3112 449 3186 Ottonem
472 3114 644 3203 primum,
676 3113 776 3182 cuius
798 3112 976 3202 praeclara
1002 3114 1111 3197 sacta,
1146 3129 1185 3182 ut
1202 3135 1266 3179 ne·
1317 3111 1417 3181 ducis
1438 3109 1619 3183 Saxonum
1643 3113 1682 3183 in
1706 3114 1800 3183 bello
1824 3113 1999 3185 Saronico
2022 3119 2165 3208 triginta
2190 3145 2305 3193 annos

277 3207 456 3309 quaquam
484 3225 652 3301 poterunt
679 3236 698 3280 a
722 3236 778 3280 me
806 3208 864 3282 hic
891 3213 1012 3283 omnia
1036 3214 1182 3305 exponi,
1216 3213 1265 3282 ita
1317 3225 1411 3302 gesto
1428 3236 1448 3281 a
1465 3209 1594 3283 Carolo
1614 3215 1780 3284 adversus
1796 3213 1972 3300 Saxones,
1997 3233 2142 3313 propter
2162 3224 2305 3315 religio.

277 3318 383 3406 digna
409 3313 554 3408 quidem
575 3324 708 3392 essem,
734 3326 774 3382 ut
795 3334 815 3381 a
835 3312 923 3383 viris
937 3314 1118 3400 doctrina,
1145 3329 1179 3386 et
1199 3334 1266 3384 usu
1317 3336 1399 3381 nem
1410 3308 1649 3385 Christianam
1671 3314 1830 3382 nondum
1853 3317 2061 3387 translatam
2085 3324 2131 3392 ad
2155 3319 2219 3395 hos
2242 3350 2306 3416 po-

276 3416 418 3489 dicendi
435 3413 694 3507 praestantibus
703 3412 803 3483 omni
815 3413 986 3485 orationis
996 3416 1124 3504 gratia,
1151 3417 1267 3509 atqu'e,
1317 3414 1431 3506 pulos.
1481 3409 1536 3485 Ex
1557 3427 1667 3485 matre
1687 3414 1879 3485 veroidem
1900 3410 2095 3505 Henricos‚
2120 3439 2219 3515 pater
2237 3422 2306 3498 Οι.

277 3545 346 3615 qua
361 3530 524 3610 possent,
552 3514 689 3585 Venere
704 3528 929 3589 ornarentur.
1317 3515 1430 3600 tonis,
1455 3528 1559 3586 natus
1573 3529 1627 3588 est
1639 3513 1820 3600 bucardo,
1846 3513 2155 3609 blialmperatoris
2168 3523 2306 3597 Arnul·

379 3618 558 3709 Quoniam
590 3617 620 3686 si
642 3629 800 3687 veterum
825 3614 1005 3686 Saxonum
1033 3617 1124 3684 facta
1153 3616 1265 3689 literis
1318 3612 1399 3708 phi,
1424 3618 1525 3687 cuius
1549 3633 1647 3709 pater
1669 3618 1738 3688 fuit
1757 3616 2033 3705 carlomannus,
2060 3622 2170 3693 frater
2186 3627 2308 3719 Impc.
2362 3682 2365 3687 .

277 3735 391 3792 esseut
421 3721 614 3800 illustrata,
648 3732 687 3789 ut
710 3715 957 3789 Romanorum
987 3728 1022 3786 et
1046 3714 1264 3787 Graecorum
1317 3719 1444 3788 ratoris
1459 3716 1580 3789 Caroli
1604 3717 1721 3790 Crassi
1745 3732 1780 3791 et
1801 3720 1896 3788 filius
1909 3716 2081 3791 Ludovici
2102 3725 2193 3813 regis
2210 3725 2308 3798 Ger·

277 3846 334 3892 res
350 3836 464 3913 gestae
479 3823 524 3890 ab
541 3815 686 3890 historia
704 3819 824 3888 lumen
847 3834 1074 3911 acceperunt,
1101 3843 1175 3887 non
1193 3820 1265 3888 exi·
1317 3844 1522 3902 manorum,
1547 3822 1608 3914 qui
1622 3834 1757 3913 patrem
1776 3818 1902 3893 habuit
1916 3818 2162 3912 Imperatorem
2180 3826 2309 3899 Ludo-

276 3925 381 3996 stimo
417 3924 654 3994 dubitandum
684 3943 773 4005 esse,
812 3920 901 4012 quin
923 3931 1068 3994 'veteres
1098 3919 1266 4007 Saxones,
1316 3920 1434 3990 uicum
1456 3921 1632 4013 primum,
1667 3923 1780 3994 filium
1812 3920 1932 3994 Caroli
1954 3920 2088 4013 Magni.
2154 3927 2309 4020 Propter

276 4050 428 4122 quornm
451 4049 559 4117 opera
575 4021 732 4095 Romani
752 4045 853 4111 saepe
869 4022 1071 4111 gravissima
1087 4023 1180 4093 bella
1200 4026 1266 4093 ad·
1317 4023 1433 4092 aviam
1449 4023 1569 4116 itaque
1583 4026 1628 4094 ad
1638 4026 1845 4115 sanguinem
1861 4022 1980 4095 Caroli
1992 4023 2117 4115 Magni
2132 4031 2307 4120 pertinuit

276 4150 399 4198 versus
418 4125 629 4205 Saracenos,
655 4120 836 4211 Ungaros‚
862 4123 1021 4216 aliosque
1038 4137 1175 4194 exteros
1189 4148 1267 4196 sus-
1319 4121 1407 4194 Otto
1422 4124 1577 4214 primus,
1603 4140 1748 4216 propter
1764 4150 1870 4196 avum
1884 4120 2150 4198 veroOttonem
2165 4132 2210 4200 ad
2225 4133 2306 4202 stir-

279 4242 377 4316 cepta
402 4226 478 4293 sine
500 4226 620 4294 labore
643 4238 676 4293 et
698 4221 856 4315 periculo
878 4225 1121 4309 coniecerunt,
1152 4222 1265 4295 haud·
1318 4249 1398 4317 pem
1423 4224 1651 4295 Wedekindi
1679 4225 1804 4317 Magni
1826 4226 2006 4318 spectavit.
2064 4227 2217 4300 Matrem
2241 4227 2305 4300 ha-

278 4349 455 4422 quaquam
491 4336 720 4392 cernerentur
740 4323 942 4393 fortissimis
964 4320 1210 4396 Romanorum
1233 4341 1267 4398 et
1318 4327 1395 4396 buit
1419 4321 1508 4397 Otto
1531 4323 1762 4410 Mathildem,
1796 4329 1904 4398 filiam
1930 4325 2068 4399 comitis
2091 4326 2308 4403 Theodorici

279 4426 500 4499 Graecorum
531 4423 758 4515 Principibus
789 4444 862 4491 esse
886 4423 1081 4498 inferiores.
1147 4426 1266 4514 Quare
1317 4427 1485 4514 Saxonis,
1508 4430 1553 4499 ad
1570 4429 1725 4500 eiusdem
1743 4428 1971 4500 Wedekindi
1995 4428 2120 4523 Magni
2135 4433 2306 4512 familiam

279 4554 359 4601 cum
385 4527 602 4620 reperiamus
631 4521 698 4596 hoc
722 4524 936 4617 iniquiorem
967 4547 1041 4595 esse
1064 4540 1264 4598 nostrorum
1318 4530 1541 4622 pertinentis.

277 4628 466 4703 hominum
487 4632 686 4713 fortunam,
711 4628 890 4722 requirere
908 4623 975 4700 hoc
999 4653 1017 4698 a
1035 4630 1140 4699 nobis
1156 4630 1266 4721 pietas
1418 4629 1462 4701 ln
1478 4629 1627 4724 imperio
1643 4628 1748 4700 etiam
1764 4630 2093 4724 propinquitatibus
2107 4646 2141 4704 et
2155 4634 2308 4705 affinita-

278 4735 437 4820 videtur,
474 4748 514 4804 ut
546 4745 751 4802 nostrorum
782 4728 987 4823 Principum
1020 4731 1110 4801 facta
1138 4756 1266 4804 ornare
1317 4731 1413 4802 tibus
1433 4731 1742 4823 praestantissimis
1762 4733 1985 4824 principibus
2006 4735 2074 4806 suit
2099 4735 2309 4807 coniunctus

277 4860 466 4920 conemur,
490 4858 642 4930 quorum
659 4832 865 4902 memoriam
883 4855 1073 4922 paucorum
1097 4834 1266 4926 prodide-
1317 4827 1417 4907 Otto.
1469 4831 1696 4907 RexGalliae
1710 4857 1819 4924 gener
1836 4849 1924 4905 erat:
1950 4833 2159 4906 Britanniae
2173 4862 2237 4908 rex
2250 4860 2309 4908 so-

279 4962 319 5008 re
333 4932 513 5010 historiae.
562 4933 640 5026 Ego
655 4935 774 5028 itaque
788 4935 934 5003 eandem
947 4936 994 5003 ob
1008 4959 1166 5021 oausam,
1188 4951 1264 5010 tum
1316 4961 1376 5008 cer
1394 4932 1555 5007 Ottonis:
1588 4935 1703 5018 Filius
1723 4932 1870 5007 Ottonis
1890 4933 2100 5027 Ludolphus
2121 4935 2200 5011 Rex
2218 4943 2309 5011 Sue-

278 5039 385 5111 etiam
416 5053 560 5137 propter
589 5037 757 5128 temporis
786 5032 983 5124 angustiam
1017 5034 1263 5132 (posteaquam
1315 5064 1442 5110 vorum
1467 5053 1558 5111 erat:
1594 5040 1677 5110 Dur
1697 5035 1869 5107 Baveriae
1899 5036 2076 5111 Henricus
2103 5041 2171 5112 suit
2199 5042 2312 5112 frater

278 5142 427 5230 attigero
465 5140 609 5223 saltem,
651 5162 740 5231 quae
769 5139 814 5207 ad
842 5136 1016 5226 originem
1046 5134 1193 5210 Ottonis
1231 5155 1265 5212 et
1315 5140 1479 5213 Ottonis:
1517 5139 1787 5215 Coloniensium
1814 5141 1999 5231 episcopus
2022 5138 2169 5213 Ottonis
2198 5144 2312 5213 frater

275 5242 511 5336 possessiones
531 5241 606 5309 eius
630 5253 805 5330 spectant,
837 5252 913 5310 tum
938 5238 1006 5308 alia
1027 5242 1202 5312 nonnulla
1225 5243 1263 5310 iu
1314 5241 1437 5314 Bruno
1460 5245 1544 5315 fuit:
1578 5241 1812 5331 Maguntiuus
1833 5254 1909 5313 erat
1923 5239 2070 5316 Ottonis
2089 5243 2182 5312 filius
2199 5241 2311 5313 Wil-

276 5343 413 5417 Ottone
428 5364 650 5437 nequaquam
669 5337 834 5437 tacenda)
857 5348 967 5434 pauca
979 5342 1134 5412 adieram
1150 5345 1194 5411 de
1207 5367 1263 5412 re·
1313 5338 1468 5416 helmus:
1494 5347 1584 5422 Otto
1600 5337 1849 5415 filiusOttonis
1864 5342 2100 5437 Imperatoris,
2124 5368 2166 5415 ex
2182 5368 2311 5416 secun-

276 5449 343 5520 bus
357 5450 402 5519 ab
418 5442 554 5519 Ottoue
567 5443 745 5538 praeclare
758 5444 862 5532 gestis
877 5444 916 5513 iu
932 5443 1050 5528 ltalia,
1078 5467 1119 5513 ex
1131 5444 1262 5538 quibus
1314 5445 1359 5515 da
1376 5470 1485 5518 uxore
1498 5461 1623 5534 natus,
1649 5459 1806 5545 alpatre,
1832 5447 1891 5516 cui
1911 5462 2031 5541 postea
2048 5449 2087 5518 in
2101 5442 2212 5540 regno
2228 5471 2311 5518 suc-
