4732 6030
210 208 284 281 411
702 194 862 273 nect..
896 194 982 271 DE*
1003 194 1297 275 PRAEFAT.
1330 195 1388 272 ΙΝ
1419 192 1737 276 HOMERUM.
1809 298 1814 318 Ι
2176 218 2252 299 412

212 373 386 475 po'e'matis
407 372 520 446 animi
543 373 653 443 robur
674 371 835 441 enervari
850 371 1002 442 videtur.
1054 369 1126 444 Sed
1140 394 1205 441 nos
1258 368 1307 442 At
1337 393 1403 442 nos
1429 369 1688 458 adolescentes,
1728 375 1858 469 quibus
1884 399 1992 452 aurea
2018 397 2053 456 et
2079 410 2254 480 gemmata

215 484 260 554 ,d
290 475 361 550 hoc
392 478 547 549 breviter
578 472 889 562 respondebimus,
922 473 1119 546 Homerum
1142 500 1206 543 vo·
1258 497 1338 543 vasa
1355 497 1428 542 non
1443 486 1538 563 sunt,
1558 476 1653 566 quod
1668 479 1862 566 poterimus
1875 492 1993 554 tamen
2011 483 2255 569 Alexandrum

213 584 323 655 quisse
345 582 521 650 celebrare
543 574 642 643 ittam
658 576 867 648 sententiam
883 576 928 645 de
944 576 1208 646 immortalitate
1258 574 1430 666 Magnum
1454 575 1652 662 imitantes,
1684 578 1828 650 interim
1853 582 1891 651 in
1920 606 1996 657 non
2018 595 2126 682 paulo
2149 603 2257 671 nobi·

215 687 434 764 animarum,
457 700 564 770 quam
588 677 748 748 omniurn
771 678 970 748 seculorum
992 680 1207 748 cordatiores
1258 678 1359 763 liora,
1383 700 1511 768 nempe
1528 693 1711 769 pectorum
1726 695 1933 754 nostrorum
1950 692 2132 784 scriniolo,
2158 696 2256 776 hunc

214 803 251 859 et
275 781 493 854 honestiores
508 778 579 847 viri
602 790 809 850 tenuerunt:
834 781 988 849 voluisse
1010 781 1206 870 significare
1258 792 1330 849 tarn
1364 779 1560 869 preciosum
1598 776 1805 854 thesaurum
1841 788 2057 882 condamus,
2091 813 2127 871 et
2152 802 2254 876 illam

214 891 333 960 locum
348 907 387 953 ac
402 883 520 954 sedem
536 880 691 973 aliquam
708 904 781 951 esse
795 877 981 973 posthanc
997 883 1118 967 vitam,
1133 881 1208 970 ubi
1259 894 1392 972 partem
1408 883 1697 972 praestantiorem
1714 907 1754 955 ac
1771 885 1986 963 diviniorem
2003 903 2118 970 nostri
2133 927 2175 974 eo
2191 931 2257 999 pa-

216 992 396 1060 bonorum
414 997 448 1055 et
462 982 638 1052 malorum
655 981 794 1052 animae
812 985 991 1068 viverent,
1016 986 1120 1055 bonis
1142 979 1208 1054 ho-

216 1113 285 1159 nor
300 1087 444 1182 quidam
462 1079 671 1169 haberetur,
696 1084 778 1153 mali
800 1085 1046 1176 plecterentur.
1096 1084 1208 1155 Deni-

217 1215 285 1287 que
311 1201 448 1259 secutus
471 1200 521 1256 est
544 1185 641 1254 illam
665 1187 848 1277 usitatam,
876 1210 964 1280 quae
984 1202 1060 1257 tum
1077 1188 1144 1257 fuit
1165 1189 1209 1256 de

217 1290 354 1370 inseris,
380 1284 567 1358 hominum
582 1286 800 1377 opinionem.
853 1286 934 1358 Non
947 1311 1050 1370 nova,
1077 1302 1137 1359 aut
1153 1288 1209 1356 in-

219 1394 358 1476 audito,
382 1405 444 1460 aut
461 1415 480 1459 a
498 1389 677 1459 communi
691 1390 824 1460 iudicio
839 1389 936 1460 illius
953 1391 1061 1460 seculi
1079 1385 1209 1459 ahhor-

218 1495 346 1577 rentia,
371 1493 465 1586 quod
483 1484 693 1579 Philosophi
708 1491 884 1576 fecerunt,
909 1505 1130 1562 commentus
1147 1505 1207 1562 est.

219 1597 338 1689 Atque
361 1588 447 1662 haec
472 1605 556 1661 sunt
585 1591 647 1659 illa
671 1593 835 1684 capitalia
865 1593 1033 1676 crimina,
1067 1608 1211 1686 propter

218 1721 309 1791 quae
327 1721 347 1764 a
362 1692 510 1762 Platone
524 1690 701 1763 Homerus
722 1695 828 1763 exilio
842 1694 1051 1780 mulctatur,
1077 1696 1210 1784 relega-

218 1811 280 1870 tur
301 1797 345 1865 ab
369 1796 456 1865 urbe
474 1793 656 1864 Platonica
676 1795 714 1863 in
734 1797 851 1866 neseio
869 1820 956 1889 quas
973 1797 1065 1866 solas
1088 1812 1209 1876 terras,

218 1903 264 1971 ad
281 1891 429 1991 Scythas
445 1898 550 1965 credo
566 1910 625 1967 aut
641 1895 889 1982 Garamantes,
914 1922 1028 1990 neque
1047 1898 1083 1967 id
1101 1913 1210 1968 teme-

219 2026 277 2081 re,
303 2023 387 2067 nam
405 1993 677 2092 Chrysostomus
698 2000 795 2068 testis
816 2013 885 2084 est,
911 2001 1015 2070 etiam
1032 1998 1210 2070 Barbaros

220 2118 256 2174 et
282 2100 497 2170 Graecarum
529 2098 797 2189 disciplinarum
831 2103 957 2180 rudes,
998 2103 1210 2191 permulctos

219 2201 404 2276 Homerici
419 2200 586 2271 carminis
599 2201 803 2289 dulcedine,
828 2203 981 2295 coepisse
997 2197 1089 2272 hanc
1103 2227 1211 2274 unam

220 2309 268 2379 ob
292 2327 430 2374 causam
448 2299 603 2372 Graecas
623 2302 744 2374 literas
758 2307 961 2393 degustare,
988 2319 1027 2373 ut
1043 2298 1110 2373 hoc
1127 2310 1211 2395 poe-

220 2433 277 2478 ma
292 2407 490 2498 perdiscere
504 2418 657 2496 possent,
683 2417 718 2474 et
733 2408 827 2496 apud
846 2405 954 2476 lndos
970 2407 1008 2476 id
1028 2408 1132 2476 etiarn
1149 2409 1211 2474 de-

221 2509 356 2581 cantari
382 2506 535 2575 solitum.
589 2502 646 2575 Ad
671 2530 920 2600 quamcunque
944 2509 1051 2596 igitur
1072 2521 1210 2597 gentem

220 2604 239 2683 e
263 2607 413 2680 Graecia
435 2629 498 2677 sua
525 2607 733 2696 relegaverit
758 2606 954 2678 Homerum
979 2607 1098 2693 Plato,
1134 2633 1210 2678 eam

220 2713 317 2782 velut
334 2708 402 2780 Dei
418 2709 566 2779 alicuius
581 2711 737 2780 adventu
753 2710 870 2781 statim
887 2711 1070 2780 cultiorem
1085 2706 1211 2780 huma-

220 2815 430 2905 nioremque
445 2834 511 2880 usu
526 2811 635 2902 ipsius
650 2822 684 2880 et
698 2811 952 2882 consuetudine
968 2814 1100 2885 fecerit
1140 2812 1212 2882 Sed

221 2937 401 3010 opponere
421 2935 487 2982 nos
506 2913 610 2983 etiam
635 2935 839 3003 possumus,
865 2912 1024 2984 Platonis
1041 2909 1107 2983 hac
1120 2914 1158 2983 in
1174 2938 1213 2983 re

220 3017 419 3099 autoritati,
447 3038 658 3085 consensum
679 3016 842 3087 omnium
863 3017 1078 3109 optimorum
1100 3031 1133 3085 et
1155 3038 1211 3084 sa-

205 3119 522 3212 pientissimorum
555 3111 761 3200 hominum,
803 3118 864 3210 qui
893 3118 1061 3187 omnibns
1086 3117 1211 3186 seculis

221 3232 301 3312 post
319 3216 468 3285 Homeri
492 3230 661 3299 aetatem,
687 3219 843 3306 ingenii,
869 3221 1068 3299 doctrinae,
1095 3220 1209 3287 virtu-

220 3322 285 3400 tis,
312 3330 374 3387 aut
390 3316 582 3406 sapientiae
599 3317 703 3385 laude
716 3319 924 3389 floruerunt.
975 3318 1028 3390 Ex
1045 3314 1100 3388 his
1116 3321 1209 3388 enirn

220 3445 326 3492 nemo
348 3419 436 3502 luit,
462 3418 524 3511 qni
542 3441 615 3485 non
634 3417 739 3508 pleno
755 3443 815 3487 ore
829 3418 977 3488 Homeri
995 3437 1117 3510 poema
1132 3421 1211 3491 lau-

220 3526 340 3607 daret,
365 3543 441 3590 non
464 3518 752 3612 amplecteretur,
785 3533 819 3591 et
840 3521 937 3592 velut
959 3522 1121 3591 divinum
1142 3545 1211 3590 nu-

219 3624 304 3695 meri
328 3625 504 3693 adoraret.
558 3614 784 3691 Archesilaus
800 3622 956 3714 optimus
973 3636 1008 3693 et
1024 3622 1211 3715 sapientis-

220 3727 330 3798 simus
355 3724 612 3816 Spartanorum
631 3721 727 3806 Rex,
760 3748 945 3817 nunquam
969 3725 1128 3795 cubitum
1149 3726 1211 3810 ire,

219 3851 403 3921 nunquam
418 3849 498 3895 cnm
513 3849 532 3894 e
548 3825 638 3896 lecto
653 3826 869 3910 surrexisset,
891 3828 1047 3918 prodire,
1068 3840 1129 3897 aut
1145 3828 1212 3896 ali-

220 3931 307 4027 quid
334 3951 435 4019 agere
464 3928 616 4011 solebat,
651 3928 740 4021 quin
764 3929 863 4019 prins
884 3929 985 4022 qnasi
1016 3928 1212 4000 solenniter

219 4032 356 4126 aliquid
374 4056 414 4100 ex
427 4028 583 4098 Homero
600 4030 790 4113 lectitaret,
816 4045 850 4100 et
865 4031 1001 4122 quoties
1021 4055 1040 4099 a
1057 4032 1211 4123 negociis

1259 982 1346 1053 riter
1360 1005 1527 1051 ornemus
1541 997 1647 1076 atque
1664 985 1828 1064 ditemus.

1345 1080 1446 1173 Quos
1463 1098 1503 1154 tu
1518 1079 1609 1153 mihi
1621 1081 1816 1176 thesauros,
1843 1117 1931 1186 quas
1946 1099 2092 1172 divitias
2109 1113 2256 1181 narras?

1260 1185 1352 1255 dicet
1378 1179 1448 1253 hic·
1464 1184 1614 1278 aliquis,
1652 1212 1780 1282 nempe
1807 1194 1970 1270 videmus
1995 1217 2031 1274 et
2056 1202 2250 1282 Homerum

1261 1286 1523 1376 egentissimum
1536 1287 1664 1375 fuisse,
1688 1316 1767 1360 cum
1786 1295 1932 1384 viveret,
1957 1315 1994 1373 et
2013 1328 2055 1375 ex
2071 1310 2252 1405 discipulis

1261 1391 1333 1459 suis
1349 1384 1467 1457 adhuc
1484 1390 1664 1459 neminem
1680 1393 1818 1470 ditasse.
1873 1398 2007 1473 Verum
2025 1401 2092 1477 hoc
2108 1435 2192 1497 esse,
2220 1431 2254 1488 et

1261 1487 1318 1560 his
1333 1490 1463 1560 nostris
1481 1492 1700 1581 temporibus
1722 1496 1829 1568 nimis
1845 1525 1967 1572 verum
1989 1511 2130 1586 scimus.
2183 1516 2254 1588 Sed

1260 1590 1527 1661 meminerimus
1558 1586 1625 1663 hoc
1645 1619 1788 1689 quoque
1815 1616 1949 1673 certum
1978 1621 2084 1702 atque
2107 1617 2252 1690 evidens

1261 1707 1508 1783 argumentum
1533 1718 1606 1763 esse
1635 1699 1860 1786 publicarum
1881 1705 2137 1800 calamitatum,
2170 1744 2251 1789 cum

1262 1797 1327 1865 ista
1345 1795 1461 1864 studia
1484 1795 1531 1864 ita
1546 1801 1723 1868 contemni
1741 1803 1914 1878 videmus.
1966 1808 2040 1881 Nos
2055 1840 2139 1887 vero
2156 1817 2250 1889 nihil

1261 1897 1347 1968 istae
1376 1896 1565 1965 illiberales
1589 1900 1836 1990 cogitationes,
1870 1921 1905 1978 et
1929 1910 1988 1981 isti
2014 1918 2250 1992 sordidissimi

1261 2020 1441 2069 sermones
1457 2015 1634 2072 moveant.
1677 2000 1759 2074 Non
1775 2008 1875 2097 digni
1891 2027 1993 2097 sunt,
2017 2019 2078 2111 qui
2095 2015 2151 2091 his
2168 2023 2253 2094 Mu-

1260 2123 1379 2170 sarum
1397 2099 1502 2168 sacris
1520 2098 1726 2186 initientur,
1752 2110 1869 2178 autin
1888 2107 1956 2184 hoe
1977 2109 2209 2196 humanitatis
2221 2139 2255 2198 et

1263 2202 1404 2273 virtutis
1426 2200 1593 2271 sacellum
1615 2205 1869 2295 admittantur,
1897 2217 1960 2308 qui
1984 2223 2121 2292 sordidi
2145 2252 2254 2321 quae·

1261 2316 1336 2373 stus
1357 2301 1467 2392 gratia
1493 2297 1578 2371 haec
1602 2305 1708 2396 longe
1725 2317 1981 2402 praestantiora
1999 2321 2092 2392 hona
2109 2329 2255 2419 adsper-

1262 2418 1405 2476 nantur.
1453 2403 1533 2473 Non
1551 2405 1722 2481 distendit
1737 2436 1940 2487 crumenam
1954 2445 2040 2492 auro
2056 2439 2090 2496 et
2105 2445 2251 2518 argento

1261 2503 1457 2584 Homerus,
1492 2529 1567 2575 non
1590 2523 1751 2583 ventrem
1776 2514 2009 2608 pinguedine,
2042 2549 2116 2596 non
2141 2532 2252 2620 cingit

1264 2607 1393 2696 digitos
1416 2609 1598 2694 gemmatis
1615 2615 1774 2684 annulis:
1799 2630 1834 2686 at
1850 2633 1942 2690 certe
1961 2641 2134 2709 mentem,
2162 2657 2252 2725 qnae

1263 2709 1515 2800 praestantior,
1540 2735 1631 2802 quae
1647 2713 1854 2789 immortalis
1869 2744 1948 2811 pars
1966 2729 2077 2797 nostri
2096 2745 2163 2813 est,
2191 2735 2250 2803 in-

1263 2807 1426 2900 ge‘ntibus
1451 2832 1491 2878 ac
1516 2811 1623 2901 longe
1644 2817 1893 2904 nobilioribus,
1919 2830 2140 2924 aeternisque
2157 2835 2251 2904 divi-

1263 2913 1322 2982 tiis
1337 2911 1503 2996 cumulat,
1528 2930 1644 3001 ornat,
1667 2919 1835 3015 ditatque.
1868 2923 1949 2995 Non
1965 2952 2031 2999 nos
2047 2933 2250 3023 absterreat,

1263 3016 1358 3107 quod
1380 3034 1500 3102 egens,
1527 3020 1622 3108 qnod
1646 3035 1868 3116 contemptus
1887 3026 1955 3098 suit
1971 3027 2147 3105 Homerus
2169 3061 2249 3108 cum

1262 3116 1410 3199 viveret,
1436 3118 1532 3207 quod
1550 3133 1690 3206 egentes
1707 3138 1801 3207 sunt,
1824 3129 1888 3219 qui
1902 3124 1969 3200 hoe
1984 3156 2094 3222 genus
2111 3141 2251 3210 studio-

1263 3242 1342 3286 rum
1369 3216 1500 3285 eolunt.
1553 3218 1763 3293 Communis
1785 3222 1870 3297 haec
1892 3250 1943 3302 est
1959 3238 2117 3307 conditio
2135 3264 2254 3311 rerum

1262 3320 1498 3409 optimarum,
1524 3335 1564 3391 nt
1580 3323 1652 3391 siut
1675 3338 1895 3418 contemptae
1918 3333 1955 3401 in
1980 3329 2045 3405 hac
2069 3341 2198 3413 misera
2220 3359 2256 3415 et

1263 3420 1366 3511 plena
1391 3442 1551 3489 errorum
1572 3446 1613 3493 ac
1639 3428 1813 3498 caecitatis
1835 3433 1918 3504 rita.
1975 3433 2254 3516 Concionatores

1263 3520 1363 3589 verbi
1376 3520 1508 3607 divini,
1534 3525 1689 3597 ministri
1703 3543 1864 3602 aeternae
1879 3536 2019 3624 salutis,
2045 3543 2108 3633 qui
2123 3545 2254 3615 libera-

1262 3623 1395 3692 tionem
1413 3645 1433 3691 a
1448 3638 1579 3713 morte,
1605 3654 1624 3697 a
1643 3646 1804 3722 peccato,
1830 3636 1875 3704 ab
1891 3644 2041 3710 aeternis
2053 3641 2250 3717 inferorum

1262 3724 1497 3806 cruciatibus,
1532 3729 1577 3797 ab
1601 3732 1768 3803 omnibus
1788 3737 1890 3806 malis
1912 3742 2148 3831 annunciant,
2178 3773 2250 3842 qno

1263 3826 1317 3895 illi
1334 3829 1439 3896 modo
1456 3828 1501 3896 ab
1521 3829 1630 3922 impio
1646 3847 1681 3904 et
1703 3836 1940 3926 ingratissimo
1957 3847 2090 3916 mundo
2113 3872 2252 3941 semper

1262 3927 1397 4018 accepti
1417 3931 1627 4024 tractatiqne
1642 3936 1804 4024 fuerunt,
1831 3966 1901 4034 quo
1925 3947 2029 4016 modo
2049 3945 2153 4019 hodie
2175 3965 2251 4022 tra·

1263 4029 1427 4099 etantur?
1478 4030 1561 4101 Non
1578 4038 1681 4106 nobis
1696 4041 1826 4110 rnirum
1845 4045 1947 4114 valde
1968 4062 2027 4118 aut
2048 4070 2182 4121 novum
2197 4054 2255 4123 vi-

221 4160 368 4205 vacuum
386 4147 522 4220 [empus
538 4132 699 4213 dabatur,
721 4131 838 4200 statim
854 4134 898 4199 ad
913 4131 1109 4202 Homerum
1127 4159 1213 4226 pro-
1263 4132 1339 4201 deri
1363 4132 1487 4217 dehet,
1517 4135 1547 4202 si
1571 4161 1626 4205 res
1649 4140 1763 4208 bonae
1788 4145 2035 4234 negliguntur,
2060 4154 2254 4225 deteriores

219 4238 375 4328 perabat,
397 4234 439 4299 ad
459 4231 629 4298 amasium
647 4231 856 4322 pullumque
873 4255 974 4302 suum
991 4235 1041 4302 ire
1056 4259 1092 4303 se
1107 4237 1212 4304 dieti·
1263 4246 1386 4303 contra
1408 4237 1528 4324 magni
1557 4237 1661 4322 liant,
1690 4254 1791 4311 vetus
1814 4239 1880 4314 hoc
1903 4261 1954 4318 est
1980 4251 2018 4319 in
2041 4259 2196 4343 mundo,
2219 4270 2254 4327 et

220 4352 309 4408 tans.
360 4332 483 4423 Neque
508 4333 665 4418 ignotum
684 4344 753 4413 est,
780 4345 997 4423 quantopere
1011 4335 1212 4403 Alexander
1263 4337 1517 4407 consuetudine
1534 4361 1640 4429 prava
1657 4339 1728 4409 iam
1743 4366 1833 4433 pene
1847 4349 2018 4420 usitatum
2036 4375 2109 4426 esse
2128 4359 2253 4451 coepit.

221 4436 371 4508 Macedo
390 4432 580 4501 delectatus
597 4430 641 4499 sit
658 4429 806 4499 Homeri
832 4446 1003 4521 poemate.
1055 4432 1122 4503 Cui
1140 4436 1212 4504 sive
1263 4433 1336 4505 Nos
1354 4452 1475 4507 contra
1492 4439 1541 4508 sic
1555 4441 1758 4529 cogitemus,
1785 4470 1858 4516 non
1875 4453 1985 4522 seruit
2001 4461 2160 4547 quaestui
2175 4457 2253 4530 Ho-

101 4541 105 4553 '
220 4539 322 4618 seria,
348 4559 409 4605 seu
427 4534 523 4601 iocos
538 4546 719 4616 tractaret,
746 4532 850 4601 etiam
867 4556 945 4601 cum
962 4549 1158 4605 armaretur
1173 4537 1210 4604 in
1264 4561 1399 4622 merus,
1431 4564 1472 4608 eo
1496 4541 1640 4610 melior:
1669 4546 1881 4635 dedignatur
1905 4554 1998 4622 enim
2025 4558 2158 4646 virtus,
2192 4563 2253 4632 de·

219 4638 374 4724 hostem,
400 4636 555 4705 carmina
577 4631 724 4736 Homeri
751 4636 929 4704 decantari
949 4638 1127 4706 solebant:
1154 4639 1211 4706 cni
1264 4641 1456 4729 dignantur
1477 4640 1603 4710 Musae
1628 4661 1803 4735 prostare,
1829 4666 1862 4721 et
1885 4654 1921 4722 in
1937 4672 2104 4747 quaestu,
2129 4677 2168 4735 ut
2193 4663 2254 4732 ille

219 4768 299 4815 cum
316 4767 356 4811 ex
373 4735 735 4833 spoliisBabylonicis
749 4736 902 4828 ingentis
917 4739 1027 4830 precii
1040 4739 1211 4810 scrinium
1264 4744 1329 4820 ait,
1364 4764 1428 4831 pro
1455 4744 1699 4816 meretricibus
1720 4754 1851 4827 sedere.
1910 4754 2145 4834 Meminerint
2169 4789 2254 4836 vero

218 4870 260 4915 ex
277 4870 363 4915 auro
387 4857 420 4913 et
444 4841 590 4931 gemmis
614 4853 703 4911 esset
725 4840 904 4926 oblatum,
928 4853 963 4909 et
979 4842 1106 4912 caeteri
1122 4841 1213 4911 alius
1264 4843 1338 4927 illi,
1364 4842 1426 4935 qui
1450 4846 1494 4912 ad
1520 4844 1708 4918 utilitatem
1729 4877 1828 4924 snam
1846 4857 1966 4927 omnia
1987 4863 2164 4950 referunt,
2192 4869 2254 4960 qui

219 4948 280 5017 alii
301 4946 379 5017 usui
399 4946 443 5015 ad
466 4967 520 5012 res
543 4943 719 5033 preciosas
741 4943 979 5011 adservandas
1002 4944 1039 5012 id
1055 4945 1213 5014 destina·
1265 4945 1481 5036 possessione
1514 4947 1692 5021 bonorum
1722 4955 1886 5025 fortunae
1919 4961 2144 5035 foelicitatem
2179 4992 2256 5038 rne-

218 5063 318 5133 ηῃῑ,
344 5046 528 5139 respondit
550 5044 767 5113 Alexander:
800 5041 901 5113 Nulli
924 5044 976 5112 rei
999 5045 1110 5136 magis
1133 5047 1212 5116 ido—
1265 5047 1403 5116 tinntur
1435 5049 1599 5139 amplecti
1630 5077 1667 5122 se
1698 5055 1836 5145 fragilia
1866 5072 1899 5129 et
1930 5063 2256 5141 inconstantissimo

217 5175 321 5221 „eam
337 5174 409 5220 esse
425 5171 501 5216 eam
525 5147 700 5231 arculam,
725 5168 832 5238 quam
846 5143 1039 5216 Homerico
1060 5149 1212 5239 poemati
1264 5149 1375 5230 bona,
1401 5162 1506 5242 atque
1528 5152 1596 5243 ipsi
1621 5156 1725 5226 etiam
1749 5164 1940 5248 possessori
1962 5188 2062 5259 saepe
2088 5171 2254 5255 exitialia,

217 5254 447 5324 asservando:
475 5247 697 5317 nobilissimo
714 5249 809 5315 enim
823 5242 988 5319 thesauro
1003 5273 1077 5318 non
1094 5249 1213 5319 minus
1264 5249 1440 5342 uniusque
1462 5247 1608 5327 horulae
1624 5273 1803 5329 momento
1818 5263 2019 5335 universam
2035 5270 2132 5341 illam
2150 5272 2254 5342 foeli-

218 5357 340 5426 nobile
355 5352 560 5434 vasculum,
582 5348 624 5423 in
640 5373 711 5441 quo
736 5365 986 5441 reponeretur,
1011 5344 1211 5423 convenire.
1265 5352 1424 5433 citatem,
1457 5378 1564 5450 seque
1587 5362 1674 5429 adeo
1704 5360 1800 5451 ipsos
1824 5364 1984 5438 funditus
2008 5374 2117 5444 everti
2139 5399 2254 5465 posse.

287 5558 310 5590 Ι
