4732 6030
192 300 272 379 aot
771 287 929 367 nucu
962 287 1037 365 nn
1069 270 1300 365 uruouu
1331 272 1650 383 nunnoni,
2148 276 2233 368 tos

199 494 281 541 mus
292 484 329 542 et
344 468 433 561 ipsi,
458 480 497 538 ut
513 462 609 534 Deus
631 458 717 532 haec
739 465 811 533 duo
835 465 928 534 bona
948 477 1115 560 praestat,
1149 486 1191 533 ac
1243 477 1463 555 expectemus
1484 440 1654 532 auxilium
1678 462 1815 532 alles:
1841 463 1994 534 sciamus
2015 468 2081 534 nos
2105 467 2239 537 umbra

122 632 126 639 .
201 587 344 646 tueatur
367 570 545 639 veritatem
572 578 607 634 et
629 566 866 636 concordiam.
925 562 974 636 Ut
996 579 1114 635 autem
1135 586 1191 634 se·
1244 567 1386 634 dextrae
1404 564 1547 635 divinae
1562 564 1716 655 protegi,
1741 578 1782 636 ut
1801 564 2005 656 plantemus
2025 568 2164 653 coelos,
2199 569 2240 638 id

202 675 258 746 rio
274 687 450 763 petamus,
470 667 620 755 flagrent
636 681 775 758 pectora
790 679 911 737 nostra
926 691 1047 735 amore
1062 661 1190 736 harum
1244 679 1313 752 est,
1337 681 1378 737 ut
1395 660 1539 737 hortum
1556 664 1846 736 amoenissimum
1861 663 2043 738 Ecclesiae
2061 683 2239 753 aeternae,

203 776 417 867 optimarum
458 790 590 837 rerum:
637 771 916 839 commendatam
942 767 1024 838 fidei
1051 780 1192 838 nostrae
1243 769 1321 859 ipso
1336 768 1501 854 iuvante,
1526 789 1752 837 conseramus
1770 781 1804 837 et
1821 790 2002 844 ornemus.

205 875 400 956 veritatem,
419 871 464 938 ad
480 882 639 960 posteros
652 870 895 960 incorruptam
910 892 1102 962 propagare
1117 883 1192 940 stu·
1344 867 1537 963 Postquam
1577 868 1762 940 audivistis
1799 871 2174 942 commonefactionem
2203 889 2241 945 et

205 981 362 1049 deamus.
413 969 553 1040 Deinde
576 994 696 1060 pacem
718 985 753 1041 et
776 971 1070 1065 tranquillitatem
1095 994 1193 1040 com·
1244 970 1521 1042 consolationem
1547 969 1765 1062 propositam
1791 971 1927 1062 optimo
1962 974 2101 1059 studio,
2139 996 2239 1045 nunc

204 1099 350 1148 munem
364 1068 543 1143 Ecclesiae
557 1072 866 1143 omnibusolhciis
880 1074 1029 1144 alamus.
1078 1069 1134 1145 Sit
1154 1071 1193 1140 in
1245 1094 1394 1163 quaeso,
1420 1085 1461 1143 ut
1476 1092 1634 1166 meeum„
1659 1073 1782 1156 immo,
1807 1087 1846 1143 ut
1863 1096 1945 1142 cum
1961 1074 2239 1148 summoSacer-

206 1189 396 1267 eonspectu
417 1174 511 1244 filins
537 1172 625 1258 Dei,
668 1169 754 1244 haec
775 1189 898 1264 petens
922 1199 941 1244 a
965 1172 1042 1243 Deo
1064 1173 1104 1240 in
1129 1172 1193 1240 illo
1246 1173 1329 1242 dote
1342 1172 1416 1243 filio
1434 1172 1518 1256 Dei,
1543 1194 1609 1242 nos
1625 1194 1749 1242 omnes
1765 1190 1838 1243 uno
1853 1189 1995 1264 pectore
2008 1177 2185 1248 dicamus:

207 1292 364 1350 extremo
381 1298 511 1365 agone,
526 1290 573 1346 ⁴et
588 1274 750 1345 sacrificii
764 1277 819 1344 sni
836 1275 1035 1356 oblatione,
1065 1273 1106 1342 in
1124 1297 1194 1366 qua
1349 1272 1436 1343 Tibi
1452 1273 1677 1364 omnipotens
1685 1269 1800 1359 Deus,
1825 1274 2080 1351 aeternePater
2088 1276 2237 1350 Domini

207 1379 314 1451 simul
331 1377 453 1460 nobis,
479 1378 610 1445 sudans
626 1375 696 1445 iam
713 1377 919 1465 sanguinem
935 1374 1125 1468 praecipit,
1154 1388 1197 1444 ut
1246 1375 1361 1446 nostri
1385 1373 1463 1445 lesu
1485 1371 1639 1461 Christi,
1673 1389 1810 1446 creator
1831 1377 1992 1449 omnium
2022 1404 2162 1468 rerum,
2204 1396 2238 1453 et

208 1482 302 1553 inter
317 1503 383 1548 nos
398 1478 599 1567 diligamus.
649 1476 732 1546 Non
749 1477 788 1544 in
804 1501 861 1546 me
876 1480 1041 1563 tantum,
1073 1476 1196 1545 autin
1248 1477 1416 1547 conditor
1435 1472 1614 1547 Ecclesiae
1641 1489 1742 1568 tuae,
1779 1501 1957 1549 unacum
1991 1481 2065 1552 lilio
2088 1496 2161 1552 tuo·
2176 1509 2239 1554 co-

205 1579 400 1654 Ecelesiam
415 1580 549 1648 ferrum
563 1577 716 1666 stringis,
732 1578 892 1670 quisquis
903 1578 1068 1649 inutilem
1083 1577 1196 1646 rixam
1239 1592 1391 1648 ¹aeterno
1413 1574 1570 1648 Domino
1592 1590 1715 1648 nostro
1740 1576 1818 1648 lesu
1840 1575 2005 1663 Christo,
2040 1598 2077 1655 et
2096 1582 2237 1675 Spiritu

207 1704 339 1754 moves.
391 1678 462 1749 Sed
479 1680 592 1749 multo
611 1679 722 1768 magis
747 1679 786 1746 in
811 1679 914 1749 illum
937 1681 1053 1768 ipsum
1069 1677 1198 1750 Domi·
1248 1688 1386 1771 sancto,
1412 1680 1568 1771 sapiens,
1593 1682 1705 1766 bone,
1736 1680 1827 1751 inste
1852 1694 1887 1752 et
1908 1684 2123 1770 misericors,
2154 1710 2236 1774 gra·

207 1797 472 1861 numnostrum
489 1774 603 1848 lesum
618 1772 822 1863 Christum,
843 1780 906 1873 qui
920 1782 973 1850 ibi
991 1804 1054 1868 pro
1071 1794 1105 1850 te
1125 1780 1196 1847 iam
1249 1781 1315 1851 ti'as
1342 1782 1497 1872 agimus,
1535 1784 1633 1874 quod
1663 1776 1834 1854 hactenus
1865 1786 2010 1856 servasti
2037 1781 2233 1856 Ecclesiam

208 1884 379 1956 sacrificat
408 1903 557 1971 agonem
578 1903 680 1950 sunm
706 1881 919 1969 ingrediens.
985 1880 1120 1952 Sinon
1144 1881 1197 1948 vis
1249 1894 1364 1968 tuam,
1400 1897 1507 1976 teque
1530 1907 1613 1968 oro,
1653 1896 1695 1954 ut
1723 1898 1869 1976 pmpter
1895 1885 2006 1955 filiurn
2033 1885 2232 1959 Dominum

208 1984 388 2059 Ecclesiae
416 2004 559 2073 parcere
581 1995 616 2050 et
638 1982 856 2072 posteritati,
897 2004 1000 2073 parce
1021 1977 1106 2052 huic
1130 1981 1197 2070 ipsi
1248 1998 1411 2055 nostrum
1430 1985 1544 2054 lesum
1566 1979 1748 2056 Christum
1764 1985 1930 2078 deinceps
1946 2010 2085 2081 quoque
2100 2012 2176 2058 eam
2193 1990 2235 2058 in

207 2083 350 2160 Christo
385 2105 552 2175 oppresso
586 2097 672 2153 tunc
702 2077 871 2153 horribili
903 2084 1048 2167 dolore,
1090 2105 1196 2176 quem
1249 2079 1306 2154 his
1321 2086 1527 2175 regionibus
1550 2108 1682 2155 serves:
1715 2083 1785 2156 Fac
1804 2101 1844 2159 ut
1858 2085 2046 2179 Evangelii
2059 2115 2127 2160 vox
2144 2113 2238 2159 sem-

208 2190 352 2280 pr'opter
377 2208 473 2267 mea,
518 2199 598 2265 tua,
638 2197 673 2255 et
698 2184 859 2254 omnium
884 2185 1012 2253 scelera
1036 2185 1199 2256 sustinet.
1250 2201 1437 2277 personet
1461 2188 1499 2255 in
1522 2181 1577 2255 his
1594 2184 1780 2272 Ecclesiis,
1813 2202 1848 2260 et
1874 2191 2072 2262 multorum
2097 2203 2240 2284 pectora

207 2287 284 2362 Cur
298 2312 379 2358 enm
399 2286 440 2355 iu
455 2286 520 2354 illo
542 2286 621 2375 ipso
640 2284 810 2354 sscrihcio
833 2308 899 2376 pro
919 2287 1031 2356 salute
1052 2298 1132 2369 tua,
1164 2298 1198 2354 et
1249 2290 1293 2356 ed
1312 2302 1345 2358 te
1357 2289 1494 2373 flectas,
1517 2301 1558 2359 ut
1574 2288 1638 2358 tibi
1655 2313 1736 2358 vere
1750 2290 1939 2378 obediant,
1971 2307 2008 2363 et
2022 2293 2110 2363 hant
2124 2317 2239 2362 mern-

208 2390 390 2471 ornnium,
414 2408 532 2456 coram
540 2387 621 2454 Deo
634 2400 847 2474 prostratum
864 2386 1025 2476 iugulare
1036 2386 1199 2456 conaris?
1248 2390 1310 2458 bra
1324 2386 1503 2460 Ecclesiae
1522 2402 1604 2459 tuae
1624 2392 1803 2462 aeternae:
1831 2389 1886 2462 Da
1905 2416 2028 2484 pacem
2046 2390 2102 2465 his
2117 2396 2234 2482 regio·

295 2489 336 2560 Si
350 2483 419 2557 hoc
433 2488 542 2555 modo
559 2485 834 2555 inflammatores
848 2487 1079 2557 dissidiorum
1093 2509 1198 2578 saepe
1247 2491 1373 2575 nibus,
1409 2507 1443 2561 et
1473 2492 1699 2561 concordiam
1728 2495 2035 2582 gubernatoribus.
2102 2492 2234 2581 Arnen,

208 2593 404 2681 cogitarent
419 2586 561 2657 sceleris
573 2587 811 2669 atrocitatem,
838 2588 944 2659 multi
965 2605 1058 2661 certe
1081 2614 1117 2660 se
1137 2611 1197 2659 re-
1247 2588 1344 2665 Dixi.
2212 2610 2215 2615 ·

208 2693 417 2787 primerent.
1259 2778 1263 2785 η

312 2786 484 2863 Obtestor
498 2801 617 2860 autem
635 2810 699 2857 vos
708 2800 855 2877 propter
871 2790 974 2860 ilhrm
992 2791 1108 2882 ipsum
1120 2786 1196 2859 Do·

208 2895 349 2965 minum
373 2905 535 2961 nostrum
552 2889 669 2960 lesum
684 2884 866 2960 Christum
887 2890 1000 2960 filium
1017 2892 1103 2976 Dei,
1131 2915 1196 2984 pro

208 2996 316 3067 nobis
329 2993 533 3064 crucifixum
547 3006 581 3061 et
594 2990 856 3077 resuscitatum,
886 3003 927 3063 ut
948 2987 1035 3064 huie
1053 3006 1197 3063 nostrae
1244 3030 1301 3103 No
1325 3030 1373 3103 36

209 3094 467 3175 admonitioni,
490 3095 529 3163 in
543 3117 612 3186 qua
626 3093 969 3180 vobismandatum,
999 3118 1074 3166 non
1097 3118 1118 3164 ιι
1138 3117 1203 3164 me.
1244 3084 1388 3173 ...ζ’
1490 3163 1494 3171 ,
2077 3081 2237 3178 0...)

209 3198 460 3290 excogitatums
485 3196 546 3263 scd
562 3194 746 3273 divinum,
771 3208 813 3264 ut
832 3195 905 3264 mei
925 3196 1086 3267 muneris
1103 3196 1195 3266 ratio
1616 3257 1626 3277 ‚
1929 3263 1939 3282 ,

209 3301 388 3395 postulat,
428 3318 612 3387 propono,
649 3295 911 3382 obtemperetis.
978 3296 1197 3368 Meministis
1246 3302 1251 3315 ’
1480 3255 1557 3343 De
1585 3258 1748 3374 lmfflw
1777 3256 2003 3346 hebrum.

85 3440 91 3453 ·
211 3402 380 3491 scriptum
396 3421 486 3466 esse:
513 3392 609 3466 Deus
624 3392 767 3463 dilectio
785 3406 848 3473 est,
867 3394 941 3484 Qui
955 3397 994 3465 in
1008 3398 1197 3466 dilectione
1318 3410 1833 3538 ''Dm'm'w'w’lffi'ql'p’
1873 3412 2028 3475 ιιιιιιιιιι.
2042 3418 2077 3476 Τ.
2092 3421 2113 3477 t
2131 3423 2241 3493 ow..

210 3514 343 3585 manet,
366 3501 405 3567 in
420 3495 498 3568 Deo
515 3495 645 3565 manet·
673 3488 798 3588 Itaque
813 3494 895 3564 illse
911 3511 1026 3587 pestes
1037 3493 1197 3567 acErin-
1349 3482 1574 3608 mmlx:
1588 3504 1655 3606 sm
1681 3551 1727 3605 aad
1740 3485 1771 3604 ἓξ
1783 3483 2241 3672 &ullo-nffizf'dpngipppkssphpz·

207 3625 317 3698 nyss,
368 3597 561 3694 quae-sine
583 3596 735 3668 iustaet
754 3598 947 3668 necessaria
963 3622 1075 3670 causa
1104 3599 1200 3669 rixas
1350 3618 1381 3672 tn
1408 3620 1471 3674 eost
1497 3616 1612 3678 Mane.
1630 3589 1675 3674 sl.
1701 3622 1780 3679 nos
1832 3638 1873 3692 p.
1889 3618 1950 3676 sss
1980 3624 2026 3677 nst
2058 3625 2237 3684 insensum:

195 3703 382 3788 movent,¹
400 3699 675 3772 et'concordism
697 3698 865 3784 turbant,
895 3699 1052 3772 abiectae
1072 3714 1157 3772 sunt
1177 3726 1196 3770 a
1351 3688 1475 3772 2⁹⁰¹²⁸⁵⁰
1488 3688 1558 3745 9⁵⁵¹·
1574 3688 1661 3756 Met,
1690 3706 1772 3760 quio
1786 3689 1912 3747 emovit
1926 3692 2048 3749 maru·
2059 3691 2235 3765 wutiugio·

207 3804 286 3877 Deo
312 3819 380 3875 ete
393 3802 518 3888 nobis,
541 3800 606 3872 ubi
620 3821 679 3870 res
693 3798 853 3888 cognitae
866 3814 984 3889 erant,
1019 3800 1091 3872 nisi
1109 3802 1198 3872 resi·
1350 3775 1380 3811 ω
1395 3756 1581 3830 bonomonte
1592 3756 1719 3814 mm
1730 3775 1803 3813 ⁸⁸³⁰
1816 3758 1892 3815 ‘¹⁰⁰'
1904 3760 2005 3817 ων

192 3908 366 4000 -piscant,
382 3930 432 3976 ex
446 3901 604 3975 Ecclesia
618 3900 689 3974 Dei
704 3898 903 4020 eiicientur.
1373 3934 1504 4003 oran-⁰
1525 3929 1575 4004 de
1587 3930 1726 4008 mm
1747 3934 1905 4031 mmm
1923 3932 2109 4012 ebroicae·

289 4008 416 4079 Nunc
437 4009 483 4076 sd
505 4003 881 4076 commonefacttonem
903 4002 998 4074 addo
1019 4017 1054 4073 et
1071 4026 1199 4074 conso-
1233 4066 1236 4073 .

208 4111 401 4182 lationem.-
444 4106 525 4180 Scio
540 4128 605 4175 vos
620 4106 660 4173 in
674 4100 879 4193 hacmcgm
904 4098 1200 4177 vitaehumanae
1249 4089 1425 4196 Saeps'in
1441 4099 1510 4175 hoc
1526 4118 1598 4175 tsm
1614 4107 1722 4195 longo
1739 4105 1878 4190 itinere,
1903 4107 2143 4204 indeusquea
2158 4110 2240 4204 ripa

193 4213 438 4289 confusione,
468 4207 600 4277 multas
614 4205 778 4296 publicas
791 4219 826 4274 et
842 4204 999 4293 privatas
1016 4204 1200 4276 calamita·
1251 4207 1374 4291 Albis,
1400 4208 1445 4275 ad
1461 4201 1560 4275 hunc
1575 4207 1692 4277 sinum
1705 4203 1993 4295 marisBalthici,
2017 4212 2175 4301 cogitans
2192 4216 2239 4283 de

209 4325 263 4381 tes
275 4314 417 4381 timere.
467 4304 538 4376 Sed
558 4302 627 4374 hac
647 4327 711 4374 vos
728 4305 976 4375 consolatione
996 4318 1201 4392 sustentate,
1248 4301 1316 4405 hac
1330 4303 1360 4401 ¹)
1381 4306 1486 4376 senili
1510 4308 1812 4399 peregrinatione,
1848 4334 1924 4379 non
1953 4327 2027 4383 tarn
2057 4315 2240 4404 deploravi

210 4435 317 4505 qnam
335 4406 521 4502 proposuit
536 4404 636 4475 Deus
650 4406 691 4473 in
711 4405 824 4496 capite
837 4401 899 4477 ot.
913 4400 1057 4475 Esaiaes
1076 4407 1197 4479 'Posui
1247 4432 1367 4478 meum
1386 4408 1552 4496 exilium,
1574 4434 1683 4502 qnam
1696 4433 1926 4500 aerumnosas
1937 4408 2117 4483 Ecclesiae
2139 4418 2240 4504 fugas

209 4514 318 4583 verba
333 4534 411 4581 mea
426 4508 467 4578 in
482 4531 545 4576 ore
560 4519 640 4591 tuo,
672 4518 706 4576 et
721 4505 847 4575 umbra
862 4527 989 4574 manus
1004 4529 1103 4576 meae
1115 4532 1200 4599 pro-
1247 4511 1411 4581 omnium
1426 4523 1645 4601 temporum,
1676 4512 1752 4578 imo
1765 4534 1886 4582 rerum
1902 4514 2064 4584 omnium
2087 4516 2241 4587 instabi-

207 4628 322 4705 tegam
342 4627 398 4698 te,
430 4624 470 4683 ut
493 4610 631 4702 plantes
654 4607 780 4678 coelos
832 4603 1137 4678 PollieeturDeus
1161 4634 1199 4680 se
1248 4612 1395 4683 litatem.
1447 4609 1545 4701 Quid
1567 4612 1664 4680 enim
1687 4611 1897 4684 mirabilius·
1911 4629 1985 4701 est,
2016 4641 2122 4709 quarn
2147 4616 2240 4690 hanc

207 4718 335 4786 umbra
360 4736 490 4786 manus
517 4734 604 4782 suae
636 4721 878 4800 protecturum
909 4731 984 4778 esse
1016 4711 1201 4782 ministros
1247 4712 1404 4804 linguam
1423 4713 1538 4803 gentis
1546 4709 1718 4798 Ebraese,
1743 4729 1862 4786 natam
1877 4716 2001 4807 procul
2016 4714 2241 4812 adEuphra-

207 4813 413 4909 Evangelii,
437 4815 520 4910 quis
538 4814 616 4906 ipse
630 4808 699 4882 hoe
715 4811 952 4883 ministerium
969 4812 1139 4900 instituit,
1163 4828 1197 4884 et
1247 4827 1339 4901 tem,
1371 4837 1433 4884 seu
1458 4811 1667 4901 lordanem,
1700 4839 1799 4885 nunc
1820 4818 1868 4886 ab
1890 4814 2038 4887 homine
2054 4818 2238 4892 Germano

207 4920 356 4990 verbum
371 4942 475 4988 suum
495 4913 901 4986 nobiscosnmendavit·
927 4937 930 4943 ·
1247 4910 1306 4987 hic
1321 4916 1441 4986 doceri
1457 4914 1496 4982 iu
1512 4915 1631 4987 littore
1643 4917 1753 4989 maris
1766 4911 1944 5004 Balthici,
1974 4921 2070 4988 inter
2083 4918 2238 4992 Germa-
2298 4922 2305 4927 ⁴

308 5018 460 5090 Etiamsi
483 5017 749 5089 contemnimur
769 5014 977 5105 a·supcrbis
999 5010 1197 5104 Epicureis,
1246 5038 1331 5103 nos,
1350 5016 1541 5103 Sarmatas,
1565 5032 1601 5089 et
1617 5020 1706 5089 alius
1721 5032 1857 5107 gentes,
1880 5043 1974 5112 qnae
1985 5043 2130 5111 prorsus
2148 5025 2240 5094 alie-

206 5138 269 5194 sut
284 5121 503 5192 incurrimus
522 5120 609 5189 osta·
629 5120 839 5209 potentdrn,
857 5131 927 5187 ¹snt
949 5117 1200 5215 conflictantur
1245 5119 1413 5189 nissiruse
1432 5142 1453 5188 a
1474 5119 1658 5191 literarum
1682 5121 1821 5190 cultura
1845 5121 2016 5192 fuerunt?
2064 5122 2133 5196 Sed
2154 5127 2240 5220 quis

205 5227 347 5317 inopia,
384 5222 420 5293 et'
443 5219 524 5290 aliis
542 5217 831 5304 difficultatibus,
846 5232 987 5288 ·¹temsn
1008 5230 1083 5290 non
1099 5219 1196 5289 defi·
1245 5219 1345 5291 Deus
1358 5223 1492 5312 spargit
1504 5219 1701 5294 Ecclesiam
1716 5222 1756 5290 in
1772 5233 1888 5293 toturn
1902 5225 2026 5295 orbem
2049 5239 2240 5311 terramus,

189 5323 488 5406 ..ciamussllsm
517 5342 585 5390 nee
598 5316 1058 5391 abiiciamus-ministerium
1071 5316 1197 5390 Evan-
1227 5342 1452 5390 ·...·..........

204 5432 319 5521 gelih:
361 5430 433 5504 Sed
457 5426 524 5496 hsc
547 5421 953 5505 consolacionetereob
971 5436 1135 5517 petamus
1158 5437 1194 5495 et
1231 5454 1234 5459 ·
1279 5446 1584 5519 occultasset&
1600 5451 1747 5507 manea.
