<?xml version="1.0" encoding="UTF-8"?>
<!DOCTYPE html PUBLIC "-//W3C//DTD XHTML 1.0 Transitional//EN"
    "http://www.w3.org/TR/xhtml1/DTD/xhtml1-transitional.dtd">
<html xmlns="http://www.w3.org/1999/xhtml" xml:lang="en" lang="en">
 <head>
  <title>
</title>
<meta http-equiv="Content-Type" content="text/html;charset=utf-8" />
  <meta name='ocr-system' content='tesseract 3.04.00' />
  <meta name='ocr-capabilities' content='ocr_page ocr_carea ocr_par ocr_line ocrx_word'/>
</head>
<body>
  <div class='ocr_page' id='page_1' title='image "./philippimelanth21melagoog/philippimelanth21melagoog_0193.png"; bbox 0 0 4732 6030; ppageno 0'>
   <div class='ocr_carea' id='block_1_1' title="bbox 153 235 2265 381">
    <p class='ocr_par' dir='ltr' id='par_1_1' title="bbox 153 235 2265 381">
     <span class='ocr_line' id='line_1_1' title="bbox 153 235 2265 381; baseline -0.016 2"><span class='ocrx_word' id='word_1_1' title='bbox 153 235 157 241; x_wconf 25' lang='lat'><em>¹</em></span> <span class='ocrx_word' id='word_1_2' title='bbox 224 301 300 381; x_wconf 80' lang='lat' dir='ltr'><strong>sss</strong></span> <span class='ocrx_word' id='word_1_3' title='bbox 790 285 951 368; x_wconf 76' lang='lat' dir='ltr'><strong>nucu</strong></span> <span class='ocrx_word' id='word_1_4' title='bbox 985 286 1062 365; x_wconf 83' lang='lat' dir='ltr'><strong>nu</strong></span> <span class='ocrx_word' id='word_1_5' title='bbox 1093 285 1430 366; x_wconf 66' lang='lat' dir='ltr'><strong>niustriae</strong></span> <span class='ocrx_word' id='word_1_6' title='bbox 1463 285 1685 364; x_wconf 75' lang='lat' dir='ltr'><strong>runnu.</strong></span> <span class='ocrx_word' id='word_1_7' title='bbox 2186 301 2265 375; x_wconf 61' lang='lat'><strong>300</strong></span> 
     </span>
    </p>
   </div>
   <div class='ocr_carea' id='block_1_2' title="bbox 216 457 2280 1386">
    <p class='ocr_par' dir='ltr' id='par_1_2' title="bbox 216 457 2280 1386">
     <span class='ocr_line' id='line_1_2' title="bbox 227 457 2272 566; baseline -0.006 -20"><span class='ocrx_word' id='word_1_8' title='bbox 227 478 321 549; x_wconf 86' lang='lat' dir='ltr'><strong>vitae</strong></span> <span class='ocrx_word' id='word_1_9' title='bbox 339 473 513 566; x_wconf 88' lang='lat' dir='ltr'><strong>praesidia</strong></span> <span class='ocrx_word' id='word_1_10' title='bbox 527 463 699 538; x_wconf 89' lang='lat' dir='ltr'><strong>divinitus</strong></span> <span class='ocrx_word' id='word_1_11' title='bbox 714 464 846 536; x_wconf 90' lang='lat' dir='ltr'><strong>donata</strong></span> <span class='ocrx_word' id='word_1_12' title='bbox 859 489 944 536; x_wconf 84' lang='lat' dir='ltr'><strong>esse.</strong></span> <span class='ocrx_word' id='word_1_13' title='bbox 980 461 1034 536; x_wconf 87' lang='lat' dir='ltr'><strong>lta</strong></span> <span class='ocrx_word' id='word_1_14' title='bbox 1053 465 1220 538; x_wconf 85' lang='lat' dir='ltr'><strong>universa</strong></span> <span class='ocrx_word' id='word_1_15' title='bbox 1270 463 1525 552; x_wconf 86' lang='lat' dir='ltr'><strong>obtemperare.</strong></span> <span class='ocrx_word' id='word_1_16' title='bbox 1574 457 1719 532; x_wconf 86' lang='lat' dir='ltr'>Possem</span> <span class='ocrx_word' id='word_1_17' title='bbox 1740 461 1810 531; x_wconf 84' lang='lat' dir='ltr'><strong>alia</strong></span> <span class='ocrx_word' id='word_1_18' title='bbox 1835 462 1951 532; x_wconf 87' lang='lat' dir='ltr'><strong>multa</strong></span> <span class='ocrx_word' id='word_1_19' title='bbox 1970 482 2182 556; x_wconf 77' lang='lat' dir='ltr'><strong>argumenta</strong></span> <span class='ocrx_word' id='word_1_20' title='bbox 2207 476 2272 545; x_wconf 78' lang='lat' dir='ltr'><strong>ad.</strong></span> 
     </span>
     <span class='ocr_line' id='line_1_3' title="bbox 229 559 2275 675; baseline -0.002 -24"><span class='ocrx_word' id='word_1_21' title='bbox 229 577 356 675; x_wconf 91' lang='lat' dir='ltr'><strong>politia</strong></span> <span class='ocrx_word' id='word_1_22' title='bbox 370 601 434 647; x_wconf 90' lang='lat' dir='ltr'><strong>ceu</strong></span> <span class='ocrx_word' id='word_1_23' title='bbox 449 577 575 644; x_wconf 89' lang='lat' dir='ltr'><strong>domus</strong></span> <span class='ocrx_word' id='word_1_24' title='bbox 591 567 762 661; x_wconf 81' lang='lat' dir='ltr'><strong>quaedam</strong></span> <span class='ocrx_word' id='word_1_25' title='bbox 786 581 859 654; x_wconf 90' lang='lat' dir='ltr'><strong>est,</strong></span> <span class='ocrx_word' id='word_1_26' title='bbox 882 567 975 638; x_wconf 90' lang='lat' dir='ltr'><strong>mira</strong></span> <span class='ocrx_word' id='word_1_27' title='bbox 995 582 1070 638; x_wconf 87' lang='lat' dir='ltr'><strong>arte</strong></span> <span class='ocrx_word' id='word_1_28' title='bbox 1086 567 1222 639; x_wconf 90' lang='lat' dir='ltr'><strong>divini·</strong></span> <span class='ocrx_word' id='word_1_29' title='bbox 1272 567 1374 646; x_wconf 87' lang='lat' dir='ltr'><strong>dere,</strong></span> <span class='ocrx_word' id='word_1_30' title='bbox 1399 566 1460 635; x_wconf 91' lang='lat' dir='ltr'><strong>sed</strong></span> <span class='ocrx_word' id='word_1_31' title='bbox 1482 587 1563 633; x_wconf 87' lang='lat' dir='ltr'><strong>curn</strong></span> <span class='ocrx_word' id='word_1_32' title='bbox 1585 559 1673 633; x_wconf 89' lang='lat' dir='ltr'><strong>haec</strong></span> <span class='ocrx_word' id='word_1_33' title='bbox 1697 563 1882 654; x_wconf 91' lang='lat' dir='ltr'><strong>perspicua</strong></span> <span class='ocrx_word' id='word_1_34' title='bbox 1907 578 1941 634; x_wconf 93' lang='lat' dir='ltr'><strong>et</strong></span> <span class='ocrx_word' id='word_1_35' title='bbox 1964 565 2064 638; x_wconf 83' lang='lat' dir='ltr'><strong>firma</strong></span> <span class='ocrx_word' id='word_1_36' title='bbox 2083 572 2176 660; x_wconf 90' lang='lat' dir='ltr'><strong>sint,</strong></span> <span class='ocrx_word' id='word_1_37' title='bbox 2198 599 2275 649; x_wconf 91' lang='lat' dir='ltr'><strong>non</strong></span> 
     </span>
     <span class='ocr_line' id='line_1_4' title="bbox 232 667 2277 761; baseline -0.002 -6"><span class='ocrx_word' id='word_1_38' title='bbox 232 699 291 755; x_wconf 91' lang='lat' dir='ltr'><strong>tus</strong></span> <span class='ocrx_word' id='word_1_39' title='bbox 303 679 483 759; x_wconf 86' lang='lat' dir='ltr'><strong>fabricata,</strong></span> <span class='ocrx_word' id='word_1_40' title='bbox 507 670 645 760; x_wconf 87' lang='lat' dir='ltr'><strong>legibus</strong></span> <span class='ocrx_word' id='word_1_41' title='bbox 658 668 946 761; x_wconf 90' lang='lat' dir='ltr'><strong>Magistratuum,</strong></span> <span class='ocrx_word' id='word_1_42' title='bbox 972 671 1110 757; x_wconf 83' lang='lat' dir='ltr'>ordine,</span> <span class='ocrx_word' id='word_1_43' title='bbox 1136 693 1222 741; x_wconf 92' lang='lat' dir='ltr'><strong>con·</strong></span> <span class='ocrx_word' id='word_1_44' title='bbox 1273 668 1400 738; x_wconf 82' lang='lat' dir='ltr'>addam</span> <span class='ocrx_word' id='word_1_45' title='bbox 1416 668 1538 760; x_wconf 93' lang='lat' dir='ltr'><strong>plura,</strong></span> <span class='ocrx_word' id='word_1_46' title='bbox 1562 667 1768 756; x_wconf 87' lang='lat' dir='ltr'><strong>praesertim</strong></span> <span class='ocrx_word' id='word_1_47' title='bbox 1786 690 1867 735; x_wconf 93' lang='lat' dir='ltr'><strong>cum</strong></span> <span class='ocrx_word' id='word_1_48' title='bbox 1883 689 2002 739; x_wconf 90' lang='lat' dir='ltr'><strong>sacrae</strong></span> <span class='ocrx_word' id='word_1_49' title='bbox 2022 671 2149 745; x_wconf 92' lang='lat' dir='ltr'><strong>literae</strong></span> <span class='ocrx_word' id='word_1_50' title='bbox 2167 679 2277 750; x_wconf 89' lang='lat' dir='ltr'><strong>etiam</strong></span> 
     </span>
     <span class='ocr_line' id='line_1_5' title="bbox 233 767 2275 869; baseline -0.006 -12"><span class='ocrx_word' id='word_1_51' title='bbox 233 781 422 862; x_wconf 77' lang='lat' dir='ltr'><strong>tractibus,</strong></span> <span class='ocrx_word' id='word_1_52' title='bbox 453 773 614 858; x_wconf 85' lang='lat' dir='ltr'><strong>iudiciis,</strong></span> <span class='ocrx_word' id='word_1_53' title='bbox 639 772 844 865; x_wconf 83' lang='lat' dir='ltr'><strong>disciplina,</strong></span> <span class='ocrx_word' id='word_1_54' title='bbox 874 773 1060 864; x_wconf 79' lang='lat' dir='ltr'><strong>praesidiis</strong></span> <span class='ocrx_word' id='word_1_55' title='bbox 1079 786 1225 856; x_wconf 90' lang='lat' dir='ltr'><strong>armata,</strong></span> <span class='ocrx_word' id='word_1_56' title='bbox 1275 768 1434 859; x_wconf 79' lang='lat' dir='ltr'><strong>exempla</strong></span> <span class='ocrx_word' id='word_1_57' title='bbox 1457 769 1569 837; x_wconf 91' lang='lat' dir='ltr'><strong>multa</strong></span> <span class='ocrx_word' id='word_1_58' title='bbox 1590 781 1793 861; x_wconf 81' lang='lat' dir='ltr'><strong>proponant</strong></span> <span class='ocrx_word' id='word_1_59' title='bbox 1815 767 1958 860; x_wconf 86' lang='lat' dir='ltr'><strong>piorum</strong></span> <span class='ocrx_word' id='word_1_60' title='bbox 1984 786 2081 843; x_wconf 80' lang='lat' dir='ltr'><strong>extra</strong></span> <span class='ocrx_word' id='word_1_61' title='bbox 2110 779 2275 869; x_wconf 71' lang='lat' dir='ltr'><strong>politiam</strong></span> 
     </span>
     <span class='ocr_line' id='line_1_6' title="bbox 234 867 2276 980; baseline -0 -25"><span class='ocrx_word' id='word_1_62' title='bbox 234 882 360 980; x_wconf 91' lang='lat' dir='ltr'><strong>poenis</strong></span> <span class='ocrx_word' id='word_1_63' title='bbox 385 893 450 952; x_wconf 87' lang='lat' dir='ltr'><strong>etc.</strong></span> <span class='ocrx_word' id='word_1_64' title='bbox 508 873 577 946; x_wconf 82' lang='lat' dir='ltr'><strong>His</strong></span> <span class='ocrx_word' id='word_1_65' title='bbox 603 874 693 967; x_wconf 85' lang='lat' dir='ltr'><strong>septi</strong></span> <span class='ocrx_word' id='word_1_66' title='bbox 725 899 766 944; x_wconf 90' lang='lat' dir='ltr'><strong>ac</strong></span> <span class='ocrx_word' id='word_1_67' title='bbox 796 876 918 945; x_wconf 89' lang='lat' dir='ltr'><strong>vallati</strong></span> <span class='ocrx_word' id='word_1_68' title='bbox 942 876 1073 960; x_wconf 87' lang='lat' dir='ltr'><strong>muris,</strong></span> <span class='ocrx_word' id='word_1_69' title='bbox 1106 889 1224 945; x_wconf 90' lang='lat' dir='ltr'><strong>tamen</strong></span> <span class='ocrx_word' id='word_1_70' title='bbox 1277 870 1482 943; x_wconf 86' lang='lat' dir='ltr'><strong>Mosaieam.</strong></span> <span class='ocrx_word' id='word_1_71' title='bbox 1536 867 1585 940; x_wconf 93' lang='lat' dir='ltr'><strong>Ut</strong></span> <span class='ocrx_word' id='word_1_72' title='bbox 1608 870 1702 940; x_wconf 92' lang='lat' dir='ltr'><strong>enim</strong></span> <span class='ocrx_word' id='word_1_73' title='bbox 1726 893 1801 939; x_wconf 95' lang='lat' dir='ltr'><strong>non</strong></span> <span class='ocrx_word' id='word_1_74' title='bbox 1820 871 1934 939; x_wconf 91' lang='lat' dir='ltr'><strong>dicam</strong></span> <span class='ocrx_word' id='word_1_75' title='bbox 1951 873 1995 942; x_wconf 93' lang='lat' dir='ltr'><strong>de</strong></span> <span class='ocrx_word' id='word_1_76' title='bbox 2012 872 2177 951; x_wconf 89' lang='lat' dir='ltr'><strong>Patribus</strong></span> <span class='ocrx_word' id='word_1_77' title='bbox 2193 898 2276 954; x_wconf 90' lang='lat' dir='ltr'><strong>aute</strong></span> 
     </span>
     <span class='ocr_line' id='line_1_7' title="bbox 234 971 2279 1072; baseline -0.001 -13"><span class='ocrx_word' id='word_1_78' title='bbox 234 986 350 1060; x_wconf 91' lang='lat' dir='ltr'><strong>Deum</strong></span> <span class='ocrx_word' id='word_1_79' title='bbox 363 1003 552 1072; x_wconf 78' lang='lat' dir='ltr'><strong>agnoscere</strong></span> <span class='ocrx_word' id='word_1_80' title='bbox 567 1000 817 1070; x_wconf 67' lang='lat' dir='ltr'><strong>possumusne</strong></span> <span class='ocrx_word' id='word_1_81' title='bbox 831 990 993 1061; x_wconf 84' lang='lat' dir='ltr'><strong>statuere,</strong></span> <span class='ocrx_word' id='word_1_82' title='bbox 1007 973 1099 1047; x_wconf 91' lang='lat' dir='ltr'><strong>hanc</strong></span> <span class='ocrx_word' id='word_1_83' title='bbox 1114 978 1227 1069; x_wconf 86' lang='lat' dir='ltr'><strong>ipsam</strong></span> <span class='ocrx_word' id='word_1_84' title='bbox 1277 975 1403 1064; x_wconf 91' lang='lat' dir='ltr'><strong>legem,</strong></span> <span class='ocrx_word' id='word_1_85' title='bbox 1428 986 1548 1065; x_wconf 91' lang='lat' dir='ltr'><strong>postea</strong></span> <span class='ocrx_word' id='word_1_86' title='bbox 1566 972 1671 1042; x_wconf 90' lang='lat' dir='ltr'><strong>etiam</strong></span> <span class='ocrx_word' id='word_1_87' title='bbox 1685 971 1791 1041; x_wconf 93' lang='lat' dir='ltr'><strong>multi</strong></span> <span class='ocrx_word' id='word_1_88' title='bbox 1807 973 1857 1064; x_wconf 90' lang='lat' dir='ltr'><strong>pii</strong></span> <span class='ocrx_word' id='word_1_89' title='bbox 1872 974 2018 1045; x_wconf 81' lang='lat' dir='ltr'><strong>[uerunt</strong></span> <span class='ocrx_word' id='word_1_90' title='bbox 2031 977 2127 1050; x_wconf 90' lang='lat' dir='ltr'><strong>inter</strong></span> <span class='ocrx_word' id='word_1_91' title='bbox 2142 978 2279 1056; x_wconf 84' lang='lat' dir='ltr'><strong>Gentes</strong></span> 
     </span>
     <span class='ocr_line' id='line_1_8' title="bbox 216 1074 2280 1182; baseline 0.001 -27"><span class='ocrx_word' id='word_1_92' title='bbox 216 1085 419 1182; x_wconf 78' lang='lat' dir='ltr'><strong>politiam,</strong></span> <span class='ocrx_word' id='word_1_93' title='bbox 445 1106 514 1176; x_wconf 92' lang='lat' dir='ltr'><strong>qua</strong></span> <span class='ocrx_word' id='word_1_94' title='bbox 531 1076 617 1150; x_wconf 90' lang='lat' dir='ltr'><strong>haee</strong></span> <span class='ocrx_word' id='word_1_95' title='bbox 630 1078 703 1150; x_wconf 86' lang='lat' dir='ltr'><strong>vita</strong></span> <span class='ocrx_word' id='word_1_96' title='bbox 718 1080 939 1166; x_wconf 77' lang='lat' dir='ltr'><strong>defenditur,</strong></span> <span class='ocrx_word' id='word_1_97' title='bbox 959 1102 1033 1151; x_wconf 91' lang='lat' dir='ltr'><strong>esse</strong></span> <span class='ocrx_word' id='word_1_98' title='bbox 1048 1081 1146 1151; x_wconf 85' lang='lat' dir='ltr'><strong>velut</strong></span> <span class='ocrx_word' id='word_1_99' title='bbox 1161 1082 1229 1148; x_wconf 91' lang='lat' dir='ltr'><strong>do-</strong></span> <span class='ocrx_word' id='word_1_100' title='bbox 1279 1090 1315 1146; x_wconf 90' lang='lat' dir='ltr'><strong>et</strong></span> <span class='ocrx_word' id='word_1_101' title='bbox 1347 1074 1493 1168; x_wconf 90' lang='lat' dir='ltr'><strong>quidem</strong></span> <span class='ocrx_word' id='word_1_102' title='bbox 1529 1074 1785 1164; x_wconf 84' lang='lat' dir='ltr'><strong>gubernatores</strong></span> <span class='ocrx_word' id='word_1_103' title='bbox 1817 1098 2030 1166; x_wconf 88' lang='lat' dir='ltr'><strong>magnorum</strong></span> <span class='ocrx_word' id='word_1_104' title='bbox 2066 1104 2280 1173; x_wconf 88' lang='lat' dir='ltr'><strong>regnorum,</strong></span> 
     </span>
     <span class='ocr_line' id='line_1_9' title="bbox 239 1173 2277 1277; baseline -0.004 -20"><span class='ocrx_word' id='word_1_105' title='bbox 239 1213 339 1262; x_wconf 89' lang='lat' dir='ltr'><strong>mum</strong></span> <span class='ocrx_word' id='word_1_106' title='bbox 354 1186 529 1257; x_wconf 91' lang='lat' dir='ltr'><strong>divinitus</strong></span> <span class='ocrx_word' id='word_1_107' title='bbox 549 1182 653 1252; x_wconf 91' lang='lat' dir='ltr'><strong>nobis</strong></span> <span class='ocrx_word' id='word_1_108' title='bbox 675 1182 871 1254; x_wconf 89' lang='lat' dir='ltr'><strong>conditam:</strong></span> <span class='ocrx_word' id='word_1_109' title='bbox 898 1205 963 1253; x_wconf 90' lang='lat' dir='ltr'><strong>nec</strong></span> <span class='ocrx_word' id='word_1_110' title='bbox 977 1183 1123 1253; x_wconf 88' lang='lat' dir='ltr'><strong>interest</strong></span> <span class='ocrx_word' id='word_1_111' title='bbox 1136 1181 1230 1252; x_wconf 84' lang='lat' dir='ltr'><strong>vitae</strong></span> <span class='ocrx_word' id='word_1_112' title='bbox 1278 1173 1460 1262; x_wconf 88' lang='lat' dir='ltr'><strong>Naaman,</strong></span> <span class='ocrx_word' id='word_1_113' title='bbox 1494 1174 1796 1268; x_wconf 80' lang='lat' dir='ltr'><strong>Nabngdonosor,</strong></span> <span class='ocrx_word' id='word_1_114' title='bbox 1834 1174 1982 1263; x_wconf 89' lang='lat' dir='ltr'><strong>Darius,</strong></span> <span class='ocrx_word' id='word_1_115' title='bbox 2016 1180 2145 1277; x_wconf 83' lang='lat' dir='ltr'><strong>Cyrus.</strong></span> <span class='ocrx_word' id='word_1_116' title='bbox 2202 1185 2277 1259; x_wconf 78' lang='lat' dir='ltr'><strong>Nec</strong></span> 
     </span>
     <span class='ocr_line' id='line_1_10' title="bbox 240 1274 2277 1386; baseline -0.002 -22"><span class='ocrx_word' id='word_1_117' title='bbox 240 1287 418 1386; x_wconf 91' lang='lat' dir='ltr'><strong>spirituali</strong></span> <span class='ocrx_word' id='word_1_118' title='bbox 443 1311 484 1357; x_wconf 92' lang='lat' dir='ltr'><strong>ac</strong></span> <span class='ocrx_word' id='word_1_119' title='bbox 500 1298 682 1370; x_wconf 85' lang='lat' dir='ltr'><strong>aeternae,</strong></span> <span class='ocrx_word' id='word_1_120' title='bbox 707 1297 828 1354; x_wconf 91' lang='lat' dir='ltr'><strong>utrum</strong></span> <span class='ocrx_word' id='word_1_121' title='bbox 847 1279 933 1355; x_wconf 91' lang='lat' dir='ltr'><strong>haec</strong></span> <span class='ocrx_word' id='word_1_122' title='bbox 951 1285 1090 1370; x_wconf 91' lang='lat' dir='ltr'><strong>domus,</strong></span> <span class='ocrx_word' id='word_1_123' title='bbox 1115 1283 1233 1366; x_wconf 88' lang='lat' dir='ltr'><strong>idest,</strong></span> <span class='ocrx_word' id='word_1_124' title='bbox 1280 1278 1426 1352; x_wconf 88' lang='lat' dir='ltr'><strong>Danieli</strong></span> <span class='ocrx_word' id='word_1_125' title='bbox 1456 1279 1551 1370; x_wconf 81' lang='lat' dir='ltr'><strong>apud</strong></span> <span class='ocrx_word' id='word_1_126' title='bbox 1573 1276 1698 1347; x_wconf 89' lang='lat' dir='ltr'><strong>Persas</strong></span> <span class='ocrx_word' id='word_1_127' title='bbox 1726 1278 1828 1348; x_wconf 91' lang='lat' dir='ltr'><strong>licuit</strong></span> <span class='ocrx_word' id='word_1_128' title='bbox 1859 1274 2093 1356; x_wconf 90' lang='lat' dir='ltr'><strong>haereditates</strong></span> <span class='ocrx_word' id='word_1_129' title='bbox 2119 1286 2277 1359; x_wconf 86' lang='lat' dir='ltr'><strong>dividere</strong></span> 
     </span>
    </p>
   </div>
   <div class='ocr_carea' id='block_1_3' title="bbox 56 1378 2278 1497">
    <p class='ocr_par' dir='ltr' id='par_1_3' title="bbox 56 1378 2278 1497">
     <span class='ocr_line' id='line_1_11' title="bbox 56 1378 2278 1497; baseline 0 -34"><span class='ocrx_word' id='word_1_130' title='bbox 56 1438 69 1449; x_wconf 78' lang='lat'><em>.</em></span> <span class='ocrx_word' id='word_1_131' title='bbox 198 1440 225 1497; x_wconf 81' lang='lat'><strong>&#39;.</strong></span> <span class='ocrx_word' id='word_1_132' title='bbox 243 1392 390 1489; x_wconf 94' lang='lat' dir='ltr'><strong>politia,</strong></span> <span class='ocrx_word' id='word_1_133' title='bbox 417 1389 464 1459; x_wconf 90' lang='lat' dir='ltr'><strong>sit</strong></span> <span class='ocrx_word' id='word_1_134' title='bbox 484 1410 504 1457; x_wconf 93' lang='lat' dir='ltr'><strong>a</strong></span> <span class='ocrx_word' id='word_1_135' title='bbox 527 1386 665 1473; x_wconf 88' lang='lat' dir='ltr'><strong>Moise‚</strong></span> <span class='ocrx_word' id='word_1_136' title='bbox 692 1409 739 1459; x_wconf 91' lang='lat' dir='ltr'><strong>au</strong></span> <span class='ocrx_word' id='word_1_137' title='bbox 760 1388 806 1457; x_wconf 91' lang='lat' dir='ltr'><strong>ab</strong></span> <span class='ocrx_word' id='word_1_138' title='bbox 828 1386 909 1457; x_wconf 88' lang='lat' dir='ltr'><strong>aliis</strong></span> <span class='ocrx_word' id='word_1_139' title='bbox 929 1386 1234 1476; x_wconf 70' lang='lat' dir='ltr'><strong>legumlatoribus,</strong></span> <span class='ocrx_word' id='word_1_140' title='bbox 1284 1382 1497 1454; x_wconf 90' lang='lat' dir='ltr'><strong>ludaeorum</strong></span> <span class='ocrx_word' id='word_1_141' title='bbox 1521 1380 1678 1470; x_wconf 90' lang='lat' dir='ltr'><strong>legibus,</strong></span> <span class='ocrx_word' id='word_1_142' title='bbox 1704 1382 1799 1475; x_wconf 90' lang='lat' dir='ltr'><strong>quod</strong></span> <span class='ocrx_word' id='word_1_143' title='bbox 1816 1378 1973 1453; x_wconf 86' lang='lat' dir='ltr'><strong>Romani</strong></span> <span class='ocrx_word' id='word_1_144' title='bbox 1996 1390 2222 1465; x_wconf 83' lang='lat' dir='ltr'><strong>centuriones</strong></span> <span class='ocrx_word' id='word_1_145' title='bbox 2239 1415 2278 1463; x_wconf 90' lang='lat' dir='ltr'><strong>ae</strong></span> 
     </span>
    </p>
   </div>
   <div class='ocr_carea' id='block_1_4' title="bbox 195 1478 2329 4947">
    <p class='ocr_par' dir='ltr' id='par_1_4' title="bbox 195 1478 2329 4947">
     <span class='ocr_line' id='line_1_12' title="bbox 242 1478 2280 1582; baseline 0 -18"><span class='ocrx_word' id='word_1_146' title='bbox 242 1510 285 1568; x_wconf 89' lang='lat' dir='ltr'><strong>ut</strong></span> <span class='ocrx_word' id='word_1_147' title='bbox 305 1494 355 1565; x_wconf 90' lang='lat' dir='ltr'><strong>ita</strong></span> <span class='ocrx_word' id='word_1_148' title='bbox 372 1492 506 1574; x_wconf 90' lang='lat' dir='ltr'><strong>dicam,</strong></span> <span class='ocrx_word' id='word_1_149' title='bbox 530 1488 720 1569; x_wconf 78' lang='lat' dir='ltr'><strong>fabricata,</strong></span> <span class='ocrx_word' id='word_1_150' title='bbox 743 1491 851 1559; x_wconf 92' lang='lat' dir='ltr'><strong>modo</strong></span> <span class='ocrx_word' id='word_1_151' title='bbox 873 1500 914 1559; x_wconf 91' lang='lat' dir='ltr'><strong>ut</strong></span> <span class='ocrx_word' id='word_1_152' title='bbox 928 1488 976 1560; x_wconf 90' lang='lat' dir='ltr'><strong>sit</strong></span> <span class='ocrx_word' id='word_1_153' title='bbox 997 1501 1232 1560; x_wconf 91' lang='lat' dir='ltr'><strong>consentanea</strong></span> <span class='ocrx_word' id='word_1_154' title='bbox 1282 1485 1415 1556; x_wconf 86' lang='lat' dir='ltr'><strong>milites</strong></span> <span class='ocrx_word' id='word_1_155' title='bbox 1438 1485 1478 1553; x_wconf 91' lang='lat' dir='ltr'><strong>iu</strong></span> <span class='ocrx_word' id='word_1_156' title='bbox 1501 1478 1648 1553; x_wconf 90' lang='lat' dir='ltr'><strong>historia</strong></span> <span class='ocrx_word' id='word_1_157' title='bbox 1665 1478 1881 1572; x_wconf 84' lang='lat' dir='ltr'><strong>Evangelica</strong></span> <span class='ocrx_word' id='word_1_158' title='bbox 1903 1486 2108 1565; x_wconf 86' lang='lat' dir='ltr'><strong>laudantur.</strong></span> <span class='ocrx_word' id='word_1_159' title='bbox 2158 1491 2280 1582; x_wconf 84' lang='lat' dir='ltr'><strong>Quare</strong></span> 
     </span>
     <span class='ocr_line' id='line_1_13' title="bbox 244 1582 2281 1692; baseline -0.001 -24"><span class='ocrx_word' id='word_1_160' title='bbox 244 1597 318 1670; x_wconf 92' lang='lat' dir='ltr'><strong>iuri</strong></span> <span class='ocrx_word' id='word_1_161' title='bbox 330 1607 489 1665; x_wconf 83' lang='lat' dir='ltr'><strong>naturae.</strong></span> <span class='ocrx_word' id='word_1_162' title='bbox 520 1589 561 1660; x_wconf 92' lang='lat' dir='ltr'><strong>ld</strong></span> <span class='ocrx_word' id='word_1_163' title='bbox 577 1591 730 1682; x_wconf 91' lang='lat' dir='ltr'><strong>primum</strong></span> <span class='ocrx_word' id='word_1_164' title='bbox 745 1585 814 1662; x_wconf 90' lang='lat' dir='ltr'><strong>hoe</strong></span> <span class='ocrx_word' id='word_1_165' title='bbox 824 1604 1033 1692; x_wconf 89' lang='lat' dir='ltr'><strong>argumento</strong></span> <span class='ocrx_word' id='word_1_166' title='bbox 1046 1591 1233 1661; x_wconf 85' lang='lat' dir='ltr'><strong>confirmo:</strong></span> <span class='ocrx_word' id='word_1_167' title='bbox 1284 1583 1379 1657; x_wconf 92' lang='lat' dir='ltr'><strong>nihil</strong></span> <span class='ocrx_word' id='word_1_168' title='bbox 1394 1586 1596 1658; x_wconf 91' lang='lat' dir='ltr'><strong>dubitemus</strong></span> <span class='ocrx_word' id='word_1_169' title='bbox 1609 1585 1748 1677; x_wconf 89' lang='lat' dir='ltr'><strong>placere</strong></span> <span class='ocrx_word' id='word_1_170' title='bbox 1764 1582 1862 1671; x_wconf 91' lang='lat' dir='ltr'><strong>Deo,</strong></span> <span class='ocrx_word' id='word_1_171' title='bbox 1886 1587 1992 1658; x_wconf 91' lang='lat' dir='ltr'><strong>etiam</strong></span> <span class='ocrx_word' id='word_1_172' title='bbox 2007 1606 2161 1663; x_wconf 88' lang='lat' dir='ltr'><strong>caeteras</strong></span> <span class='ocrx_word' id='word_1_173' title='bbox 2185 1595 2281 1685; x_wconf 82' lang='lat' dir='ltr'><strong>poli·</strong></span> 
     </span>
     <span class='ocr_line' id='line_1_14' title="bbox 247 1687 2281 1791; baseline -0.002 -19"><span class='ocrx_word' id='word_1_174' title='bbox 247 1697 414 1791; x_wconf 80' lang='lat' dir='ltr'><strong>Apostoli</strong></span> <span class='ocrx_word' id='word_1_175' title='bbox 436 1695 475 1763; x_wconf 93' lang='lat' dir='ltr'><strong>in</strong></span> <span class='ocrx_word' id='word_1_176' title='bbox 497 1690 596 1763; x_wconf 91' lang='lat' dir='ltr'><strong>Actis</strong></span> <span class='ocrx_word' id='word_1_177' title='bbox 620 1692 733 1784; x_wconf 93' lang='lat' dir='ltr'><strong>capite</strong></span> <span class='ocrx_word' id='word_1_178' title='bbox 753 1690 810 1765; x_wconf 82' lang='lat'><strong>15.</strong></span> <span class='ocrx_word' id='word_1_179' title='bbox 835 1693 1076 1786; x_wconf 90' lang='lat' dir='ltr'><strong>pronunciant</strong></span> <span class='ocrx_word' id='word_1_180' title='bbox 1098 1691 1232 1784; x_wconf 88' lang='lat' dir='ltr'><strong>perspi·</strong></span> <span class='ocrx_word' id='word_1_181' title='bbox 1286 1691 1372 1775; x_wconf 88' lang='lat' dir='ltr'><strong>tias,</strong></span> <span class='ocrx_word' id='word_1_182' title='bbox 1396 1690 1607 1769; x_wconf 89' lang='lat' dir='ltr'><strong>sitantum,</strong></span> <span class='ocrx_word' id='word_1_183' title='bbox 1635 1700 1675 1757; x_wconf 91' lang='lat' dir='ltr'><strong>ut</strong></span> <span class='ocrx_word' id='word_1_184' title='bbox 1697 1687 1791 1768; x_wconf 81' lang='lat' dir='ltr'><strong>dixi,</strong></span> <span class='ocrx_word' id='word_1_185' title='bbox 1821 1711 1898 1758; x_wconf 90' lang='lat' dir='ltr'><strong>uon</strong></span> <span class='ocrx_word' id='word_1_186' title='bbox 1921 1708 2080 1782; x_wconf 78' lang='lat' dir='ltr'><strong>pugnent</strong></span> <span class='ocrx_word' id='word_1_187' title='bbox 2097 1719 2178 1765; x_wconf 93' lang='lat' dir='ltr'><strong>cum</strong></span> <span class='ocrx_word' id='word_1_188' title='bbox 2200 1697 2281 1767; x_wconf 88' lang='lat' dir='ltr'><strong>iure</strong></span> 
     </span>
     <span class='ocr_line' id='line_1_15' title="bbox 246 1788 2276 1887; baseline -0.003 -14"><span class='ocrx_word' id='word_1_189' title='bbox 246 1826 330 1883; x_wconf 87' lang='lat' dir='ltr'><strong>cue,</strong></span> <span class='ocrx_word' id='word_1_190' title='bbox 354 1822 431 1868; x_wconf 91' lang='lat' dir='ltr'><strong>non</strong></span> <span class='ocrx_word' id='word_1_191' title='bbox 447 1818 521 1866; x_wconf 85' lang='lat' dir='ltr'><strong>esse</strong></span> <span class='ocrx_word' id='word_1_192' title='bbox 535 1796 735 1864; x_wconf 86' lang='lat' dir='ltr'><strong>onerandas</strong></span> <span class='ocrx_word' id='word_1_193' title='bbox 752 1792 885 1865; x_wconf 90' lang='lat' dir='ltr'><strong>Gentes</strong></span> <span class='ocrx_word' id='word_1_194' title='bbox 909 1796 985 1885; x_wconf 92' lang='lat' dir='ltr'><strong>lege</strong></span> <span class='ocrx_word' id='word_1_195' title='bbox 1001 1793 1129 1865; x_wconf 88' lang='lat' dir='ltr'><strong>Moisi:</strong></span> <span class='ocrx_word' id='word_1_196' title='bbox 1163 1794 1236 1863; x_wconf 90' lang='lat' dir='ltr'><strong>imo</strong></span> <span class='ocrx_word' id='word_1_197' title='bbox 1286 1805 1447 1876; x_wconf 89' lang='lat' dir='ltr'><strong>naturae,</strong></span> <span class='ocrx_word' id='word_1_198' title='bbox 1471 1791 1567 1883; x_wconf 88' lang='lat' dir='ltr'><strong>quud</strong></span> <span class='ocrx_word' id='word_1_199' title='bbox 1581 1803 1643 1873; x_wconf 73' lang='lat' dir='ltr'><strong>est,</strong></span> <span class='ocrx_word' id='word_1_200' title='bbox 1668 1803 1710 1860; x_wconf 92' lang='lat' dir='ltr'><strong>ut</strong></span> <span class='ocrx_word' id='word_1_201' title='bbox 1725 1788 1858 1860; x_wconf 91' lang='lat' dir='ltr'><strong>Paulus</strong></span> <span class='ocrx_word' id='word_1_202' title='bbox 1870 1791 2003 1887; x_wconf 90' lang='lat' dir='ltr'><strong>inquit:</strong></span> <span class='ocrx_word' id='word_1_203' title='bbox 2030 1792 2166 1865; x_wconf 88' lang='lat' dir='ltr'><strong>lusDei</strong></span> <span class='ocrx_word' id='word_1_204' title='bbox 2181 1799 2276 1866; x_wconf 84' lang='lat' dir='ltr'><strong>divi-</strong></span> 
     </span>
     <span class='ocr_line' id='line_1_16' title="bbox 247 1885 2277 1986; baseline -0.002 -12"><span class='ocrx_word' id='word_1_205' title='bbox 247 1902 374 1974; x_wconf 90' lang='lat' dir='ltr'><strong>Petrus</strong></span> <span class='ocrx_word' id='word_1_206' title='bbox 402 1921 520 1970; x_wconf 89' lang='lat' dir='ltr'><strong>severe</strong></span> <span class='ocrx_word' id='word_1_207' title='bbox 555 1896 720 1986; x_wconf 91' lang='lat' dir='ltr'><strong>obiurgat</strong></span> <span class='ocrx_word' id='word_1_208' title='bbox 750 1897 930 1967; x_wconf 85' lang='lat' dir='ltr'><strong>diversum</strong></span> <span class='ocrx_word' id='word_1_209' title='bbox 957 1897 1183 1981; x_wconf 65' lang='lat' dir='ltr'><strong>sentientes„</strong></span> <span class='ocrx_word' id='word_1_210' title='bbox 1198 1918 1238 1964; x_wconf 91' lang='lat' dir='ltr'><strong>ae</strong></span> <span class='ocrx_word' id='word_1_211' title='bbox 1286 1895 1386 1965; x_wconf 90' lang='lat' dir='ltr'><strong>nitus</strong></span> <span class='ocrx_word' id='word_1_212' title='bbox 1401 1892 1610 1985; x_wconf 88' lang='lat' dir='ltr'><strong>inscriptum</strong></span> <span class='ocrx_word' id='word_1_213' title='bbox 1625 1885 1792 1961; x_wconf 91' lang='lat' dir='ltr'><strong>humanis</strong></span> <span class='ocrx_word' id='word_1_214' title='bbox 1808 1894 2005 1980; x_wconf 90' lang='lat' dir='ltr'><strong>mentibus,</strong></span> <span class='ocrx_word' id='word_1_215' title='bbox 2028 1909 2070 1968; x_wconf 91' lang='lat' dir='ltr'><strong>ut</strong></span> <span class='ocrx_word' id='word_1_216' title='bbox 2083 1920 2104 1967; x_wconf 83' lang='lat' dir='ltr'><strong>a</strong></span> <span class='ocrx_word' id='word_1_217' title='bbox 2118 1897 2194 1969; x_wconf 91' lang='lat' dir='ltr'><strong>Deo</strong></span> <span class='ocrx_word' id='word_1_218' title='bbox 2211 1895 2277 1970; x_wconf 90' lang='lat' dir='ltr'><strong>ha-</strong></span> 
     </span>
     <span class='ocr_line' id='line_1_17' title="bbox 248 1993 2280 2099; baseline -0.002 -23"><span class='ocrx_word' id='word_1_219' title='bbox 248 2005 386 2099; x_wconf 89' lang='lat' dir='ltr'><strong>inquit,</strong></span> <span class='ocrx_word' id='word_1_220' title='bbox 416 2024 476 2073; x_wconf 91' lang='lat' dir='ltr'><strong>eos</strong></span> <span class='ocrx_word' id='word_1_221' title='bbox 497 2012 632 2071; x_wconf 88' lang='lat' dir='ltr'><strong>tentare</strong></span> <span class='ocrx_word' id='word_1_222' title='bbox 654 1993 790 2085; x_wconf 90' lang='lat' dir='ltr'><strong>Deum,</strong></span> <span class='ocrx_word' id='word_1_223' title='bbox 823 2024 893 2092; x_wconf 88' lang='lat' dir='ltr'><strong>quo</strong></span> <span class='ocrx_word' id='word_1_224' title='bbox 909 1999 1035 2070; x_wconf 84' lang='lat' dir='ltr'><strong>durius</strong></span> <span class='ocrx_word' id='word_1_225' title='bbox 1051 1993 1145 2069; x_wconf 93' lang='lat' dir='ltr'><strong>nihil</strong></span> <span class='ocrx_word' id='word_1_226' title='bbox 1166 1997 1237 2068; x_wconf 90' lang='lat' dir='ltr'><strong>dici</strong></span> <span class='ocrx_word' id='word_1_227' title='bbox 1288 1998 1414 2067; x_wconf 88' lang='lat' dir='ltr'><strong>herent</strong></span> <span class='ocrx_word' id='word_1_228' title='bbox 1427 1996 1584 2083; x_wconf 90' lang='lat' dir='ltr'><strong>regulam</strong></span> <span class='ocrx_word' id='word_1_229' title='bbox 1601 2018 1692 2086; x_wconf 87' lang='lat' dir='ltr'><strong>quae</strong></span> <span class='ocrx_word' id='word_1_230' title='bbox 1709 1995 1803 2084; x_wconf 90' lang='lat' dir='ltr'><strong>leges</strong></span> <span class='ocrx_word' id='word_1_231' title='bbox 1819 1995 2033 2084; x_wconf 89' lang='lat' dir='ltr'><strong>gubernaret</strong></span> <span class='ocrx_word' id='word_1_232' title='bbox 2050 2013 2085 2070; x_wconf 91' lang='lat' dir='ltr'><strong>et</strong></span> <span class='ocrx_word' id='word_1_233' title='bbox 2100 2001 2280 2072; x_wconf 88' lang='lat' dir='ltr'><strong>diiudica-</strong></span> 
     </span>
     <span class='ocr_line' id='line_1_18' title="bbox 249 2096 2281 2201; baseline -0.002 -22"><span class='ocrx_word' id='word_1_234' title='bbox 249 2117 399 2201; x_wconf 81' lang='lat' dir='ltr'><strong>poterat.</strong></span> <span class='ocrx_word' id='word_1_235' title='bbox 457 2101 548 2172; x_wconf 90' lang='lat' dir='ltr'><strong>Nam</strong></span> <span class='ocrx_word' id='word_1_236' title='bbox 581 2113 717 2174; x_wconf 92' lang='lat' dir='ltr'><strong>tentare</strong></span> <span class='ocrx_word' id='word_1_237' title='bbox 749 2098 886 2186; x_wconf 89' lang='lat' dir='ltr'><strong>Deum,</strong></span> <span class='ocrx_word' id='word_1_238' title='bbox 921 2116 974 2172; x_wconf 90' lang='lat' dir='ltr'><strong>est</strong></span> <span class='ocrx_word' id='word_1_239' title='bbox 1006 2101 1157 2173; x_wconf 90' lang='lat' dir='ltr'><strong>illudere</strong></span> <span class='ocrx_word' id='word_1_240' title='bbox 1189 2100 1239 2184; x_wconf 88' lang='lat' dir='ltr'><strong>ei,</strong></span> <span class='ocrx_word' id='word_1_241' title='bbox 1285 2112 1354 2185; x_wconf 81' lang='lat' dir='ltr'><strong>ret.</strong></span> <span class='ocrx_word' id='word_1_242' title='bbox 1411 2096 1603 2190; x_wconf 89' lang='lat' dir='ltr'><strong>Postquam</strong></span> <span class='ocrx_word' id='word_1_243' title='bbox 1638 2096 1747 2186; x_wconf 91' lang='lat' dir='ltr'><strong>igitur</strong></span> <span class='ocrx_word' id='word_1_244' title='bbox 1777 2098 1996 2170; x_wconf 85' lang='lat' dir='ltr'><strong>ostendimus</strong></span> <span class='ocrx_word' id='word_1_245' title='bbox 2032 2101 2171 2192; x_wconf 88' lang='lat' dir='ltr'><strong>placere</strong></span> <span class='ocrx_word' id='word_1_246' title='bbox 2203 2104 2281 2176; x_wconf 92' lang='lat' dir='ltr'><strong>Deo</strong></span> 
     </span>
     <span class='ocr_line' id='line_1_19' title="bbox 249 2198 2282 2297; baseline -0.003 -15"><span class='ocrx_word' id='word_1_247' title='bbox 249 2206 452 2282; x_wconf 87' lang='lat' dir='ltr'><strong>ordinando</strong></span> <span class='ocrx_word' id='word_1_248' title='bbox 478 2203 614 2297; x_wconf 88' lang='lat' dir='ltr'><strong>aliquid</strong></span> <span class='ocrx_word' id='word_1_249' title='bbox 645 2216 828 2295; x_wconf 83' lang='lat' dir='ltr'><strong>praetextu</strong></span> <span class='ocrx_word' id='word_1_250' title='bbox 852 2203 996 2273; x_wconf 90' lang='lat' dir='ltr'><strong>divinae</strong></span> <span class='ocrx_word' id='word_1_251' title='bbox 1028 2203 1238 2274; x_wconf 85' lang='lat' dir='ltr'><strong>autoritatis.</strong></span> <span class='ocrx_word' id='word_1_252' title='bbox 1289 2201 1398 2273; x_wconf 91' lang='lat' dir='ltr'><strong>etiam</strong></span> <span class='ocrx_word' id='word_1_253' title='bbox 1414 2213 1567 2268; x_wconf 89' lang='lat' dir='ltr'><strong>caeteras</strong></span> <span class='ocrx_word' id='word_1_254' title='bbox 1581 2198 1741 2289; x_wconf 86' lang='lat' dir='ltr'><strong>politias,</strong></span> <span class='ocrx_word' id='word_1_255' title='bbox 1765 2200 1881 2270; x_wconf 88' lang='lat' dir='ltr'><strong>bonae</strong></span> <span class='ocrx_word' id='word_1_256' title='bbox 1893 2215 2031 2273; x_wconf 89' lang='lat' dir='ltr'><strong>mentes</strong></span> <span class='ocrx_word' id='word_1_257' title='bbox 2043 2198 2113 2274; x_wconf 93' lang='lat' dir='ltr'><strong>hoc</strong></span> <span class='ocrx_word' id='word_1_258' title='bbox 2128 2205 2282 2296; x_wconf 79' lang='lat' dir='ltr'><strong>diligen·</strong></span> 
     </span>
     <span class='ocr_line' id='line_1_20' title="bbox 249 2300 2283 2402; baseline -0.001 -21"><span class='ocrx_word' id='word_1_259' title='bbox 249 2311 371 2402; x_wconf 86' lang='lat' dir='ltr'><strong>Quare</strong></span> <span class='ocrx_word' id='word_1_260' title='bbox 391 2307 518 2379; x_wconf 89' lang='lat' dir='ltr'><strong>Petrus</strong></span> <span class='ocrx_word' id='word_1_261' title='bbox 540 2327 616 2389; x_wconf 89' lang='lat' dir='ltr'><strong>eos,</strong></span> <span class='ocrx_word' id='word_1_262' title='bbox 637 2304 701 2398; x_wconf 88' lang='lat' dir='ltr'><strong>qui</strong></span> <span class='ocrx_word' id='word_1_263' title='bbox 715 2300 910 2375; x_wconf 88' lang='lat' dir='ltr'><strong>Ecclesiam</strong></span> <span class='ocrx_word' id='word_1_264' title='bbox 932 2308 976 2375; x_wconf 92' lang='lat' dir='ltr'><strong>ad</strong></span> <span class='ocrx_word' id='word_1_265' title='bbox 1000 2306 1111 2395; x_wconf 87' lang='lat' dir='ltr'><strong>legem</strong></span> <span class='ocrx_word' id='word_1_266' title='bbox 1130 2303 1240 2376; x_wconf 90' lang='lat' dir='ltr'><strong>Moisi</strong></span> <span class='ocrx_word' id='word_1_267' title='bbox 1290 2318 1346 2374; x_wconf 91' lang='lat' dir='ltr'><strong>ter</strong></span> <span class='ocrx_word' id='word_1_268' title='bbox 1365 2301 1608 2385; x_wconf 90' lang='lat' dir='ltr'><strong>considerent,</strong></span> <span class='ocrx_word' id='word_1_269' title='bbox 1638 2300 1719 2372; x_wconf 91' lang='lat' dir='ltr'><strong>illas</strong></span> <span class='ocrx_word' id='word_1_270' title='bbox 1741 2326 1884 2396; x_wconf 90' lang='lat' dir='ltr'><strong>quoque</strong></span> <span class='ocrx_word' id='word_1_271' title='bbox 1907 2326 1981 2374; x_wconf 89' lang='lat' dir='ltr'><strong>esse</strong></span> <span class='ocrx_word' id='word_1_272' title='bbox 2003 2302 2070 2376; x_wconf 91' lang='lat' dir='ltr'><strong>Dei</strong></span> <span class='ocrx_word' id='word_1_273' title='bbox 2102 2308 2283 2400; x_wconf 88' lang='lat' dir='ltr'><strong>opificium</strong></span> 
     </span>
     <span class='ocr_line' id='line_1_21' title="bbox 250 2403 2284 2501; baseline -0.004 -19"><span class='ocrx_word' id='word_1_274' title='bbox 250 2413 461 2501; x_wconf 87' lang='lat' dir='ltr'><strong>adigebant,</strong></span> <span class='ocrx_word' id='word_1_275' title='bbox 494 2430 569 2476; x_wconf 92' lang='lat' dir='ltr'><strong>non</strong></span> <span class='ocrx_word' id='word_1_276' title='bbox 597 2406 724 2477; x_wconf 88' lang='lat' dir='ltr'><strong>leviter</strong></span> <span class='ocrx_word' id='word_1_277' title='bbox 749 2429 891 2498; x_wconf 87' lang='lat' dir='ltr'><strong>peccare</strong></span> <span class='ocrx_word' id='word_1_278' title='bbox 919 2409 1086 2480; x_wconf 81' lang='lat' dir='ltr'><strong>ostendit.</strong></span> <span class='ocrx_word' id='word_1_279' title='bbox 1145 2404 1240 2494; x_wconf 87' lang='lat' dir='ltr'><strong>Quia</strong></span> <span class='ocrx_word' id='word_1_280' title='bbox 1291 2428 1354 2475; x_wconf 90' lang='lat' dir='ltr'><strong>seu</strong></span> <span class='ocrx_word' id='word_1_281' title='bbox 1373 2403 1665 2489; x_wconf 77' lang='lat' dir='ltr'><strong>fabricationem,</strong></span> <span class='ocrx_word' id='word_1_282' title='bbox 1691 2417 1733 2475; x_wconf 89' lang='lat' dir='ltr'><strong>ut</strong></span> <span class='ocrx_word' id='word_1_283' title='bbox 1751 2404 1801 2476; x_wconf 92' lang='lat' dir='ltr'><strong>ita</strong></span> <span class='ocrx_word' id='word_1_284' title='bbox 1824 2404 1951 2481; x_wconf 81' lang='lat' dir='ltr'><strong>dicem.</strong></span> <span class='ocrx_word' id='word_1_285' title='bbox 2000 2405 2092 2478; x_wconf 84' lang='lat' dir='ltr'><strong>Nam</strong></span> <span class='ocrx_word' id='word_1_286' title='bbox 2106 2423 2140 2482; x_wconf 80' lang='lat' dir='ltr'><strong>et</strong></span> <span class='ocrx_word' id='word_1_287' title='bbox 2153 2407 2284 2480; x_wconf 79' lang='lat' dir='ltr'><strong>Daniel</strong></span> 
     </span>
     <span class='ocr_line' id='line_1_22' title="bbox 250 2503 2285 2599; baseline -0.003 -13"><span class='ocrx_word' id='word_1_288' title='bbox 250 2514 347 2587; x_wconf 90' lang='lat' dir='ltr'><strong>enim</strong></span> <span class='ocrx_word' id='word_1_289' title='bbox 370 2511 459 2580; x_wconf 82' lang='lat' dir='ltr'><strong>falso</strong></span> <span class='ocrx_word' id='word_1_290' title='bbox 476 2521 687 2599; x_wconf 88' lang='lat' dir='ltr'><strong>praetexunt</strong></span> <span class='ocrx_word' id='word_1_291' title='bbox 704 2507 864 2578; x_wconf 89' lang='lat' dir='ltr'><strong>divinam</strong></span> <span class='ocrx_word' id='word_1_292' title='bbox 885 2509 1130 2595; x_wconf 91' lang='lat' dir='ltr'><strong>autoritatem,</strong></span> <span class='ocrx_word' id='word_1_293' title='bbox 1155 2504 1241 2578; x_wconf 89' lang='lat' dir='ltr'><strong>hor·</strong></span> <span class='ocrx_word' id='word_1_294' title='bbox 1291 2505 1519 2599; x_wconf 85' lang='lat' dir='ltr'><strong>expresseait,</strong></span> <span class='ocrx_word' id='word_1_295' title='bbox 1533 2503 1649 2575; x_wconf 91' lang='lat' dir='ltr'><strong>Deum</strong></span> <span class='ocrx_word' id='word_1_296' title='bbox 1664 2507 1877 2578; x_wconf 89' lang='lat' dir='ltr'><strong>constituere</strong></span> <span class='ocrx_word' id='word_1_297' title='bbox 1886 2532 2009 2599; x_wconf 81' lang='lat' dir='ltr'><strong>regna3</strong></span> <span class='ocrx_word' id='word_1_298' title='bbox 2036 2524 2070 2582; x_wconf 91' lang='lat' dir='ltr'><strong>et</strong></span> <span class='ocrx_word' id='word_1_299' title='bbox 2079 2510 2211 2582; x_wconf 90' lang='lat' dir='ltr'><strong>Paulus</strong></span> <span class='ocrx_word' id='word_1_300' title='bbox 2223 2512 2285 2581; x_wconf 91' lang='lat' dir='ltr'><strong>in-</strong></span> 
     </span>
     <span class='ocr_line' id='line_1_23' title="bbox 247 2605 2285 2705; baseline -0.004 -16"><span class='ocrx_word' id='word_1_301' title='bbox 247 2615 403 2689; x_wconf 88' lang='lat' dir='ltr'><strong>rihiliter</strong></span> <span class='ocrx_word' id='word_1_302' title='bbox 416 2611 574 2681; x_wconf 91' lang='lat' dir='ltr'><strong>illudunt</strong></span> <span class='ocrx_word' id='word_1_303' title='bbox 589 2605 676 2684; x_wconf 86' lang='lat' dir='ltr'><strong>Deo.</strong></span> <span class='ocrx_word' id='word_1_304' title='bbox 718 2605 772 2680; x_wconf 91' lang='lat' dir='ltr'><strong>Ac</strong></span> <span class='ocrx_word' id='word_1_305' title='bbox 788 2610 950 2704; x_wconf 86' lang='lat' dir='ltr'><strong>loquitur</strong></span> <span class='ocrx_word' id='word_1_306' title='bbox 962 2608 1089 2682; x_wconf 91' lang='lat' dir='ltr'><strong>Petrus</strong></span> <span class='ocrx_word' id='word_1_307' title='bbox 1110 2611 1242 2705; x_wconf 89' lang='lat' dir='ltr'><strong>pariter</strong></span> <span class='ocrx_word' id='word_1_308' title='bbox 1292 2608 1383 2704; x_wconf 90' lang='lat' dir='ltr'><strong>quit,</strong></span> <span class='ocrx_word' id='word_1_309' title='bbox 1397 2605 1551 2701; x_wconf 88' lang='lat' dir='ltr'><strong>Imperia</strong></span> <span class='ocrx_word' id='word_1_310' title='bbox 1565 2629 1638 2676; x_wconf 90' lang='lat' dir='ltr'><strong>esse</strong></span> <span class='ocrx_word' id='word_1_311' title='bbox 1653 2608 1897 2681; x_wconf 85' lang='lat' dir='ltr'><strong>ordinationes</strong></span> <span class='ocrx_word' id='word_1_312' title='bbox 1910 2609 1989 2685; x_wconf 86' lang='lat' dir='ltr'><strong>Dei.</strong></span> <span class='ocrx_word' id='word_1_313' title='bbox 2022 2609 2198 2702; x_wconf 87' lang='lat' dir='ltr'><strong>Magnum</strong></span> <span class='ocrx_word' id='word_1_314' title='bbox 2215 2614 2285 2705; x_wconf 92' lang='lat' dir='ltr'><strong>igi-</strong></span> 
     </span>
     <span class='ocr_line' id='line_1_24' title="bbox 252 2710 2284 2806; baseline -0.003 -16"><span class='ocrx_word' id='word_1_315' title='bbox 252 2720 297 2790; x_wconf 90' lang='lat' dir='ltr'><strong>de</strong></span> <span class='ocrx_word' id='word_1_316' title='bbox 317 2713 528 2788; x_wconf 87' lang='lat' dir='ltr'><strong>ceremoniis</strong></span> <span class='ocrx_word' id='word_1_317' title='bbox 552 2724 588 2782; x_wconf 92' lang='lat' dir='ltr'><strong>et</strong></span> <span class='ocrx_word' id='word_1_318' title='bbox 605 2711 649 2780; x_wconf 91' lang='lat' dir='ltr'><strong>de</strong></span> <span class='ocrx_word' id='word_1_319' title='bbox 662 2710 817 2803; x_wconf 88' lang='lat' dir='ltr'><strong>politicis</strong></span> <span class='ocrx_word' id='word_1_320' title='bbox 832 2712 986 2804; x_wconf 85' lang='lat' dir='ltr'><strong>legibus,</strong></span> <span class='ocrx_word' id='word_1_321' title='bbox 1013 2713 1106 2784; x_wconf 89' lang='lat' dir='ltr'><strong>sicut</strong></span> <span class='ocrx_word' id='word_1_322' title='bbox 1118 2713 1241 2806; x_wconf 91' lang='lat' dir='ltr'><strong>dispu·</strong></span> <span class='ocrx_word' id='word_1_323' title='bbox 1291 2725 1352 2783; x_wconf 88' lang='lat' dir='ltr'><strong>tur</strong></span> <span class='ocrx_word' id='word_1_324' title='bbox 1368 2711 1481 2781; x_wconf 88' lang='lat' dir='ltr'><strong>scelus</strong></span> <span class='ocrx_word' id='word_1_325' title='bbox 1495 2723 1558 2795; x_wconf 94' lang='lat' dir='ltr'><strong>est,</strong></span> <span class='ocrx_word' id='word_1_326' title='bbox 1584 2710 1703 2804; x_wconf 87' lang='lat' dir='ltr'><strong>legum</strong></span> <span class='ocrx_word' id='word_1_327' title='bbox 1716 2710 1918 2796; x_wconf 86' lang='lat' dir='ltr'><strong>violatione,</strong></span> <span class='ocrx_word' id='word_1_328' title='bbox 1944 2713 2045 2806; x_wconf 88' lang='lat' dir='ltr'><strong>quasi</strong></span> <span class='ocrx_word' id='word_1_329' title='bbox 2063 2716 2170 2785; x_wconf 90' lang='lat' dir='ltr'><strong>telam</strong></span> <span class='ocrx_word' id='word_1_330' title='bbox 2186 2715 2284 2784; x_wconf 89' lang='lat' dir='ltr'><strong>divi·</strong></span> 
     </span>
     <span class='ocr_line' id='line_1_25' title="bbox 250 2811 2285 2906; baseline -0.003 -14"><span class='ocrx_word' id='word_1_331' title='bbox 250 2819 339 2892; x_wconf 87' lang='lat' dir='ltr'><strong>tatio</strong></span> <span class='ocrx_word' id='word_1_332' title='bbox 367 2818 505 2906; x_wconf 85' lang='lat' dir='ltr'><strong>integra</strong></span> <span class='ocrx_word' id='word_1_333' title='bbox 533 2825 699 2899; x_wconf 89' lang='lat' dir='ltr'><strong>testatur,</strong></span> <span class='ocrx_word' id='word_1_334' title='bbox 732 2814 797 2884; x_wconf 92' lang='lat' dir='ltr'><strong>ubi</strong></span> <span class='ocrx_word' id='word_1_335' title='bbox 820 2813 974 2906; x_wconf 86' lang='lat' dir='ltr'><strong>allegant</strong></span> <span class='ocrx_word' id='word_1_336' title='bbox 998 2816 1241 2887; x_wconf 89' lang='lat' dir='ltr'><strong>testimonium</strong></span> <span class='ocrx_word' id='word_1_337' title='bbox 1291 2814 1390 2885; x_wconf 88' lang='lat' dir='ltr'><strong>nitus</strong></span> <span class='ocrx_word' id='word_1_338' title='bbox 1415 2825 1545 2884; x_wconf 80' lang='lat' dir='ltr'><strong>textam</strong></span> <span class='ocrx_word' id='word_1_339' title='bbox 1566 2812 1777 2898; x_wconf 87' lang='lat' dir='ltr'><strong>dilacerare,</strong></span> <span class='ocrx_word' id='word_1_340' title='bbox 1809 2811 1844 2883; x_wconf 91' lang='lat' dir='ltr'><strong>id</strong></span> <span class='ocrx_word' id='word_1_341' title='bbox 1867 2815 1962 2906; x_wconf 88' lang='lat' dir='ltr'><strong>quod</strong></span> <span class='ocrx_word' id='word_1_342' title='bbox 1982 2811 2157 2886; x_wconf 89' lang='lat' dir='ltr'><strong>Diabolus</strong></span> <span class='ocrx_word' id='word_1_343' title='bbox 2182 2817 2285 2887; x_wconf 88' lang='lat' dir='ltr'><strong>miris</strong></span> 
     </span>
     <span class='ocr_line' id='line_1_26' title="bbox 249 2907 2284 3016; baseline -0.002 -24"><span class='ocrx_word' id='word_1_344' title='bbox 249 2922 408 3016; x_wconf 87' lang='lat' dir='ltr'><strong>Spiritus</strong></span> <span class='ocrx_word' id='word_1_345' title='bbox 422 2916 551 2998; x_wconf 90' lang='lat' dir='ltr'><strong>sancti,</strong></span> <span class='ocrx_word' id='word_1_346' title='bbox 578 2917 673 3010; x_wconf 86' lang='lat' dir='ltr'><strong>quod</strong></span> <span class='ocrx_word' id='word_1_347' title='bbox 688 2912 823 2987; x_wconf 84' lang='lat' dir='ltr'><strong>Gentes</strong></span> <span class='ocrx_word' id='word_1_348' title='bbox 837 2907 983 3010; x_wconf 85' lang='lat' dir='ltr'><strong>prorsus</strong></span> <span class='ocrx_word' id='word_1_349' title='bbox 995 2917 1129 2987; x_wconf 90' lang='lat' dir='ltr'><strong>alienas</strong></span> <span class='ocrx_word' id='word_1_350' title='bbox 1144 2942 1162 2987; x_wconf 94' lang='lat' dir='ltr'><strong>a</strong></span> <span class='ocrx_word' id='word_1_351' title='bbox 1177 2941 1244 3011; x_wconf 92' lang='lat' dir='ltr'><strong>po-</strong></span> <span class='ocrx_word' id='word_1_352' title='bbox 1293 2915 1411 2985; x_wconf 90' lang='lat' dir='ltr'><strong>modis</strong></span> <span class='ocrx_word' id='word_1_353' title='bbox 1427 2929 1586 2986; x_wconf 89' lang='lat' dir='ltr'><strong>conatur.</strong></span> <span class='ocrx_word' id='word_1_354' title='bbox 1640 2913 1741 3003; x_wconf 90' lang='lat' dir='ltr'><strong>Quid</strong></span> <span class='ocrx_word' id='word_1_355' title='bbox 1754 2917 1849 2985; x_wconf 88' lang='lat' dir='ltr'><strong>enirn</strong></span> <span class='ocrx_word' id='word_1_356' title='bbox 1863 2909 2057 3007; x_wconf 88' lang='lat' dir='ltr'><strong>pulchrius,</strong></span> <span class='ocrx_word' id='word_1_357' title='bbox 2079 2919 2168 3009; x_wconf 89' lang='lat' dir='ltr'><strong>quid</strong></span> <span class='ocrx_word' id='word_1_358' title='bbox 2183 2943 2284 2988; x_wconf 91' lang='lat' dir='ltr'><strong>ama-</strong></span> 
     </span>
     <span class='ocr_line' id='line_1_27' title="bbox 248 3011 2283 3111; baseline -0.002 -16"><span class='ocrx_word' id='word_1_359' title='bbox 248 3025 329 3097; x_wconf 92' lang='lat' dir='ltr'><strong>litia</strong></span> <span class='ocrx_word' id='word_1_360' title='bbox 349 3020 459 3092; x_wconf 89' lang='lat' dir='ltr'><strong>Moisi</strong></span> <span class='ocrx_word' id='word_1_361' title='bbox 476 3021 573 3092; x_wconf 92' lang='lat' dir='ltr'><strong>Deus</strong></span> <span class='ocrx_word' id='word_1_362' title='bbox 587 3018 728 3090; x_wconf 83' lang='lat' dir='ltr'><strong>vocavit</strong></span> <span class='ocrx_word' id='word_1_363' title='bbox 745 3031 781 3090; x_wconf 92' lang='lat' dir='ltr'><strong>et</strong></span> <span class='ocrx_word' id='word_1_364' title='bbox 802 3020 947 3091; x_wconf 85' lang='lat' dir='ltr'><strong>tandem</strong></span> <span class='ocrx_word' id='word_1_365' title='bbox 963 3020 1094 3094; x_wconf 86' lang='lat' dir='ltr'><strong>diserte</strong></span> <span class='ocrx_word' id='word_1_366' title='bbox 1118 3020 1245 3090; x_wconf 88' lang='lat' dir='ltr'><strong>iubent</strong></span> <span class='ocrx_word' id='word_1_367' title='bbox 1293 3019 1402 3090; x_wconf 89' lang='lat' dir='ltr'><strong>bilius</strong></span> <span class='ocrx_word' id='word_1_368' title='bbox 1424 3031 1516 3089; x_wconf 90' lang='lat' dir='ltr'><strong>esset</strong></span> <span class='ocrx_word' id='word_1_369' title='bbox 1535 3017 1714 3111; x_wconf 90' lang='lat' dir='ltr'><strong>imperiis,</strong></span> <span class='ocrx_word' id='word_1_370' title='bbox 1747 3017 1778 3085; x_wconf 90' lang='lat' dir='ltr'><strong>si</strong></span> <span class='ocrx_word' id='word_1_371' title='bbox 1803 3011 1991 3088; x_wconf 87' lang='lat' dir='ltr'><strong>harmonia</strong></span> <span class='ocrx_word' id='word_1_372' title='bbox 2012 3019 2186 3090; x_wconf 87' lang='lat' dir='ltr'><strong>societatis</strong></span> <span class='ocrx_word' id='word_1_373' title='bbox 2212 3015 2283 3091; x_wconf 90' lang='lat' dir='ltr'><strong>hu-</strong></span> 
     </span>
     <span class='ocr_line' id='line_1_28' title="bbox 249 3113 2283 3218; baseline -0.002 -22"><span class='ocrx_word' id='word_1_374' title='bbox 249 3121 345 3196; x_wconf 91' lang='lat' dir='ltr'><strong>nihil</strong></span> <span class='ocrx_word' id='word_1_375' title='bbox 362 3122 501 3214; x_wconf 90' lang='lat' dir='ltr'><strong>imponi</strong></span> <span class='ocrx_word' id='word_1_376' title='bbox 516 3118 707 3207; x_wconf 88' lang='lat' dir='ltr'><strong>Gentibus,</strong></span> <span class='ocrx_word' id='word_1_377' title='bbox 730 3134 870 3211; x_wconf 90' lang='lat' dir='ltr'><strong>praeter</strong></span> <span class='ocrx_word' id='word_1_378' title='bbox 884 3146 924 3193; x_wconf 90' lang='lat' dir='ltr'><strong>ea</strong></span> <span class='ocrx_word' id='word_1_379' title='bbox 938 3146 1028 3218; x_wconf 84' lang='lat' dir='ltr'><strong>quae</strong></span> <span class='ocrx_word' id='word_1_380' title='bbox 1048 3122 1167 3192; x_wconf 88' lang='lat' dir='ltr'><strong>in&#39;illo</strong></span> <span class='ocrx_word' id='word_1_381' title='bbox 1181 3123 1243 3192; x_wconf 93' lang='lat' dir='ltr'><strong>de·</strong></span> <span class='ocrx_word' id='word_1_382' title='bbox 1293 3143 1419 3191; x_wconf 89' lang='lat' dir='ltr'><strong>manae</strong></span> <span class='ocrx_word' id='word_1_383' title='bbox 1438 3144 1526 3190; x_wconf 89' lang='lat' dir='ltr'><strong>non·</strong></span> <span class='ocrx_word' id='word_1_384' title='bbox 1536 3117 1861 3191; x_wconf 77' lang='lat' dir='ltr'><strong>interturbaretur?</strong></span> <span class='ocrx_word' id='word_1_385' title='bbox 1900 3118 1941 3192; x_wconf 88' lang='lat' dir='ltr'><strong>si</strong></span> <span class='ocrx_word' id='word_1_386' title='bbox 1965 3113 2144 3214; x_wconf 86' lang='lat' dir='ltr'><strong>principes</strong></span> <span class='ocrx_word' id='word_1_387' title='bbox 2162 3145 2283 3191; x_wconf 81' lang='lat' dir='ltr'><strong>veram</strong></span> 
     </span>
     <span class='ocr_line' id='line_1_29' title="bbox 251 3220 2288 3319; baseline -0.001 -25"><span class='ocrx_word' id='word_1_388' title='bbox 251 3237 347 3300; x_wconf 89' lang='lat' dir='ltr'><strong>creto</strong></span> <span class='ocrx_word' id='word_1_389' title='bbox 365 3223 609 3292; x_wconf 90' lang='lat' dir='ltr'><strong>eontinentur:</strong></span> <span class='ocrx_word' id='word_1_390' title='bbox 636 3235 672 3292; x_wconf 92' lang='lat' dir='ltr'><strong>et</strong></span> <span class='ocrx_word' id='word_1_391' title='bbox 686 3223 839 3312; x_wconf 89' lang='lat' dir='ltr'><strong>allegant</strong></span> <span class='ocrx_word' id='word_1_392' title='bbox 853 3220 1019 3316; x_wconf 89' lang='lat' dir='ltr'><strong>Apostoli</strong></span> <span class='ocrx_word' id='word_1_393' title='bbox 1032 3225 1242 3319; x_wconf 89' lang='lat' dir='ltr'><strong>scripturam</strong></span> <span class='ocrx_word' id='word_1_394' title='bbox 1293 3221 1502 3313; x_wconf 89' lang='lat' dir='ltr'><strong>religionem</strong></span> <span class='ocrx_word' id='word_1_395' title='bbox 1517 3222 1705 3315; x_wconf 87' lang='lat' dir='ltr'><strong>propagari</strong></span> <span class='ocrx_word' id='word_1_396' title='bbox 1730 3234 1898 3294; x_wconf 85' lang='lat' dir='ltr'><strong>curarent</strong></span> <span class='ocrx_word' id='word_1_397' title='bbox 1921 3246 1962 3292; x_wconf 92' lang='lat' dir='ltr'><strong>ac</strong></span> <span class='ocrx_word' id='word_1_398' title='bbox 1980 3223 2231 3309; x_wconf 78' lang='lat' dir='ltr'><strong>defenderent,</strong></span> <span class='ocrx_word' id='word_1_399' title='bbox 2254 3223 2288 3294; x_wconf 90' lang='lat' dir='ltr'><strong>si</strong></span> 
     </span>
     <span class='ocr_line' id='line_1_30' title="bbox 252 3319 2288 3419; baseline -0.002 -17"><span class='ocrx_word' id='word_1_400' title='bbox 252 3326 389 3402; x_wconf 89' lang='lat' dir='ltr'><strong>Gentes</strong></span> <span class='ocrx_word' id='word_1_401' title='bbox 405 3324 519 3394; x_wconf 90' lang='lat' dir='ltr'><strong>salvas</strong></span> <span class='ocrx_word' id='word_1_402' title='bbox 539 3322 628 3395; x_wconf 81' lang='lat' dir='ltr'><strong>sore.</strong></span> <span class='ocrx_word' id='word_1_403' title='bbox 679 3319 829 3414; x_wconf 90' lang='lat' dir='ltr'><strong>Proprie</strong></span> <span class='ocrx_word' id='word_1_404' title='bbox 852 3340 968 3396; x_wconf 90' lang='lat' dir='ltr'><strong>autem</strong></span> <span class='ocrx_word' id='word_1_405' title='bbox 990 3340 1245 3419; x_wconf 87' lang='lat' dir='ltr'><strong>nuncupantur</strong></span> <span class='ocrx_word' id='word_1_406' title='bbox 1294 3346 1410 3394; x_wconf 90' lang='lat' dir='ltr'><strong>mores</strong></span> <span class='ocrx_word' id='word_1_407' title='bbox 1425 3324 1557 3395; x_wconf 88' lang='lat' dir='ltr'><strong>civium</strong></span> <span class='ocrx_word' id='word_1_408' title='bbox 1572 3325 1760 3415; x_wconf 89' lang='lat' dir='ltr'><strong>diligenter</strong></span> <span class='ocrx_word' id='word_1_409' title='bbox 1772 3337 1952 3414; x_wconf 89' lang='lat' dir='ltr'><strong>regerent,</strong></span> <span class='ocrx_word' id='word_1_410' title='bbox 1976 3323 2288 3398; x_wconf 80' lang='lat' dir='ltr'><strong>sicontroversias</strong></span> 
     </span>
     <span class='ocr_line' id='line_1_31' title="bbox 252 3417 2288 3521; baseline -0.002 -17"><span class='ocrx_word' id='word_1_411' title='bbox 252 3428 398 3513; x_wconf 89' lang='lat' dir='ltr'><strong>Gentes,</strong></span> <span class='ocrx_word' id='word_1_412' title='bbox 419 3449 510 3521; x_wconf 91' lang='lat' dir='ltr'><strong>quae</strong></span> <span class='ocrx_word' id='word_1_413' title='bbox 532 3447 608 3493; x_wconf 90' lang='lat' dir='ltr'><strong>non</strong></span> <span class='ocrx_word' id='word_1_414' title='bbox 633 3417 766 3494; x_wconf 91' lang='lat' dir='ltr'><strong>habent</strong></span> <span class='ocrx_word' id='word_1_415' title='bbox 787 3423 950 3516; x_wconf 90' lang='lat' dir='ltr'><strong>politiam</strong></span> <span class='ocrx_word' id='word_1_416' title='bbox 974 3425 1100 3497; x_wconf 89' lang='lat' dir='ltr'><strong>Moisi:</strong></span> <span class='ocrx_word' id='word_1_417' title='bbox 1136 3451 1245 3520; x_wconf 91' lang='lat' dir='ltr'><strong>quare</strong></span> <span class='ocrx_word' id='word_1_418' title='bbox 1294 3437 1559 3515; x_wconf 89' lang='lat' dir='ltr'><strong>cognoscerent,</strong></span> <span class='ocrx_word' id='word_1_419' title='bbox 1583 3439 1617 3496; x_wconf 93' lang='lat' dir='ltr'><strong>et</strong></span> <span class='ocrx_word' id='word_1_420' title='bbox 1631 3428 1746 3498; x_wconf 91' lang='lat' dir='ltr'><strong>bonos</strong></span> <span class='ocrx_word' id='word_1_421' title='bbox 1762 3439 1955 3511; x_wconf 89' lang='lat' dir='ltr'><strong>tuerentur,</strong></span> <span class='ocrx_word' id='word_1_422' title='bbox 1980 3451 2021 3497; x_wconf 92' lang='lat' dir='ltr'><strong>ae</strong></span> <span class='ocrx_word' id='word_1_423' title='bbox 2037 3423 2288 3520; x_wconf 85' lang='lat' dir='ltr'><strong>proveherent,</strong></span> 
     </span>
     <span class='ocr_line' id='line_1_32' title="bbox 252 3522 2287 3621; baseline -0 -18"><span class='ocrx_word' id='word_1_424' title='bbox 252 3556 328 3603; x_wconf 90' lang='lat' dir='ltr'><strong>nou</strong></span> <span class='ocrx_word' id='word_1_425' title='bbox 358 3551 498 3600; x_wconf 89' lang='lat' dir='ltr'><strong>necesse</strong></span> <span class='ocrx_word' id='word_1_426' title='bbox 525 3525 596 3597; x_wconf 83' lang='lat' dir='ltr'><strong>init</strong></span> <span class='ocrx_word' id='word_1_427' title='bbox 615 3522 795 3597; x_wconf 89' lang='lat' dir='ltr'><strong>Gentibus</strong></span> <span class='ocrx_word' id='word_1_428' title='bbox 823 3524 936 3615; x_wconf 88' lang='lat' dir='ltr'><strong>legem</strong></span> <span class='ocrx_word' id='word_1_429' title='bbox 958 3524 1069 3597; x_wconf 90' lang='lat' dir='ltr'><strong>Moisi</strong></span> <span class='ocrx_word' id='word_1_430' title='bbox 1095 3528 1245 3619; x_wconf 76' lang='lat' dir='ltr'><strong>imponi,</strong></span> <span class='ocrx_word' id='word_1_431' title='bbox 1295 3527 1478 3619; x_wconf 86' lang='lat' dir='ltr'><strong>improbos</strong></span> <span class='ocrx_word' id='word_1_432' title='bbox 1500 3551 1585 3599; x_wconf 87' lang='lat' dir='ltr'><strong>vero</strong></span> <span class='ocrx_word' id='word_1_433' title='bbox 1605 3525 1833 3600; x_wconf 88' lang='lat' dir='ltr'><strong>cohercerent</strong></span> <span class='ocrx_word' id='word_1_434' title='bbox 1849 3552 1889 3599; x_wconf 89' lang='lat' dir='ltr'><strong>ac</strong></span> <span class='ocrx_word' id='word_1_435' title='bbox 1910 3529 2106 3621; x_wconf 85' lang='lat' dir='ltr'><strong>punirent?</strong></span> <span class='ocrx_word' id='word_1_436' title='bbox 2137 3528 2178 3602; x_wconf 90' lang='lat' dir='ltr'><strong>Si</strong></span> <span class='ocrx_word' id='word_1_437' title='bbox 2192 3530 2287 3602; x_wconf 80' lang='lat' dir='ltr'><strong>cives</strong></span> 
     </span>
     <span class='ocr_line' id='line_1_33' title="bbox 199 3624 2287 3723; baseline -0.002 -16"><span class='ocrx_word' id='word_1_438' title='bbox 199 3674 201 3680; x_wconf 94' lang='lat'>·</span> <span class='ocrx_word' id='word_1_439' title='bbox 251 3633 359 3708; x_wconf 83' lang='lat' dir='ltr'><strong>Addo</strong></span> <span class='ocrx_word' id='word_1_440' title='bbox 376 3644 412 3703; x_wconf 89' lang='lat' dir='ltr'><strong>ct</strong></span> <span class='ocrx_word' id='word_1_441' title='bbox 426 3631 522 3702; x_wconf 90' lang='lat' dir='ltr'><strong>aliud</strong></span> <span class='ocrx_word' id='word_1_442' title='bbox 538 3626 801 3701; x_wconf 86' lang='lat' dir='ltr'><strong>testimonium:</strong></span> <span class='ocrx_word' id='word_1_443' title='bbox 826 3624 886 3699; x_wconf 94' lang='lat' dir='ltr'><strong>Ad</strong></span> <span class='ocrx_word' id='word_1_444' title='bbox 903 3624 1244 3723; x_wconf 84' lang='lat' dir='ltr'><strong>Ebraeosscriptum</strong></span> <span class='ocrx_word' id='word_1_445' title='bbox 1296 3642 1412 3701; x_wconf 91' lang='lat' dir='ltr'><strong>essent</strong></span> <span class='ocrx_word' id='word_1_446' title='bbox 1429 3631 1622 3701; x_wconf 88' lang='lat' dir='ltr'><strong>concordes</strong></span> <span class='ocrx_word' id='word_1_447' title='bbox 1637 3645 1672 3703; x_wconf 89' lang='lat' dir='ltr'><strong>et</strong></span> <span class='ocrx_word' id='word_1_448' title='bbox 1686 3634 1845 3701; x_wconf 88' lang='lat' dir='ltr'><strong>modeste</strong></span> <span class='ocrx_word' id='word_1_449' title='bbox 1859 3644 2036 3723; x_wconf 86' lang='lat' dir='ltr'><strong>parerent,</strong></span> <span class='ocrx_word' id='word_1_450' title='bbox 2058 3631 2090 3703; x_wconf 89' lang='lat' dir='ltr'><strong>si</strong></span> <span class='ocrx_word' id='word_1_451' title='bbox 2106 3626 2287 3703; x_wconf 78' lang='lat' dir='ltr'><strong>Ecclesiae</strong></span> 
     </span>
     <span class='ocr_line' id='line_1_34' title="bbox 251 3728 2288 3827; baseline -0.003 -17"><span class='ocrx_word' id='word_1_452' title='bbox 251 3749 325 3824; x_wconf 87' lang='lat' dir='ltr'><strong>est,</strong></span> <span class='ocrx_word' id='word_1_453' title='bbox 355 3735 468 3826; x_wconf 89' lang='lat' dir='ltr'><strong>legem</strong></span> <span class='ocrx_word' id='word_1_454' title='bbox 482 3731 594 3803; x_wconf 88' lang='lat' dir='ltr'><strong>Moisi</strong></span> <span class='ocrx_word' id='word_1_455' title='bbox 616 3728 815 3804; x_wconf 89' lang='lat' dir='ltr'><strong>institutam</strong></span> <span class='ocrx_word' id='word_1_456' title='bbox 831 3753 906 3801; x_wconf 87' lang='lat' dir='ltr'><strong>esse</strong></span> <span class='ocrx_word' id='word_1_457' title='bbox 918 3755 1032 3827; x_wconf 91' lang='lat' dir='ltr'><strong>usque</strong></span> <span class='ocrx_word' id='word_1_458' title='bbox 1047 3733 1091 3802; x_wconf 90' lang='lat' dir='ltr'><strong>ad</strong></span> <span class='ocrx_word' id='word_1_459' title='bbox 1107 3730 1245 3825; x_wconf 82' lang='lat' dir='ltr'><strong>tempus</strong></span> <span class='ocrx_word' id='word_1_460' title='bbox 1296 3744 1412 3803; x_wconf 87' lang='lat' dir='ltr'><strong>essent</strong></span> <span class='ocrx_word' id='word_1_461' title='bbox 1442 3732 1657 3825; x_wconf 87' lang='lat' dir='ltr'><strong>tranquillae</strong></span> <span class='ocrx_word' id='word_1_462' title='bbox 1683 3747 1718 3805; x_wconf 92' lang='lat' dir='ltr'><strong>et</strong></span> <span class='ocrx_word' id='word_1_463' title='bbox 1741 3747 1834 3804; x_wconf 88' lang='lat' dir='ltr'><strong>reete</strong></span> <span class='ocrx_word' id='word_1_464' title='bbox 1859 3733 2163 3824; x_wconf 69' lang='lat' dir='ltr'><strong>gubernarentur,</strong></span> <span class='ocrx_word' id='word_1_465' title='bbox 2192 3734 2223 3806; x_wconf 92' lang='lat' dir='ltr'><strong>si</strong></span> <span class='ocrx_word' id='word_1_466' title='bbox 2246 3733 2288 3805; x_wconf 90' lang='lat' dir='ltr'><strong>in</strong></span> 
     </span>
     <span class='ocr_line' id='line_1_35' title="bbox 251 3828 2289 3928; baseline -0.003 -17"><span class='ocrx_word' id='word_1_467' title='bbox 251 3841 425 3913; x_wconf 86' lang='lat' dir='ltr'><strong>adventus</strong></span> <span class='ocrx_word' id='word_1_468' title='bbox 439 3828 592 3920; x_wconf 85' lang='lat' dir='ltr'><strong>Christi3</strong></span> <span class='ocrx_word' id='word_1_469' title='bbox 623 3855 705 3925; x_wconf 88' lang='lat' dir='ltr'><strong>ergo</strong></span> <span class='ocrx_word' id='word_1_470' title='bbox 729 3832 854 3925; x_wconf 91' lang='lat' dir='ltr'><strong>politia</strong></span> <span class='ocrx_word' id='word_1_471' title='bbox 877 3833 941 3904; x_wconf 91' lang='lat' dir='ltr'><strong>illa</strong></span> <span class='ocrx_word' id='word_1_472' title='bbox 956 3848 1034 3926; x_wconf 91' lang='lat' dir='ltr'><strong>post</strong></span> <span class='ocrx_word' id='word_1_473' title='bbox 1051 3836 1088 3905; x_wconf 92' lang='lat' dir='ltr'><strong>id</strong></span> <span class='ocrx_word' id='word_1_474' title='bbox 1106 3849 1246 3928; x_wconf 87' lang='lat' dir='ltr'><strong>tempus</strong></span> <span class='ocrx_word' id='word_1_475' title='bbox 1295 3829 1427 3905; x_wconf 86' lang='lat' dir='ltr'><strong>scholis</strong></span> <span class='ocrx_word' id='word_1_476' title='bbox 1448 3847 1540 3905; x_wconf 89' lang='lat' dir='ltr'><strong>artes</strong></span> <span class='ocrx_word' id='word_1_477' title='bbox 1565 3836 1672 3908; x_wconf 89' lang='lat' dir='ltr'><strong>utiles</strong></span> <span class='ocrx_word' id='word_1_478' title='bbox 1705 3837 1931 3908; x_wconf 87' lang='lat' dir='ltr'><strong>traderentur</strong></span> <span class='ocrx_word' id='word_1_479' title='bbox 1957 3850 1993 3909; x_wconf 93' lang='lat' dir='ltr'><strong>et</strong></span> <span class='ocrx_word' id='word_1_480' title='bbox 2021 3836 2210 3928; x_wconf 89' lang='lat' dir='ltr'><strong>disciplina</strong></span> <span class='ocrx_word' id='word_1_481' title='bbox 2232 3859 2289 3906; x_wconf 88' lang='lat' dir='ltr'><strong>se-</strong></span> 
     </span>
     <span class='ocr_line' id='line_1_36' title="bbox 252 3932 2288 4014; baseline -0.002 -1"><span class='ocrx_word' id='word_1_482' title='bbox 252 3966 329 4014; x_wconf 92' lang='lat' dir='ltr'><strong>non</strong></span> <span class='ocrx_word' id='word_1_483' title='bbox 353 3952 407 4012; x_wconf 89' lang='lat' dir='ltr'><strong>est</strong></span> <span class='ocrx_word' id='word_1_484' title='bbox 429 3936 635 4008; x_wconf 90' lang='lat' dir='ltr'><strong>necessaria.</strong></span> <span class='ocrx_word' id='word_1_485' title='bbox 696 3933 876 4009; x_wconf 88' lang='lat' dir='ltr'><strong>Discernit</strong></span> <span class='ocrx_word' id='word_1_486' title='bbox 899 3949 934 4008; x_wconf 91' lang='lat' dir='ltr'><strong>et</strong></span> <span class='ocrx_word' id='word_1_487' title='bbox 955 3932 1120 4010; x_wconf 87' lang='lat' dir='ltr'><strong>Christus</strong></span> <span class='ocrx_word' id='word_1_488' title='bbox 1141 3962 1245 4009; x_wconf 88' lang='lat' dir='ltr'><strong>suurn</strong></span> <span class='ocrx_word' id='word_1_489' title='bbox 1297 3960 1380 4007; x_wconf 89' lang='lat' dir='ltr'><strong>vere</strong></span> <span class='ocrx_word' id='word_1_490' title='bbox 1409 3937 1646 4009; x_wconf 79' lang='lat' dir='ltr'><strong>retineretur?</strong></span> <span class='ocrx_word' id='word_1_491' title='bbox 1683 3933 1744 4009; x_wconf 91' lang='lat' dir='ltr'><strong>An</strong></span> <span class='ocrx_word' id='word_1_492' title='bbox 1767 3963 1841 4009; x_wconf 90' lang='lat' dir='ltr'><strong>non</strong></span> <span class='ocrx_word' id='word_1_493' title='bbox 1866 3939 1947 4010; x_wconf 89' lang='lat' dir='ltr'><strong>talis</strong></span> <span class='ocrx_word' id='word_1_494' title='bbox 1970 3953 2078 4011; x_wconf 91' lang='lat' dir='ltr'><strong>status</strong></span> <span class='ocrx_word' id='word_1_495' title='bbox 2106 3951 2195 4008; x_wconf 88' lang='lat' dir='ltr'><strong>esset</strong></span> <span class='ocrx_word' id='word_1_496' title='bbox 2221 3937 2288 4009; x_wconf 90' lang='lat' dir='ltr'><strong>illa</strong></span> 
     </span>
     <span class='ocr_line' id='line_1_37' title="bbox 251 4034 2290 4135; baseline -0.002 -19"><span class='ocrx_word' id='word_1_497' title='bbox 251 4066 403 4134; x_wconf 85' lang='lat' dir='ltr'><strong>regnum</strong></span> <span class='ocrx_word' id='word_1_498' title='bbox 417 4065 437 4112; x_wconf 89' lang='lat' dir='ltr'><strong>a</strong></span> <span class='ocrx_word' id='word_1_499' title='bbox 451 4040 643 4131; x_wconf 90' lang='lat' dir='ltr'><strong>corporali,</strong></span> <span class='ocrx_word' id='word_1_500' title='bbox 666 4063 748 4109; x_wconf 92' lang='lat' dir='ltr'><strong>cum</strong></span> <span class='ocrx_word' id='word_1_501' title='bbox 764 4038 830 4110; x_wconf 88' lang='lat' dir='ltr'><strong>ait:</strong></span> <span class='ocrx_word' id='word_1_502' title='bbox 855 4034 1025 4129; x_wconf 83' lang='lat' dir='ltr'><strong>Regnum</strong></span> <span class='ocrx_word' id='word_1_503' title='bbox 1036 4065 1155 4112; x_wconf 90' lang='lat' dir='ltr'><strong>meum</strong></span> <span class='ocrx_word' id='word_1_504' title='bbox 1170 4064 1246 4110; x_wconf 89' lang='lat' dir='ltr'><strong>non</strong></span> <span class='ocrx_word' id='word_1_505' title='bbox 1297 4062 1402 4110; x_wconf 90' lang='lat' dir='ltr'><strong>aurea</strong></span> <span class='ocrx_word' id='word_1_506' title='bbox 1425 4052 1539 4122; x_wconf 89' lang='lat' dir='ltr'><strong>actas,</strong></span> <span class='ocrx_word' id='word_1_507' title='bbox 1563 4062 1671 4135; x_wconf 88' lang='lat' dir='ltr'><strong>quam</strong></span> <span class='ocrx_word' id='word_1_508' title='bbox 1688 4039 1816 4114; x_wconf 79' lang='lat' dir='ltr'><strong>Poetae</strong></span> <span class='ocrx_word' id='word_1_509' title='bbox 1840 4040 2066 4112; x_wconf 84' lang='lat' dir='ltr'><strong>describunt?</strong></span> <span class='ocrx_word' id='word_1_510' title='bbox 2099 4036 2172 4111; x_wconf 75' lang='lat' dir='ltr'><strong>tlte</strong></span> <span class='ocrx_word' id='word_1_511' title='bbox 2196 4040 2290 4111; x_wconf 89' lang='lat' dir='ltr'><strong>ordo</strong></span> 
     </span>
     <span class='ocr_line' id='line_1_38' title="bbox 254 4137 2289 4237; baseline -0.002 -19"><span class='ocrx_word' id='word_1_512' title='bbox 254 4147 366 4218; x_wconf 89' lang='lat' dir='ltr'><strong>estde</strong></span> <span class='ocrx_word' id='word_1_513' title='bbox 387 4138 625 4214; x_wconf 86' lang='lat' dir='ltr'><strong>boemundo.</strong></span> <span class='ocrx_word' id='word_1_514' title='bbox 677 4137 754 4208; x_wconf 89' lang='lat' dir='ltr'><strong>huo</strong></span> <span class='ocrx_word' id='word_1_515' title='bbox 768 4151 809 4210; x_wconf 91' lang='lat' dir='ltr'><strong>ut</strong></span> <span class='ocrx_word' id='word_1_516' title='bbox 827 4140 957 4211; x_wconf 88' lang='lat' dir='ltr'><strong>milites</strong></span> <span class='ocrx_word' id='word_1_517' title='bbox 972 4137 1155 4214; x_wconf 87' lang='lat' dir='ltr'><strong>Christum</strong></span> <span class='ocrx_word' id='word_1_518' title='bbox 1172 4144 1246 4235; x_wconf 91' lang='lat' dir='ltr'><strong>spi·</strong></span> <span class='ocrx_word' id='word_1_519' title='bbox 1298 4155 1350 4212; x_wconf 89' lang='lat' dir='ltr'><strong>est</strong></span> <span class='ocrx_word' id='word_1_520' title='bbox 1366 4141 1598 4234; x_wconf 84' lang='lat' dir='ltr'><strong>imperiorum</strong></span> <span class='ocrx_word' id='word_1_521' title='bbox 1614 4143 1789 4214; x_wconf 85' lang='lat' dir='ltr'><strong>divinitus</strong></span> <span class='ocrx_word' id='word_1_522' title='bbox 1806 4144 2005 4230; x_wconf 88' lang='lat' dir='ltr'><strong>institutus,</strong></span> <span class='ocrx_word' id='word_1_523' title='bbox 2019 4157 2173 4237; x_wconf 84' lang='lat' dir='ltr'><strong>etqnem</strong></span> <span class='ocrx_word' id='word_1_524' title='bbox 2189 4138 2289 4214; x_wconf 89' lang='lat' dir='ltr'><strong>Deus</strong></span> 
     </span>
     <span class='ocr_line' id='line_1_39' title="bbox 255 4239 2289 4340; baseline -0.001 -23"><span class='ocrx_word' id='word_1_525' title='bbox 255 4247 312 4317; x_wconf 90' lang='lat' dir='ltr'><strong>nis</strong></span> <span class='ocrx_word' id='word_1_526' title='bbox 325 4255 502 4316; x_wconf 88' lang='lat' dir='ltr'><strong>coronant</strong></span> <span class='ocrx_word' id='word_1_527' title='bbox 514 4255 550 4312; x_wconf 93' lang='lat' dir='ltr'><strong>et</strong></span> <span class='ocrx_word' id='word_1_528' title='bbox 562 4240 744 4330; x_wconf 88' lang='lat' dir='ltr'><strong>conligunt</strong></span> <span class='ocrx_word' id='word_1_529' title='bbox 757 4251 792 4309; x_wconf 94' lang='lat' dir='ltr'><strong>et</strong></span> <span class='ocrx_word' id='word_1_530' title='bbox 806 4239 846 4309; x_wconf 92' lang='lat' dir='ltr'><strong>in</strong></span> <span class='ocrx_word' id='word_1_531' title='bbox 863 4264 1021 4332; x_wconf 88' lang='lat' dir='ltr'><strong>purpura</strong></span> <span class='ocrx_word' id='word_1_532' title='bbox 1042 4246 1247 4325; x_wconf 89' lang='lat' dir='ltr'><strong>traducunt,</strong></span> <span class='ocrx_word' id='word_1_533' title='bbox 1298 4258 1499 4325; x_wconf 86' lang='lat' dir='ltr'><strong>conservat,</strong></span> <span class='ocrx_word' id='word_1_534' title='bbox 1522 4259 1697 4340; x_wconf 88' lang='lat' dir='ltr'><strong>quatenus</strong></span> <span class='ocrx_word' id='word_1_535' title='bbox 1711 4247 1806 4316; x_wconf 92' lang='lat' dir='ltr'><strong>bona</strong></span> <span class='ocrx_word' id='word_1_536' title='bbox 1820 4260 1977 4317; x_wconf 80' lang='lat' dir='ltr'><strong>manent.</strong></span> <span class='ocrx_word' id='word_1_537' title='bbox 2027 4245 2099 4319; x_wconf 86' lang='lat' dir='ltr'><strong>Sed</strong></span> <span class='ocrx_word' id='word_1_538' title='bbox 2111 4241 2289 4316; x_wconf 89' lang='lat' dir='ltr'><strong>Diabolus</strong></span> 
     </span>
     <span class='ocr_line' id='line_1_40' title="bbox 256 4338 2292 4442; baseline -0 -24"><span class='ocrx_word' id='word_1_539' title='bbox 256 4347 308 4419; x_wconf 90' lang='lat' dir='ltr'><strong>sic</strong></span> <span class='ocrx_word' id='word_1_540' title='bbox 328 4345 384 4415; x_wconf 92' lang='lat' dir='ltr'><strong>illi</strong></span> <span class='ocrx_word' id='word_1_541' title='bbox 401 4338 583 4415; x_wconf 88' lang='lat' dir='ltr'><strong>Christum</strong></span> <span class='ocrx_word' id='word_1_542' title='bbox 608 4365 673 4434; x_wconf 87' lang='lat' dir='ltr'><strong>per</strong></span> <span class='ocrx_word' id='word_1_543' title='bbox 692 4340 944 4411; x_wconf 90' lang='lat' dir='ltr'><strong>contumeliam</strong></span> <span class='ocrx_word' id='word_1_544' title='bbox 968 4358 1158 4426; x_wconf 89' lang='lat' dir='ltr'><strong>coronant,</strong></span> <span class='ocrx_word' id='word_1_545' title='bbox 1184 4345 1247 4441; x_wconf 91' lang='lat' dir='ltr'><strong>qui</strong></span> <span class='ocrx_word' id='word_1_546' title='bbox 1298 4347 1437 4418; x_wconf 83' lang='lat' dir='ltr'><strong>rabiosa</strong></span> <span class='ocrx_word' id='word_1_547' title='bbox 1459 4341 1557 4419; x_wconf 93' lang='lat' dir='ltr'><strong>hunc</strong></span> <span class='ocrx_word' id='word_1_548' title='bbox 1578 4343 1728 4420; x_wconf 90' lang='lat' dir='ltr'><strong>chorum</strong></span> <span class='ocrx_word' id='word_1_549' title='bbox 1752 4348 1986 4433; x_wconf 88' lang='lat' dir='ltr'><strong>interturbat,</strong></span> <span class='ocrx_word' id='word_1_550' title='bbox 2016 4347 2141 4419; x_wconf 89' lang='lat' dir='ltr'><strong>incitat</strong></span> <span class='ocrx_word' id='word_1_551' title='bbox 2166 4361 2292 4442; x_wconf 81' lang='lat' dir='ltr'><strong>tyran·</strong></span> 
     </span>
     <span class='ocr_line' id='line_1_41' title="bbox 255 4441 2290 4544; baseline -0 -25"><span class='ocrx_word' id='word_1_552' title='bbox 255 4449 345 4522; x_wconf 81' lang='lat' dir='ltr'><strong>falso</strong></span> <span class='ocrx_word' id='word_1_553' title='bbox 380 4455 564 4538; x_wconf 85' lang='lat' dir='ltr'><strong>praetextu</strong></span> <span class='ocrx_word' id='word_1_554' title='bbox 597 4441 797 4514; x_wconf 89' lang='lat' dir='ltr'><strong>autoritatis</strong></span> <span class='ocrx_word' id='word_1_555' title='bbox 827 4441 957 4534; x_wconf 91' lang='lat' dir='ltr'><strong>ipsius,</strong></span> <span class='ocrx_word' id='word_1_556' title='bbox 987 4444 1180 4518; x_wconf 90' lang='lat' dir='ltr'><strong>dilacerant</strong></span> <span class='ocrx_word' id='word_1_557' title='bbox 1214 4461 1249 4518; x_wconf 91' lang='lat' dir='ltr'><strong>et</strong></span> <span class='ocrx_word' id='word_1_558' title='bbox 1298 4472 1382 4534; x_wconf 91' lang='lat' dir='ltr'><strong>nos,</strong></span> <span class='ocrx_word' id='word_1_559' title='bbox 1414 4462 1455 4520; x_wconf 91' lang='lat' dir='ltr'><strong>ut</strong></span> <span class='ocrx_word' id='word_1_560' title='bbox 1475 4462 1645 4544; x_wconf 88' lang='lat' dir='ltr'><strong>tauquam</strong></span> <span class='ocrx_word' id='word_1_561' title='bbox 1662 4448 1991 4541; x_wconf 85' lang='lat' dir='ltr'><strong>Gigantes-illaturi</strong></span> <span class='ocrx_word' id='word_1_562' title='bbox 2017 4449 2153 4521; x_wconf 90' lang='lat' dir='ltr'><strong>bellum</strong></span> <span class='ocrx_word' id='word_1_563' title='bbox 2178 4448 2290 4534; x_wconf 89' lang='lat' dir='ltr'><strong>coelo,</strong></span> 
     </span>
     <span class='ocr_line' id='line_1_42' title="bbox 259 4544 2290 4650; baseline -0.001 -25"><span class='ocrx_word' id='word_1_564' title='bbox 259 4560 425 4625; x_wconf 88' lang='lat' dir='ltr'><strong>evertunt</strong></span> <span class='ocrx_word' id='word_1_565' title='bbox 444 4544 604 4638; x_wconf 83' lang='lat' dir='ltr'><strong>politiae,</strong></span> <span class='ocrx_word' id='word_1_566' title='bbox 624 4558 660 4617; x_wconf 91' lang='lat' dir='ltr'><strong>et</strong></span> <span class='ocrx_word' id='word_1_567' title='bbox 674 4566 805 4614; x_wconf 90' lang='lat' dir='ltr'><strong>novam</strong></span> <span class='ocrx_word' id='word_1_568' title='bbox 827 4544 1041 4616; x_wconf 87' lang='lat' dir='ltr'><strong>constituere</strong></span> <span class='ocrx_word' id='word_1_569' title='bbox 1063 4563 1249 4621; x_wconf 85' lang='lat' dir='ltr'><strong>conantur.</strong></span> <span class='ocrx_word' id='word_1_570' title='bbox 1298 4551 1441 4650; x_wconf 82' lang='lat' dir='ltr'><strong>abolere</strong></span> <span class='ocrx_word' id='word_1_571' title='bbox 1466 4552 1654 4642; x_wconf 89' lang='lat' dir='ltr'><strong>religiones</strong></span> <span class='ocrx_word' id='word_1_572' title='bbox 1677 4567 1870 4639; x_wconf 91' lang='lat' dir='ltr'><strong>conentur,</strong></span> <span class='ocrx_word' id='word_1_573' title='bbox 1895 4565 1937 4623; x_wconf 90' lang='lat' dir='ltr'><strong>ut</strong></span> <span class='ocrx_word' id='word_1_574' title='bbox 1959 4552 2102 4622; x_wconf 89' lang='lat' dir='ltr'><strong>iniustis</strong></span> <span class='ocrx_word' id='word_1_575' title='bbox 2121 4551 2290 4624; x_wconf 86' lang='lat' dir='ltr'><strong>caedibus</strong></span> 
     </span>
     <span class='ocr_line' id='line_1_43' title="bbox 260 4646 2292 4746; baseline 0 -22"><span class='ocrx_word' id='word_1_576' title='bbox 260 4653 334 4743; x_wconf 92' lang='lat' dir='ltr'><strong>Qui</strong></span> <span class='ocrx_word' id='word_1_577' title='bbox 357 4677 398 4722; x_wconf 90' lang='lat' dir='ltr'><strong>eo</strong></span> <span class='ocrx_word' id='word_1_578' title='bbox 421 4649 526 4720; x_wconf 90' lang='lat' dir='ltr'><strong>etiam</strong></span> <span class='ocrx_word' id='word_1_579' title='bbox 548 4661 692 4741; x_wconf 89' lang='lat' dir='ltr'><strong>peceant</strong></span> <span class='ocrx_word' id='word_1_580' title='bbox 713 4648 811 4740; x_wconf 87' lang='lat' dir='ltr'><strong>quod</strong></span> <span class='ocrx_word' id='word_1_581' title='bbox 832 4646 1023 4721; x_wconf 89' lang='lat' dir='ltr'><strong>obscurant</strong></span> <span class='ocrx_word' id='word_1_582' title='bbox 1040 4662 1075 4722; x_wconf 95' lang='lat' dir='ltr'><strong>et</strong></span> <span class='ocrx_word' id='word_1_583' title='bbox 1090 4650 1249 4725; x_wconf 90' lang='lat' dir='ltr'><strong>obruunt</strong></span> <span class='ocrx_word' id='word_1_584' title='bbox 1298 4665 1501 4743; x_wconf 85' lang='lat' dir='ltr'><strong>grassentur</strong></span> <span class='ocrx_word' id='word_1_585' title='bbox 1523 4655 1563 4723; x_wconf 90' lang='lat' dir='ltr'><strong>in</strong></span> <span class='ocrx_word' id='word_1_586' title='bbox 1587 4653 1699 4735; x_wconf 89' lang='lat' dir='ltr'><strong>cives,</strong></span> <span class='ocrx_word' id='word_1_587' title='bbox 1731 4657 1895 4746; x_wconf 87' lang='lat' dir='ltr'><strong>polluant</strong></span> <span class='ocrx_word' id='word_1_588' title='bbox 1916 4654 2102 4744; x_wconf 87' lang='lat' dir='ltr'><strong>flagitiosis</strong></span> <span class='ocrx_word' id='word_1_589' title='bbox 2125 4651 2292 4724; x_wconf 89' lang='lat' dir='ltr'><strong>lihidini-</strong></span> 
     </span>
     <span class='ocr_line' id='line_1_44' title="bbox 258 4745 2329 4849; baseline -0.002 -21"><span class='ocrx_word' id='word_1_590' title='bbox 258 4753 457 4849; x_wconf 90' lang='lat' dir='ltr'><strong>spiritualia</strong></span> <span class='ocrx_word' id='word_1_591' title='bbox 479 4750 647 4822; x_wconf 86' lang='lat' dir='ltr'><strong>beneficia</strong></span> <span class='ocrx_word' id='word_1_592' title='bbox 669 4764 705 4822; x_wconf 90' lang='lat' dir='ltr'><strong>et</strong></span> <span class='ocrx_word' id='word_1_593' title='bbox 725 4750 807 4819; x_wconf 87' lang='lat' dir='ltr'><strong>fidei</strong></span> <span class='ocrx_word' id='word_1_594' title='bbox 823 4752 1007 4834; x_wconf 80' lang='lat' dir='ltr'><strong>exercitia,</strong></span> <span class='ocrx_word' id='word_1_595' title='bbox 1031 4777 1111 4824; x_wconf 92' lang='lat' dir='ltr'><strong>cum</strong></span> <span class='ocrx_word' id='word_1_596' title='bbox 1130 4749 1248 4823; x_wconf 91' lang='lat' dir='ltr'><strong>homi·</strong></span> <span class='ocrx_word' id='word_1_597' title='bbox 1299 4756 1366 4825; x_wconf 91' lang='lat' dir='ltr'><strong>bus</strong></span> <span class='ocrx_word' id='word_1_598' title='bbox 1384 4755 1586 4825; x_wconf 86' lang='lat' dir='ltr'><strong>universam</strong></span> <span class='ocrx_word' id='word_1_599' title='bbox 1611 4779 1732 4827; x_wconf 92' lang='lat' dir='ltr'><strong>rerum</strong></span> <span class='ocrx_word' id='word_1_600' title='bbox 1759 4771 1941 4842; x_wconf 90' lang='lat' dir='ltr'><strong>naturam,</strong></span> <span class='ocrx_word' id='word_1_601' title='bbox 1974 4756 2157 4828; x_wconf 90' lang='lat' dir='ltr'><strong>licentiam</strong></span> <span class='ocrx_word' id='word_1_602' title='bbox 2180 4754 2293 4825; x_wconf 79' lang='lat' dir='ltr'><strong>scele-</strong></span> <span class='ocrx_word' id='word_1_603' title='bbox 2322 4745 2329 4759; x_wconf 65' lang='lat'>⁸</span> 
     </span>
     <span class='ocr_line' id='line_1_45' title="bbox 195 4847 2295 4947; baseline -0.001 -17"><span class='ocrx_word' id='word_1_604' title='bbox 195 4856 208 4883; x_wconf 81' lang='lat'><em>⁰</em></span> <span class='ocrx_word' id='word_1_605' title='bbox 258 4860 367 4931; x_wconf 90' lang='lat' dir='ltr'><strong>nibus</strong></span> <span class='ocrx_word' id='word_1_606' title='bbox 385 4855 579 4927; x_wconf 83' lang='lat' dir='ltr'><strong>offundunt</strong></span> <span class='ocrx_word' id='word_1_607' title='bbox 600 4847 692 4924; x_wconf 93' lang='lat' dir='ltr'><strong>hanc</strong></span> <span class='ocrx_word' id='word_1_608' title='bbox 706 4853 876 4945; x_wconf 88' lang='lat' dir='ltr'><strong>speciem,</strong></span> <span class='ocrx_word' id='word_1_609' title='bbox 902 4857 997 4947; x_wconf 90' lang='lat' dir='ltr'><strong>quod</strong></span> <span class='ocrx_word' id='word_1_610' title='bbox 1015 4852 1176 4929; x_wconf 87' lang='lat' dir='ltr'><strong>Christus</strong></span> <span class='ocrx_word' id='word_1_611' title='bbox 1191 4857 1249 4926; x_wconf 88' lang='lat' dir='ltr'><strong>ni·</strong></span> <span class='ocrx_word' id='word_1_612' title='bbox 1297 4881 1378 4929; x_wconf 91' lang='lat' dir='ltr'><strong>rum</strong></span> <span class='ocrx_word' id='word_1_613' title='bbox 1398 4858 1627 4945; x_wconf 87' lang='lat' dir='ltr'><strong>confirment,</strong></span> <span class='ocrx_word' id='word_1_614' title='bbox 1661 4860 1803 4931; x_wconf 92' lang='lat' dir='ltr'><strong>deleant</strong></span> <span class='ocrx_word' id='word_1_615' title='bbox 1824 4853 1972 4930; x_wconf 87' lang='lat' dir='ltr'><strong>honesta</strong></span> <span class='ocrx_word' id='word_1_616' title='bbox 1991 4859 2127 4944; x_wconf 87' lang='lat' dir='ltr'><strong>studia,</strong></span> <span class='ocrx_word' id='word_1_617' title='bbox 2154 4857 2295 4928; x_wconf 64' lang='lat' dir='ltr'><strong>‘dilace-</strong></span> 
     </span>
    </p>
   </div>
   <div class='ocr_carea' id='block_1_5' title="bbox 57 4953 2292 5050">
    <p class='ocr_par' dir='ltr' id='par_1_5' title="bbox 57 4953 2292 5050">
     <span class='ocr_line' id='line_1_46' title="bbox 57 4953 2292 5050; baseline -0.002 -15"><span class='ocrx_word' id='word_1_618' title='bbox 57 5010 60 5015; x_wconf 95' lang='lat'>-</span> <span class='ocrx_word' id='word_1_619' title='bbox 185 5040 188 5045; x_wconf 63' lang='grc'>,</span> <span class='ocrx_word' id='word_1_620' title='bbox 258 4956 314 5035; x_wconf 89' lang='lat' dir='ltr'><strong>hil</strong></span> <span class='ocrx_word' id='word_1_621' title='bbox 330 4960 400 5032; x_wconf 92' lang='lat' dir='ltr'><strong>nisi</strong></span> <span class='ocrx_word' id='word_1_622' title='bbox 416 4959 477 5028; x_wconf 94' lang='lat' dir='ltr'><strong>illa</strong></span> <span class='ocrx_word' id='word_1_623' title='bbox 494 4956 613 5026; x_wconf 89' lang='lat' dir='ltr'><strong>civilia</strong></span> <span class='ocrx_word' id='word_1_624' title='bbox 627 4956 742 5026; x_wconf 87' lang='lat' dir='ltr'><strong>officia</strong></span> <span class='ocrx_word' id='word_1_625' title='bbox 755 4953 869 5025; x_wconf 89' lang='lat' dir='ltr'><strong>Moisi</strong></span> <span class='ocrx_word' id='word_1_626' title='bbox 879 4957 1050 5050; x_wconf 88' lang='lat' dir='ltr'><strong>requirat.</strong></span> <span class='ocrx_word' id='word_1_627' title='bbox 1085 4957 1248 5031; x_wconf 89' lang='lat' dir='ltr'><strong>Neteue·</strong></span> <span class='ocrx_word' id='word_1_628' title='bbox 1297 4973 1378 5032; x_wconf 88' lang='lat' dir='ltr'><strong>rent</strong></span> <span class='ocrx_word' id='word_1_629' title='bbox 1392 4955 1578 5030; x_wconf 85' lang='lat' dir='ltr'><strong>Ecclesias.</strong></span> <span class='ocrx_word' id='word_1_630' title='bbox 1629 4960 1730 5033; x_wconf 91' lang='lat' dir='ltr'><strong>Talis</strong></span> <span class='ocrx_word' id='word_1_631' title='bbox 1744 4973 1854 5033; x_wconf 86' lang='lat' dir='ltr'><strong>status</strong></span> <span class='ocrx_word' id='word_1_632' title='bbox 1866 4958 2005 5032; x_wconf 89' lang='lat' dir='ltr'><strong>Romae</strong></span> <span class='ocrx_word' id='word_1_633' title='bbox 2021 4961 2109 5042; x_wconf 86' lang='lat' dir='ltr'><strong>suit,</strong></span> <span class='ocrx_word' id='word_1_634' title='bbox 2133 4957 2292 5031; x_wconf 88' lang='lat' dir='ltr'><strong>Neronis</strong></span> 
     </span>
    </p>
   </div>
   <div class='ocr_carea' id='block_1_6' title="bbox 256 5056 2296 5572">
    <p class='ocr_par' dir='ltr' id='par_1_6' title="bbox 256 5056 2296 5572">
     <span class='ocr_line' id='line_1_47' title="bbox 256 5056 2292 5158; baseline -0.002 -21"><span class='ocrx_word' id='word_1_635' title='bbox 256 5065 343 5138; x_wconf 89' lang='lat' dir='ltr'><strong>brae</strong></span> <span class='ocrx_word' id='word_1_636' title='bbox 359 5083 503 5157; x_wconf 91' lang='lat' dir='ltr'><strong>prorsus</strong></span> <span class='ocrx_word' id='word_1_637' title='bbox 515 5060 636 5130; x_wconf 89' lang='lat' dir='ltr'><strong>delent</strong></span> <span class='ocrx_word' id='word_1_638' title='bbox 647 5056 894 5147; x_wconf 84' lang='lat' dir='ltr'><strong>Evangelium.</strong></span> <span class='ocrx_word' id='word_1_639' title='bbox 944 5057 1126 5132; x_wconf 90' lang='lat' dir='ltr'><strong>Postremo</strong></span> <span class='ocrx_word' id='word_1_640' title='bbox 1145 5087 1250 5132; x_wconf 88' lang='lat' dir='ltr'><strong>man·</strong></span> <span class='ocrx_word' id='word_1_641' title='bbox 1297 5076 1333 5134; x_wconf 91' lang='lat' dir='ltr'><strong>et</strong></span> <span class='ocrx_word' id='word_1_642' title='bbox 1357 5062 1527 5132; x_wconf 88' lang='lat' dir='ltr'><strong>similium</strong></span> <span class='ocrx_word' id='word_1_643' title='bbox 1553 5078 1786 5158; x_wconf 88' lang='lat' dir='ltr'><strong>tyrannorum</strong></span> <span class='ocrx_word' id='word_1_644' title='bbox 1810 5075 1980 5154; x_wconf 85' lang='lat' dir='ltr'><strong>tempore.</strong></span> <span class='ocrx_word' id='word_1_645' title='bbox 2030 5061 2090 5134; x_wconf 82' lang='lat' dir='ltr'><strong>ste</strong></span> <span class='ocrx_word' id='word_1_646' title='bbox 2113 5060 2292 5134; x_wconf 85' lang='lat' dir='ltr'><strong>Diabolus</strong></span> 
     </span>
     <span class='ocr_line' id='line_1_48' title="bbox 257 5155 2295 5257; baseline -0.003 -16"><span class='ocrx_word' id='word_1_647' title='bbox 257 5155 1249 5256; x_wconf 83' lang='lat' dir='ltr'><strong>datEvangelium,utMagistratibusethnicisobtempe·</strong></span> <span class='ocrx_word' id='word_1_648' title='bbox 1297 5167 1544 5257; x_wconf 89' lang='lat' dir='ltr'><strong>corrumpebat</strong></span> <span class='ocrx_word' id='word_1_649' title='bbox 1568 5161 1792 5238; x_wconf 88' lang='lat' dir='ltr'><strong>harmoniam</strong></span> <span class='ocrx_word' id='word_1_650' title='bbox 1808 5165 1952 5235; x_wconf 87' lang='lat' dir='ltr'><strong>divinae</strong></span> <span class='ocrx_word' id='word_1_651' title='bbox 1972 5163 2232 5250; x_wconf 91' lang='lat' dir='ltr'><strong>ordinationis,</strong></span> <span class='ocrx_word' id='word_1_652' title='bbox 2257 5176 2295 5236; x_wconf 90' lang='lat' dir='ltr'><strong>et</strong></span> 
     </span>
     <span class='ocr_line' id='line_1_49' title="bbox 257 5263 2295 5360; baseline -0.003 -19"><span class='ocrx_word' id='word_1_653' title='bbox 257 5291 391 5341; x_wconf 88' lang='lat' dir='ltr'><strong>remus:</strong></span> <span class='ocrx_word' id='word_1_654' title='bbox 428 5286 537 5360; x_wconf 89' lang='lat' dir='ltr'><strong>quare</strong></span> <span class='ocrx_word' id='word_1_655' title='bbox 553 5284 693 5332; x_wconf 88' lang='lat' dir='ltr'><strong>necesse</strong></span> <span class='ocrx_word' id='word_1_656' title='bbox 711 5275 762 5331; x_wconf 91' lang='lat' dir='ltr'><strong>est</strong></span> <span class='ocrx_word' id='word_1_657' title='bbox 784 5263 923 5354; x_wconf 90' lang='lat' dir='ltr'><strong>legibus</strong></span> <span class='ocrx_word' id='word_1_658' title='bbox 942 5287 1066 5335; x_wconf 91' lang='lat' dir='ltr'><strong>eorum</strong></span> <span class='ocrx_word' id='word_1_659' title='bbox 1083 5267 1247 5354; x_wconf 83' lang='lat' dir='ltr'><strong>obedire3</strong></span> <span class='ocrx_word' id='word_1_660' title='bbox 1296 5280 1416 5355; x_wconf 86' lang='lat' dir='ltr'><strong>tamen</strong></span> <span class='ocrx_word' id='word_1_661' title='bbox 1441 5269 1576 5340; x_wconf 90' lang='lat' dir='ltr'><strong>interea</strong></span> <span class='ocrx_word' id='word_1_662' title='bbox 1601 5269 1695 5341; x_wconf 89' lang='lat' dir='ltr'><strong>Deus</strong></span> <span class='ocrx_word' id='word_1_663' title='bbox 1719 5292 1793 5338; x_wconf 91' lang='lat' dir='ltr'><strong>non</strong></span> <span class='ocrx_word' id='word_1_664' title='bbox 1822 5267 2022 5360; x_wconf 89' lang='lat' dir='ltr'><strong>patiebatur</strong></span> <span class='ocrx_word' id='word_1_665' title='bbox 2045 5291 2123 5338; x_wconf 89' lang='lat' dir='ltr'><strong>eam</strong></span> <span class='ocrx_word' id='word_1_666' title='bbox 2145 5288 2295 5359; x_wconf 89' lang='lat' dir='ltr'><strong>prorsus</strong></span> 
     </span>
     <span class='ocr_line' id='line_1_50' title="bbox 256 5361 2296 5465; baseline -0 -23"><span class='ocrx_word' id='word_1_667' title='bbox 256 5395 341 5444; x_wconf 87' lang='lat' dir='ltr'><strong>nam</strong></span> <span class='ocrx_word' id='word_1_668' title='bbox 361 5369 415 5438; x_wconf 87' lang='lat' dir='ltr'><strong>ler</strong></span> <span class='ocrx_word' id='word_1_669' title='bbox 442 5379 495 5438; x_wconf 91' lang='lat' dir='ltr'><strong>est</strong></span> <span class='ocrx_word' id='word_1_670' title='bbox 517 5388 585 5435; x_wconf 80' lang='lat' dir='ltr'><strong>vor</strong></span> <span class='ocrx_word' id='word_1_671' title='bbox 611 5363 685 5454; x_wconf 86' lang='lat' dir='ltr'><strong>ipsa</strong></span> <span class='ocrx_word' id='word_1_672' title='bbox 700 5361 939 5454; x_wconf 83' lang='lat' dir='ltr'><strong>Magistratus.</strong></span> <span class='ocrx_word' id='word_1_673' title='bbox 987 5364 1061 5439; x_wconf 92' lang='lat' dir='ltr'><strong>Nec</strong></span> <span class='ocrx_word' id='word_1_674' title='bbox 1076 5370 1173 5440; x_wconf 92' lang='lat' dir='ltr'><strong>aliud</strong></span> <span class='ocrx_word' id='word_1_675' title='bbox 1195 5382 1248 5440; x_wconf 91' lang='lat' dir='ltr'><strong>est</strong></span> <span class='ocrx_word' id='word_1_676' title='bbox 1296 5369 1425 5456; x_wconf 88' lang='lat' dir='ltr'><strong>deleri,</strong></span> <span class='ocrx_word' id='word_1_677' title='bbox 1452 5395 1492 5442; x_wconf 92' lang='lat' dir='ltr'><strong>ac</strong></span> <span class='ocrx_word' id='word_1_678' title='bbox 1507 5374 1613 5464; x_wconf 86' lang='lat' dir='ltr'><strong>paulo</strong></span> <span class='ocrx_word' id='word_1_679' title='bbox 1629 5385 1710 5465; x_wconf 89' lang='lat' dir='ltr'><strong>post</strong></span> <span class='ocrx_word' id='word_1_680' title='bbox 1732 5395 1810 5441; x_wconf 90' lang='lat' dir='ltr'><strong>eam</strong></span> <span class='ocrx_word' id='word_1_681' title='bbox 1826 5371 2034 5444; x_wconf 88' lang='lat' dir='ltr'><strong>restituebat</strong></span> <span class='ocrx_word' id='word_1_682' title='bbox 2058 5370 2212 5442; x_wconf 80' lang='lat' dir='ltr'><strong>extincto</strong></span> <span class='ocrx_word' id='word_1_683' title='bbox 2236 5382 2296 5465; x_wconf 80' lang='lat' dir='ltr'><strong>ty-</strong></span> 
     </span>
     <span class='ocr_line' id='line_1_51' title="bbox 256 5464 2296 5572; baseline 0 -28"><span class='ocrx_word' id='word_1_684' title='bbox 256 5473 403 5547; x_wconf 89' lang='lat' dir='ltr'><strong>obedire</strong></span> <span class='ocrx_word' id='word_1_685' title='bbox 424 5466 670 5561; x_wconf 89' lang='lat' dir='ltr'><strong>Magistratui,</strong></span> <span class='ocrx_word' id='word_1_686' title='bbox 705 5464 776 5538; x_wconf 91' lang='lat' dir='ltr'><strong>nisi</strong></span> <span class='ocrx_word' id='word_1_687' title='bbox 795 5466 871 5539; x_wconf 87' lang='lat' dir='ltr'><strong>eius</strong></span> <span class='ocrx_word' id='word_1_688' title='bbox 890 5467 1029 5560; x_wconf 88' lang='lat' dir='ltr'><strong>legibus</strong></span> <span class='ocrx_word' id='word_1_689' title='bbox 1047 5483 1082 5542; x_wconf 92' lang='lat' dir='ltr'><strong>et</strong></span> <span class='ocrx_word' id='word_1_690' title='bbox 1096 5472 1247 5544; x_wconf 90' lang='lat' dir='ltr'><strong>decretis</strong></span> <span class='ocrx_word' id='word_1_691' title='bbox 1296 5497 1423 5548; x_wconf 76' lang='lat' dir='ltr'><strong>ranno,</strong></span> <span class='ocrx_word' id='word_1_692' title='bbox 1477 5473 1526 5548; x_wconf 92' lang='lat' dir='ltr'><strong>Ut</strong></span> <span class='ocrx_word' id='word_1_693' title='bbox 1536 5487 1656 5549; x_wconf 88' lang='lat' dir='ltr'><strong>autem</strong></span> <span class='ocrx_word' id='word_1_694' title='bbox 1669 5487 1845 5572; x_wconf 82' lang='lat' dir='ltr'><strong>tyrannus</strong></span> <span class='ocrx_word' id='word_1_695' title='bbox 1859 5473 1920 5545; x_wconf 91' lang='lat' dir='ltr'><strong>ille</strong></span> <span class='ocrx_word' id='word_1_696' title='bbox 1935 5488 2011 5546; x_wconf 91' lang='lat' dir='ltr'><strong>erat</strong></span> <span class='ocrx_word' id='word_1_697' title='bbox 2026 5469 2175 5548; x_wconf 88' lang='lat' dir='ltr'><strong>Diaboli</strong></span> <span class='ocrx_word' id='word_1_698' title='bbox 2188 5495 2296 5564; x_wconf 90' lang='lat' dir='ltr'><strong>orga-</strong></span> 
     </span>
    </p>
   </div>
   <div class='ocr_carea' id='block_1_7' title="bbox 0 0 2394 6020">
    <p class='ocr_par' dir='ltr' id='par_1_7' title="bbox 0 0 2394 6020">
     <span class='ocr_line' id='line_1_52' title="bbox 0 0 2394 6020; baseline 0 0"><span class='ocrx_word' id='word_1_699' title='bbox 0 0 2394 6020; x_wconf 95' lang='lat' dir='ltr'><strong> </strong></span> 
     </span>
    </p>
   </div>
  </div>
 </body>
</html>
