4756 6022
251 340 303 414 aa
745 322 904 399 nucu
936 319 1015 398 uu
1042 317 1317 397 succino
1348 303 1795 413 uooouaurtan.
2241 327 2291 401 ot

254 530 330 588 tum
358 534 433 582 non
450 492 664 594 absolute&
686 491 864 585 Theologi
884 496 1072 580 videntur,
1097 518 1179 565 cum
1201 495 1246 564 de
1298 516 1358 562 rac
1381 491 1596 585 eripiuntur.
1647 491 1738 563 Nam
1762 493 1909 587 reliquis
1932 494 2054 586 poeuis
2076 497 2129 589 pii
2150 497 2301 594 quoque

174 624 181 638 ‘
257 601 470 709 gravissimis
492 605 597 675 rebus
620 598 787 670 obscoeni
807 592 986 682 homines,
1012 596 1154 688 impuro
1173 620 1246 675 ore,
1298 617 1373 663 non
1390 618 1471 665 raro
1488 596 1716 665 mulctantur.
1768 594 1818 668 At
1830 596 2014 668 literarum
2031 598 2205 670 inscitiam
2223 625 2293 692 pu.

256 718 355 788 nulla
378 709 547 797 religione
569 703 761 793 disputent.
824 695 974 768 Etcum
998 712 1091 768 vetet
1113 697 1248 769 Paulus
1300 696 1391 766 blica
1405 696 1595 766 comitatur
1611 697 1784 788 impietas.
1835 697 1957 790 Nuper
1973 723 2057 768 vero
2079 724 2158 770 cum
2179 703 2295 795 respi—

256 806 473 908 καπηλεύειν
494 802 607 906 λόγον
629 803 742 887 θεοῦ,
769 824 874 870 nemo
898 800 1141 890 impudentius
1163 822 1248 868 cau·
1299 822 1376 866 cere
1401 798 1550 869 afflictos
1573 799 1700 868 iterum
1728 799 1898 890 coepisset
1914 801 2069 893 optimus
2089 800 2212 888 Pater,
2237 827 2294 874 es-

255 931 410 1013 ponatur
426 912 575 981 verbum
595 906 681 988 Dei,
708 927 814 995 quam
830 898 889 985 hi,
916 902 978 995 qui
994 925 1074 971 cum
1088 924 1154 970 uec
1167 924 1248 969 rno-
1265 964 1268 968 .
1299 911 1420 992 sctque
1435 900 1637 969 redditurus
1653 900 1758 970 nobis
1772 899 2019 993 Evangelium,
2044 928 2107 993 pro
2123 927 2185 975 sua
2202 906 2295 976 libe.

255 1022 377 1103 ribus,
406 1037 472 1083 nec
495 1008 694 1079 eruditione
723 1005 826 1073 bonis
855 1027 892 1071 se
920 1005 1071 1093 probare
1100 1001 1247 1093 possint,
1299 999 1437 1071 nolitote
1451 1015 1485 1072 et
1502 1002 1621 1071 literas
1635 1004 1798 1087 restituit,
1821 1005 1952 1096 quibus
1965 1001 2152 1094 Evangelii
2166 1019 2294 1078 tracta.

256 1122 354 1210 vulgi
377 1120 553 1195 favorem,
578 1108 688 1200 impia
714 1114 893 1175 sacrarum
917 1105 1100 1174 literarum
1119 1117 1249 1175 tracta·
1301 1103 1350 1172 tio
1372 1104 1612 1174 adiuvaretur.
1672 1102 1745 1174 Nec
1768 1106 1879 1194 magis
1899 1130 2032 1174 novum
2051 1106 2166 1176 videri
2187 1109 2294 1181 dehet

257 1226 355 1298 tione
371 1227 584 1287 emerentur.
621 1209 719 1298 Quid
735 1206 871 1277 multa?
895 1205 1016 1276 videas
1031 1229 1089 1274 eos
1104 1206 1248 1296 adsper-
1300 1207 1436 1274 donum
1449 1205 1651 1295 linguarum
1669 1201 1851 1297 Apostolis
1865 1208 2051 1292 collatum,
2073 1233 2178 1300 quam
2194 1214 2293 1302 quod

257 1326 336 1396 nari
355 1323 475 1392 literas
488 1327 643 1395 nostras,
670 1309 799 1402 quibus
815 1331 869 1376 res
883 1309 999 1377 bonae
1012 1303 1249 1398 honestaeque
1301 1302 1366 1375 hae
1393 1331 1413 1375 a
1435 1308 1535 1377 tantd
1559 1307 1721 1398 squalore
1749 1322 1928 1401 receptae,
1960 1333 2002 1377 er
2032 1311 2188 1379 tenebris
2213 1314 2293 1403 plus

257 1447 398 1506 omnes,
424 1418 553 1511 quibus
569 1415 694 1505 Pleias,
720 1411 849 1503 quibus
863 1433 979 1478 mores
998 1408 1150 1500 publici,
1176 1408 1248 1476 imo
1302 1432 1408 1500 quam
1429 1409 1590 1481 tartareis
1610 1409 1649 1476 in
1669 1409 1785 1479 lucem
1809 1425 1990 1481 revocatae
2012 1425 2107 1484 sunt.
2158 1410 2232 1483 Nec
2254 1414 2293 1483 iu

259 1529 389 1624 quihus
404 1518 566 1592 Christus
583 1516 657 1605 ipse
671 1513 791 1582 fabula
806 1526 868 1584 est.
922 1512 964 1580 ln
981 1534 1087 1604 quos,
1113 1511 1249 1579 sibene
1301 1512 1451 1579 obscuro
1476 1523 1545 1594 est,
1571 1510 1675 1578 bonis
1698 1513 1910 1605 quibusdam
1928 1512 2014 1581 viris
2036 1512 2166 1583 auxilio
2184 1515 2294 1585 luisse

258 1626 485 1703 constitutam
512 1617 720 1686 haberemus
751 1611 1044 1704 Rempublicam,
1082 1635 1158 1681 non
1183 1633 1250 1678 nos
1304 1612 1484 1680 literarum
1520 1613 1720 1698 scientiam,
1761 1613 1800 1681 in
1834 1610 2030 1704 Theologia
2065 1615 2293 1687 restituenda,

260 1730 441 1808 oratione,
498 1716 559 1790 sed
599 1719 635 1786 vi
677 1715 905 1803 Magistratus
945 1712 1249 1782 animadverteret.
1303 1712 1462 1782 Primum
1480 1713 1596 1805 itaque
1612 1713 1829 1802 ingratitudo
1843 1715 1969 1799 fuerit,
1992 1717 2139 1786 coeleste
2155 1721 2291 1789 donum

260 1832 378 1923 Quam
396 1824 489 1895 enim
506 1844 643 1891 crucem
660 1842 734 1886 non
750 1829 930 1885 merentur
945 1810 994 1898 hi,
1020 1815 1081 1907 qui
1096 1828 1135 1884 ut
1148 1837 1249 1904 prae·
1301 1816 1525 1904 adspernari,
1552 1816 1681 1883 deinde
1701 1841 1781 1885 cum
1796 1817 1965 1886 beneficio
1985 1817 2167 1888 literarum
2189 1821 2293 1891 resti-

259 1949 352 2005 terea
367 1922 462 1998 nihil
479 1935 631 2015 peccent,
649 1919 808 2008 exemplo
824 1942 886 1986 suo
902 1918 1122 1986 iuventutem
1136 1940 1153 1983 a
1168 1916 1249 1983 lite·
1301 1929 1376 1985 tuta
1393 1917 1465 1986 sint
1477 1939 1595 2000 sacra,
1621 1917 1724 2008 impii
1742 1917 1864 1997 simus,
1892 1919 1921 1986 si
1937 1919 2074 1988 nullam
2089 1915 2216 1990 harum
2234 1947 2293 1991 ra.

260 2038 310 2106 ris
339 2025 512 2103 avocant?
550 2020 652 2111 Quae
682 2020 752 2088 nisi
776 2019 977 2102 discantur,
1010 2017 1249 2108 posteritatem
1301 2018 1434 2084 tionem
1464 2013 1670 2102 habeamus,
1696 2019 1772 2087 siue
1799 2020 1929 2113 quibus
1952 2034 2044 2091 stare
2072 2045 2128 2091 res
2151 2017 2293 2094 theolo-

260 2158 381 2208 sumus
397 2125 558 2200 habituri
570 2118 685 2192 nihilo
704 2121 878 2189 saniorem
895 2119 1138 2210 superioribus
1150 2142 1250 2187 secu·
1302 2119 1376 2207 gira
1405 2141 1479 2187 non
1509 2133 1632 2207 potest.
1688 2116 1736 2189 Et
1761 2134 1802 2191 ut
1828 2122 1948 2211 paucis
1979 2146 2169 2213 exponam,
2203 2127 2292 2220 quid

260 2240 323 2321 lis,
351 2256 432 2304 cum
454 2229 635 2298 literarum
656 2222 832 2314 imperitia
855 2246 910 2291 res
932 2244 1054 2289 omues
1077 2215 1251 2290 humanas
1302 2220 1453 2289 iudicem
1474 2222 1516 2288 ad
1545 2243 1721 2290 sacrarum
1736 2221 1917 2292 literarum
1939 2225 2180 2295 tractationem
2202 2251 2291 2297 con-

262 2364 302 2409 ac
326 2335 466 2405 divinas
490 2328 739 2397 labefactasset.
793 2322 893 2412 Quin
916 2323 1024 2411 igitur
1043 2321 1093 2391 sic
1120 2322 1252 2411 cogita·
1301 2323 1392 2391 lerre
1418 2322 1618 2410 linguarum
1651 2323 1852 2404 scientiam,
1885 2349 1960 2394 non
1990 2348 2068 2394 sum
2098 2325 2137 2395 in
2163 2351 2204 2397 eo
2233 2354 2291 2399 er.

262 2461 361 2521 mus,
387 2434 474 2505 olim
502 2453 583 2500 cum
606 2425 809 2518 gravissime
833 2437 1052 2494 succenseret
1072 2419 1250 2493 Ecclesiae
1302 2447 1401 2507 rore,
1438 2436 1478 2492 ut
1508 2417 1657 2492 humani
1691 2425 1825 2515 ingenii
1851 2426 2026 2498 industria
2056 2450 2152 2499 sacra
2181 2454 2292 2521 pene-

261 2540 375 2618 Deus,
401 2547 535 2623 ereptas
560 2553 632 2599 esse
654 2528 792 2606 literas,
820 2538 937 2595 secuta
956 2539 1008 2594 est
1025 2538 1059 2594 et
1074 2547 1250 2594 sacrarum
1303 2526 1387 2594 trari
1409 2537 1571 2596 statuam.
1631 2523 1725 2596 Sunt
1751 2528 1789 2596 in
1814 2529 1937 2613 sacris,
1969 2552 2059 2623 quae
2084 2530 2156 2599 nisi
2185 2557 2292 2601 mon-

262 2640 412 2712 inscitia.
464 2633 554 2704 Nam
573 2655 653 2701 cum
675 2628 805 2697 nostris
821 2628 937 2695 verbis
959 2626 1058 2719 loqui
1075 2624 1172 2695 Deus
1187 2649 1252 2694 vo-
1302 2640 1433 2696 strante
1451 2625 1526 2696 Deo
1550 2650 1656 2712 nemo
1678 2652 1835 2722 unquam
1857 2644 1993 2701 cernar:
2019 2654 2085 2700 nec
2102 2632 2293 2706 innotescit

262 2741 389 2818 luerit,
413 2739 457 2805 de
472 2755 635 2803 sermone
651 2730 774 2799 divino
797 2729 915 2818 inepte
935 2728 1170 2798 iudicaverint
1182 2728 1252 2795 im·
1302 2728 1406 2797 nobis
1421 2723 1601 2811 Christus,
1628 2729 1698 2797 nisi
1714 2732 1836 2803 doceat
1851 2731 2005 2824 Spiritus
2028 2746 2180 2805 sanctus.
2232 2735 2292 2807 Sic

263 2840 374 2938 periti
383 2840 511 2909 artium
530 2832 681 2903 dicendi.
715 2829 827 2900 Porro
842 2853 931 2921 quae
947 2830 1019 2897 illis
1034 2830 1252 2921 temporibus
1303 2830 1396 2898 enim
1405 2825 1569 2899 Christus
1585 2831 1659 2920 ipse
1674 2831 1806 2925 inquit,
1820 2859 1839 2903 a
1855 2835 1981 2926 spiritu
1996 2857 2032 2903 se
2046 2829 2293 2930 δοξασθῆναι.

263 2945 409 3017 caecitas
424 2950 560 3009 mentes
575 2930 762 3003 hominum
776 2931 941 3002 tenebat?
967 2927 1148 3001 Christum
1162 2957 1252 3024 quo·
1306 2930 1436 3000 Verum
1460 2944 1598 3023 praeter
1619 2929 1857 3024 prophetiam,
1884 2938 1937 3006 vis
1952 2936 2140 3007 verborum
2157 2962 2292 3029 cogno-

262 3044 470 3139 tusquisque
493 3036 620 3108 norat?
653 3033 728 3104 lmo
754 3028 893 3103 chartae
909 3033 980 3101 iam
997 3033 1253 3118 obsoleverant,
1302 3034 1429 3115 scenda
1452 3048 1522 3118 est,
1553 3033 1745 3126 inquibus
1769 3050 1936 3131 tanquam
1963 3039 2002 3107 in
2025 3040 2177 3110 sacrario
2198 3066 2290 3134 quo.

264 3148 394 3242 quibus
433 3141 706 3210 continebantur
744 3158 853 3207 sacra.
912 3131 1093 3211 Articulos
1124 3131 1251 3204 Parisii
1302 3136 1397 3219 dam,
1423 3135 1544 3205 divina
1561 3137 1724 3229 mysteria
1741 3140 1922 3209 recondita
1938 3154 2031 3210 sunt
2079 3139 2176 3229 Quid
2193 3143 2290 3212 enim

264 3246 484 3325 condebant,
509 3263 598 3331 quos
615 3238 756 3305 interim
775 3236 947 3314 mundus,
974 3250 1141 3328 tauquam
1159 3238 1253 3306 divi·
1303 3237 1420 3306 sinon
1443 3236 1621 3307 intellecta
1643 3237 1750 3306 verba
1771 3239 1906 3327 magico
1930 3263 2028 3308 more
2053 3244 2291 3332 pronuncies?

263 3372 327 3420 nas
342 3348 434 3435 leges
450 3341 634 3410 adorabat:
661 3338 760 3427 pium
775 3331 867 3404 nihil
882 3349 973 3419 erat,
998 3339 1067 3405 nisi
1085 3339 1178 3430 quod
1198 3339 1250 3406 illi
1302 3361 1423 3407 nonne
1445 3341 1554 3407 surdo
1576 3337 1756 3407 fabulam?
1805 3338 1854 3408 At
1876 3341 1921 3408 de
1945 3363 2108 3411 sermone
2132 3344 2290 3416 iudicare

264 3449 508 3522 somniassent.
561 3438 607 3510 Et
625 3439 710 3508 belli
727 3432 910 3521 homines,
937 3462 1016 3506 cum
1035 3440 1154 3508 literas
1171 3442 1253 3510 nul·
1302 3463 1405 3509 nemo
1426 3453 1518 3509 recte
1541 3440 1691 3532 poterit,
1716 3439 1787 3507 nisi
1807 3440 1869 3533 qui
1891 3455 1983 3510 recte
1999 3443 2158 3513 discendi
2177 3448 2290 3516 ratio.

263 3557 317 3625 las
337 3559 498 3620 tenerent
521 3544 617 3613 unde
639 3563 760 3630 sapere
784 3539 975 3623 discerent,
1000 3540 1132 3610 fatuam
1153 3541 1250 3612 illam
1302 3564 1383 3610 uem
1399 3542 1635 3633 perdidicerit.
1689 3540 1787 3629 Quid
1810 3542 1905 3611 enim
1922 3545 2030 3634 magis
2052 3546 2208 3635 proclive
2224 3561 2291 3633 est,

263 3648 477 3744 sophisticen
510 3655 740 3735 pepererunt,
776 3654 1038 3733 coeperuntque
1069 3642 1178 3711 rixari
1208 3645 1252 3713 de
1301 3669 1407 3736 quam
1423 3646 1532 3714 verbo
1549 3643 1668 3736 aliquo
1683 3655 1745 3712 aut
1757 3630 1932 3715 schemate
1948 3646 2048 3715 lalli?
2071 3645 2194 3738 Nuper
2208 3649 2291 3741 qui.

263 3749 519 3828 commenticiis
540 3746 728 3814 verborum
753 3742 1085 3830 compositionibus,
1114 3768 1160 3813 ne
1178 3769 1251 3815 non
1300 3749 1381 3813 dam
1407 3770 1447 3814 ex
1464 3744 1644 3835 Magistris
1666 3745 1815 3830 nostris,
1839 3770 1920 3816 cum
1942 3763 2120 3818 enarraret
2145 3773 2291 3844 eaquae

260 3854 579 3931 rhetoricarentur‚
607 3848 694 3940 quid
718 3844 857 3913 intersit
880 3845 974 3914 inter
992 3839 1093 3929 haec,
1120 3846 1250 3938 Papam
1301 3849 1345 3915 de
1363 3844 1600 3916 Melchisedec
1620 3847 1658 3913 in
1679 3843 1813 3916 Genesi
1858 3849 1975 3918 rodita
1996 3865 2095 3921 sunt:
2126 3851 2205 3921 Rex
2222 3851 2288 3924 Sa.
2355 3882 2371 3899 --

262 3958 356 4042 vidi,
389 3968 424 4025 et
450 3952 524 4022 vidi
550 3947 694 4040 Papam.
744 3941 920 4039 Extatque
948 3940 1057 4015 hodie
1083 3948 1252 4018 articulus
1301 3949 1369 4017 lem
1387 3973 1513 4040 panem
1532 3973 1570 4018 ac
1588 3949 1711 4018 vinum
1728 3872 1877 4033 obtuhi',
1904 3974 1978 4020 nou
1995 3952 2291 4035 animadvertens,

261 4055 490 4137 Parisiensis,
515 4046 591 4137 Ego
609 4048 738 4128 currit,
763 4050 854 4115 male
868 4046 995 4117 Latine
1010 4048 1101 4133 dici,
1128 4045 1253 4120 haere·
1300 4049 1417 4121 Salem
1441 4051 1510 4120 loci
1535 4075 1666 4119 nomen
1689 4072 1780 4131 esse,
1813 4052 1925 4121 multa
1946 4055 1989 4122 de
2009 4055 2228 4127 condimenti
2253 4057 2291 4125 vi

263 4166 373 4233 ileum
405 4178 497 4236 ema
538 4148 698 4241 qul⁸q⁰l⁵
720 4147 932 4216 dissenserit.
991 4147 1103 4219 Sutin’
1127 4154 1266 4222 viden-¹
1300 4177 1339 4221 ac
1362 4167 1487 4222 natura
1508 4152 1688 4220 disseruit:
1714 4149 1884 4243 imposuit
1900 4155 1995 4223 enim
2018 4156 2115 4226 bono
2132 4157 2209 4226 viro
2228 4183 2291 4228 vo·

261 4277 322 4334 tur
352 4259 448 4330 ullae
477 4250 731 4322 C⁰sslu¹¹teli³m
767 4247 888 4316 literae
925 4248 1125 4338 neglectae?
1161 4252 1251 4341 Quis
1300 4277 1378 4322 cum
1395 4254 1558 4326 affinitas.
1601 4250 1691 4321 Nam
1709 4255 1914 4324 oscitantius
1928 4257 2046 4326 omnia
2064 4258 2200 4348 legunt,
2225 4260 2289 4352 qui

176 4398 181 4405 ·
263 4363 359 4436 enim
381 4359 499 4429 credat
520 4354 702 4421 cerebrum
723 4348 830 4417 fuisse
850 4349 975 4418 talium
998 4373 1171 4439 nugarum
1189 4378 1250 4423 au·
1300 4354 1482 4445 ingenium
1508 4353 1649 4424 dicendi
1673 4353 1809 4424 artibus
1831 4379 1906 4425 non
1929 4353 2126 4429 exercuere.
2177 4357 2290 4431 Deco-

263 4459 445 4538 ctoribusi
489 4452 587 4523 llaec
609 4476 691 4520 vero
725 4451 903 4520 calamitas
927 4472 1052 4540 magna
1084 4469 1251 4546 exparte
1300 4470 1429 4546 perunt
1450 4469 1483 4525 et
1506 4455 1663 4527 eruditos
1687 4456 1837 4545 figurae,
1861 4460 1950 4528 adeo
1971 4459 2071 4529 nulla
2087 4462 2289 4533 exercitatio

261 4569 446 4640 literarum
462 4556 621 4626 inscitiae
634 4554 840 4643 imputanda
856 4567 924 4638 est,
951 4577 1025 4622 non
1043 4555 1137 4623 enim
1153 4572 1252 4647 pate-
1300 4557 1441 4625 dicendi
1459 4582 1498 4625 ac
1513 4557 1693 4626 scribendi
1712 4559 1795 4627 satis
1809 4573 1928 4630 cautos
1942 4561 2034 4634 lacit.
2087 4560 2292 4654 Interroga.

261 4672 350 4740 bant
371 4687 485 4745 sacra,
511 4673 679 4752 tanquam
703 4656 891 4725 interclusa
910 4655 1071 4746 virgultis
1088 4681 1129 4725 ac
1150 4660 1250 4728 fron·
1300 4659 1359 4728 bat
1376 4683 1430 4732 rue
1446 4658 1583 4749 pridem
1599 4661 1723 4728 doctus
1738 4660 1911 4753 quispiam
1925 4654 2053 4746 homo,
2078 4665 2203 4756 ecquid
2218 4667 2291 4736 sibi

260 4772 384 4848 dibus,
411 4765 507 4834 unde
522 4761 649 4830 mentis
664 4771 755 4827 recte
776 4758 990 4827 erudiendae
1005 4759 1094 4829 ratio
1116 4775 1252 4851 petere·
1299 4760 1405 4829 vellet
1434 4757 1566 4829 Paulus
1596 4785 1675 4830 cum
1704 4761 1823 4856 inquit
1849 4764 1888 4831 in
1915 4763 2061 4853 epistola
2091 4767 2134 4834 ad
2161 4764 2291 4838 Timo·
2363 4809 2368 4819 ·

260 4888 338 4951 tur,
364 4866 633 4957 negligebantur
653 4873 688 4930 θῑ
705 4859 830 4929 dlsffil
851 4860 1058 4952 scriptores,
1085 4863 1148 4954 qui
1175 4887 1252 4933 mo-
1299 4856 1438 4931 theom:
1472 4860 1639 4932 Salvator
1661 4865 1791 4934 mulier
1816 4890 1877 4954 per
1903 4865 2059 4936 liliorum
2089 4868 2291 4956 generatio·

259 4965 563 5044 nerenthumana.
616 4963 761 5052 Quanto
778 4962 998 5033 tolerabilius
1012 4963 1128 5032 lucrat
1142 4967 1250 5056 pesti·
1299 4987 1398 5042 nem,
1422 4964 1452 5032 si
1465 4964 1504 5031 in
1518 4964 1587 5034 fide
1611 4967 1866 5056 permanserint
1892 4962 1993 5060 (nam
2009 4964 2137 5037 Graeci
2157 4969 2292 5059 plurali

259 5076 358 5145 litate
372 5086 433 5142 aut
447 5091 609 5138 annonae
624 5064 767 5134 caritate
784 5064 887 5154 plecti
904 5059 1116 5149 Ecclesiam,
1143 5090 1249 5156 quam
1300 5089 1449 5135 numero
1465 5068 1611 5136 verbum
1634 5069 1818 5164 extulere).
1849 5065 1925 5159 Ego
1939 5093 2018 5139 cum
2033 5092 2106 5137 non
2121 5065 2291 5142 haberem

259 5191 357 5249 tauta
374 5169 553 5242 amentia?
580 5160 866 5258 Planequemibi
883 5167 1089 5257 persuadeo,
1115 5182 1249 5237 certum
1299 5168 1395 5257 quod
1428 5179 1509 5258 apte
1541 5170 1749 5261 responderi
1782 5171 1979 5250 videretur,
2017 5160 2293 5247 commentarios

259 5301 333 5349 esse
348 5275 490 5346 divinae
505 5274 576 5341 irae
589 5270 799 5360 exemplum,
814 5268 844 5345 si
859 5271 1003 5361 quando
1018 5271 1152 5339 mundo
1170 5270 1251 5340 lite-
1298 5267 1456 5336 consulo.
1507 5265 1599 5340 Ecce
1627 5269 1727 5338 vobis
1749 5264 2040 5366 Chrysostomum
2066 5296 2171 5363 quam
2197 5275 2293 5348 belle

260 5426 482 5446 ---—
1299 5381 1452 5455 nugatur
1473 5393 1554 5437 cum
1578 5370 1726 5439 verbum
1747 5367 1904 5462 μείνωσι
1925 5372 1971 5442 ad
1994 5373 2152 5443 sobolem
2171 5378 2290 5450 refert.

290 5499 320 5572 *l
338 5496 478 5556 mantuus
880 5549 887 5561 ,
1299 5464 1406 5554 Quod
1434 5492 1542 5561 quam
1573 5492 1648 5538 nou
1678 5474 1866 5544 conveniat
1889 5472 2082 5544 sententiae
2105 5475 2292 5564 Paulinae,
