4732 6030
265 194 340 270 427
554 212 563 224 -
852 175 1011 254 onor.
1049 173 1124 250 on
1158 171 1438 269 ouranos
1470 170 1704 249 nazara.
2225 188 2303 269 aaa

180 364 183 370 ¹
268 363 395 440 Lazari
425 373 525 433 erant
546 352 727 448 Apostoli,
760 374 848 445 quos
878 363 952 421 toto
974 351 1060 419 orbe
1082 364 1256 421 terrarum
1310 348 1420 419 deleri
1436 347 1551 416 studia
1567 347 1749 418 doctrinae
1763 343 2009 440 Christianae,
2034 375 2075 425 ac
2091 356 2243 432 aliarum
2257 365 2306 436 li.

268 492 395 545 omnes
421 476 576 556 potentes
599 473 768 547 tanquam
790 446 1023 548 καθάρματα
1045 452 1263 533 execrabau··
1311 467 1475 521 terarum.
1538 447 1621 518 Non
1645 474 1819 540 compono
1840 467 2013 546 satyram,
2047 481 2123 528 non
2148 486 2307 536 comme.

270 590 344 647 rur.
396 561 646 655 Quaerendum
668 557 776 645 igitur
802 570 836 625 et
857 551 924 624 lroc
945 570 1102 645 tempore
1124 553 1258 645 quire·
1310 553 1456 621 morabo
1479 574 1602 620 eorum
1623 551 1774 640 flagitia,
1800 579 1889 646 quae
1907 562 2104 631 verecunde
2123 565 2308 638 nominari

271 668 589 748 ferantLazarum,
615 660 678 752 qui
701 659 885 728 imitentur
907 656 1065 726 divitem.
1119 654 1159 724 Si
1178 676 1259 721 vere
1310 678 1383 722 non
1401 667 1563 744 possunt3
1589 677 1671 722 nam
1688 656 1846 726 modesta
1862 657 2004 746 ingenia
2020 686 2094 732 non
2108 677 2250 737 tantum
2265 670 2307 740 in

272 776 339 848 hoc
357 784 388 838 et
404 764 610 856 simpliciter
625 761 815 830 dicendum
828 772 893 828 est:
920 755 993 826 Nos
1007 757 1132 852 inopes
1147 751 1260 826 Scho-
1311 755 1491 845 moribus,
1511 756 1572 824 sed
1593 757 1696 825 etiam
1720 758 1758 824 in
1777 780 1939 828 sermone
1954 762 2229 839 obscoenitatem
2246 773 2308 842 fu·

272 870 403 954 lastici,
434 867 563 936 deiude
587 887 710 933 omnes
733 860 955 940 Sacerdotes,
989 859 1052 951 qui
1074 859 1180 947 vulgo
1203 857 1260 923 in·
1311 879 1392 946 gere
1406 858 1514 927 decet.
1548 852 1648 926 Nihil
1664 857 1778 927 dicam
1795 861 1839 927 de
1855 861 2199 960 coenisTyberianis
2213 897 2308 964 quo.

270 975 339 1047 visi
369 996 408 1040 ac
435 968 561 1060 spreti,
595 989 675 1035 cum
705 963 784 1032 aliis
809 958 988 1030 aerumnis
1014 960 1260 1041 conficiuntur,
1312 959 1484 1040 tundam,
1513 957 1574 1049 qni
1597 960 1712 1026 nudas
1735 952 1871 1051 puellas
1891 964 2018 1034 saltare
2041 969 2088 1037 ad
2110 972 2232 1060 epulas
2248 974 2307 1045 iu-

271 1097 346 1153 tum
363 1096 447 1141 vero
464 1093 543 1140 cum
560 1067 730 1136 saxoribus
748 1077 782 1134 et
800 1062 917 1153 parvis
932 1061 1054 1130 liberis
1068 1063 1159 1130 fame
1175 1082 1260 1128 con·
1312 1061 1408 1129 bent.
1465 1055 1583 1127 Multa
1607 1060 1808 1151 prodigiosa
1833 1079 2026 1154 praetereo.
2084 1067 2138 1142 Ac
2158 1095 2203 1142 ne
2227 1074 2306 1146 fieri

271 1183 475 1257 tabescunt,
505 1168 631 1239 Lazari
652 1181 747 1236 sunt.
811 1163 950 1233 Horum
974 1179 1110 1233 coetum
1132 1160 1261 1229 animis
1313 1161 1455 1254 quidem
1478 1173 1609 1247 potest,
1641 1161 1729 1254 quin
1754 1164 1890 1246 ocium,
1923 1169 2127 1259 opulentia,
2151 1174 2305 1262 inscitia,

273 1296 378 1374 atque
410 1274 520 1345 oculis
553 1269 757 1361 proponite:
802 1264 892 1348 Nos,
933 1263 1098 1355 inquam,
1136 1262 1260 1351 inopes
1313 1272 1533 1351 contemptus
1547 1262 1742 1352 religionis,
1768 1265 1910 1356 pariant
1923 1271 2039 1340 omnis
2052 1274 2188 1362 generis
2203 1276 2304 1348 vitia.

273 1377 526 1455 Scltolasticos,
550 1386 583 1440 et
605 1366 686 1437 illos
707 1369 852 1436 miseros
867 1365 1073 1436 Sacerdotes
1090 1389 1170 1433 cum
1189 1361 1261 1431 suis
1314 1359 1469 1431 Maxima
1494 1385 1574 1452 pars
1597 1377 1734 1435 tantum
1757 1366 1858 1456 gulae
1881 1383 1916 1440 et
1936 1371 2120 1444 obscoenis
2139 1376 2302 1468 volupta-

272 1480 428 1554 familiis.
489 1473 580 1561 Quis
604 1485 656 1539 est
678 1484 748 1538 tam
775 1470 888 1537 ferreo
909 1480 1067 1557 pectore,
1101 1464 1261 1557 quisine
1314 1463 1408 1532 tibus
1438 1463 1554 1531 dedita
1584 1475 1651 1532 est:
1681 1465 1745 1534 alii
1766 1469 1874 1558 magis
1896 1475 2050 1560 strenui,
2082 1489 2119 1546 et
2142 1477 2302 1568 occupati

273 1578 463 1675 lachrymis
477 1572 575 1644 hunc
592 1585 729 1643 coetum
745 1568 917 1660 aspicere,
943 1580 1004 1637 aut
1019 1566 1168 1656 cogitare
1184 1564 1263 1634 ani·
1314 1562 1468 1653 negociis
1488 1564 1657 1655 politicis,
1690 1582 1752 1639 aut
1773 1574 2027 1660 oeconomicis‚
2057 1577 2159 1648 alunt
2181 1602 2302 1671 equos,

273 1712 332 1757 mo
357 1692 489 1773 potest,
517 1699 597 1745 cum
622 1673 767 1766 quidem
790 1670 882 1739 nulli
905 1667 944 1735 in
963 1668 1033 1736 vita
1051 1689 1179 1738 munus
1199 1667 1262 1733 ad·
1314 1678 1448 1734 certant
1463 1679 1606 1755 sumptu
1619 1680 1653 1737 et
1667 1669 1854 1759 splendore
1869 1697 1949 1743 curn
1964 1678 2128 1768 satrapis:
2155 1680 2301 1771 quidam

273 1785 478 1857 ministrent
499 1775 733 1870 praestantius
754 1795 793 1841 ac
816 1768 1024 1840 coelestius?
1049 1769 1148 1838 nulla
1166 1767 1262 1834 mili·
1314 1767 1417 1836 etiam
1442 1789 1516 1833 non
1539 1761 1734 1839 abhorrent
1756 1795 1776 1840 a
1798 1772 1926 1860 literis,
1966 1799 2039 1845 noa
2061 1791 2101 1848 ut
2122 1775 2301 1849 Ecclesiae

274 1889 324 1959 tia
338 1884 412 1954 Deo
430 1879 578 1971 gratior,
603 1899 643 1944 ac
657 1872 833 1945 Ecclesiae
848 1871 958 1959 magis
975 1868 1167 1938 necessaria
1185 1866 1262 1937 est?
1313 1867 1485 1950 serviant,
1511 1869 1572 1936 sed
1592 1882 1634 1939 nt
1650 1872 1787 1942 aditum
1810 1867 1962 1947 habeant
1976 1879 2020 1946 ad
2037 1879 2241 1968 dignitatem
2258 1880 2300 1948 in

273 1985 429 2059 Econtra
451 1981 644 2051 imitatores
666 1977 764 2045 illius
780 1972 960 2064 opulenti,
985 1971 1047 2062 qui
1064 1983 1146 2039 suut
1162 1993 1262 2058 prae·
1314 1969 1423 2052 aulis,
1449 1967 1542 2038 inter
1562 1993 1738 2060 proceres:
1765 1975 1935 2045 nonnulli
1955 1979 2189 2049 eruditionem
2213 2004 2301 2050 con·

272 2086 400 2178 cipue?
450 2081 656 2162 Pontifices,
687 2073 875 2167 Episcopi,
905 2068 1097 2151 Canonici,
1131 2069 1262 2140 Mona·
1313 2072 1432 2140 ferunt
1452 2070 1497 2139 ad
1518 2072 1711 2162 perniciem
1732 2070 1920 2148 Ecclesiae.
1976 2075 2082 2152 Certe
2103 2082 2162 2151 isti
2181 2080 2300 2170 generi

277 2187 356 2269 chi,
396 2201 430 2257 et
457 2181 588 2254 horum
620 2178 786 2249 satellites
806 2175 962 2268 tyranni.
1030 2171 1107 2242 Hoc
1137 2195 1261 2262 agmen
1313 2168 1501 2240 hominum
1530 2197 1570 2242 ac
1599 2174 1737 2260 ordini,
1771 2193 1916 2251 nonest
1940 2204 2045 2251 curae
2066 2182 2301 2252 ministerium

212 2342 219 2353 ·
274 2305 389 2364 totum
423 2286 550 2356 animis
572 2280 780 2362 intuemini,
816 2289 852 2346 et
873 2275 1019 2364 cogitate
1041 2274 1086 2343 ab
1107 2269 1263 2342 Ecclesia
1313 2269 1519 2361 Evangelii,
1551 2296 1616 2342 nec
1647 2290 1803 2366 pastores
1833 2296 2009 2372 quaerunt
2035 2283 2205 2368 idoneos,
2236 2306 2301 2353 nec

274 2394 436 2482 ingentes
451 2411 490 2456 ac
504 2385 615 2474 regias
630 2376 906 2473 opesEpiscopis
922 2391 956 2446 et
968 2375 1124 2465 collegiis
1140 2397 1261 2444 eorum
1313 2375 1487 2444 discentes
1510 2375 1698 2458 adiuvant,
1731 2402 1796 2449 nec
1817 2382 1862 2450 ad
1885 2377 1980 2452 bunc
2000 2406 2104 2453 usum
2127 2384 2242 2452 decidi
2266 2396 2301 2454 et

275 2490 537 2563 commendatas
558 2507 650 2561 esse,
690 2479 821 2573 quibus
842 2477 962 2547 alendi
985 2490 1085 2546 erant
1108 2490 1262 2566 pastores
1314 2475 1437 2544 abradi
1457 2475 1592 2568 aliquid
1617 2479 1661 2547 de
1681 2479 1754 2549 suis
1772 2482 1997 2553 facultatibus
2010 2485 2209 2575 patiuntur:
2236 2486 2301 2553 de·

274 2595 327 2686 pii
359 2615 399 2660 ac
430 2580 659 2667 Scholastici,
696 2604 786 2674 quae
822 2580 867 2648 ad
905 2578 983 2669 piae
1019 2577 1198 2647 doctrinae
1228 2590 1262 2647 et
1313 2577 1423 2668 nique
1445 2576 1696 2667 conspirarunt
1716 2582 1761 2650 ad
1779 2583 1962 2652 delendam
1980 2585 2177 2654 doctrinam
2192 2579 2301 2655 Chri·

274 2716 396 2765 earnm
423 2689 574 2771 artium,
616 2707 705 2777 quae
726 2679 903 2770 Ecclesiae
933 2691 1016 2748 sunt
1043 2692 1263 2763 ornamento,
1315 2679 1477 2762 stianam,
1503 2678 1846 2771 accenduntRegum
1864 2686 2120 2770 crudelitatem,
2148 2699 2301 2777 aspost-

275 2791 577 2867 conservationem
594 2785 825 2856 conferendae
839 2794 948 2851 erant.
997 2777 1063 2849 llis
1076 2781 1130 2850 illi
1144 2779 1263 2869 ignavi
1314 2804 1353 2849 ea
1377 2803 1413 2848 se
1434 2781 1620 2851 nominant
1636 2777 1811 2853 Ecclesiae
1830 2786 2095 2875 gubernatores:
2122 2786 2194 2854 imo
2212 2811 2300 2855 con·
2353 2809 2359 2817 ·

274 2910 433 2978 ventres,
474 2887 726 2977 Sardanapali,
764 2883 960 2976 parricidae
989 2882 1193 2951 suavissime
1223 2881 1262 2948 in
1314 2895 1382 2950 stat
1401 2904 1524 2950 omnes
1547 2882 1595 2950 sic
1618 2883 1772 2969 adfectos
1791 2909 1879 2970 esse,
1904 2889 2022 2978 potius
2039 2902 2078 2958 ut
2092 2888 2217 2957 malint
2230 2912 2302 2958 no-

274 3000 353 3070 ocio
369 3010 402 3065 et
418 2990 674 3085 tranquillitate
688 2988 867 3056 fruuntur.
921 2981 975 3053 Ac
989 3008 1062 3051 non
1076 2985 1181 3052 modo
1198 3006 1263 3050 nos
1314 3006 1395 3051 men
1418 2976 1660 3054 Christianum
1688 2985 1849 3058 funditus
1872 2988 2001 3073 deleri,
2035 3013 2138 3082 quam
2162 2989 2302 3082 aliquid

275 3099 488 3169 defraudant
503 3094 565 3162 illo
581 3113 746 3171 munere,
769 3087 865 3181 quod
881 3085 984 3155 nobis
993 3081 1149 3155 Ecclesia
1163 3083 1263 3153 attri-
1315 3086 1358 3153 de
1376 3084 1565 3176 tyrannide
1580 3086 1768 3156 remittere.
1818 3084 1866 3158 Et
1880 3089 1998 3159 literas
2012 3114 2132 3160 omues
2147 3091 2303 3159 oderunt

274 3201 375 3282 buit,
401 3199 462 3265 sed
483 3195 587 3264 etiam
612 3189 797 3284 tyrannico
818 3189 912 3303 fasgu
925 3210 998 3267 ⁴nos
1020 3197 1264 3266 contemnunt,
1315 3181 1407 3253 hanc
1424 3208 1532 3254 unam
1556 3187 1602 3255 ob
1623 3210 1782 3272 eausam,
1808 3192 1901 3282 quod
1918 3192 2142 3281 suspicantur
2155 3191 2303 3259 literatis

276 3320 312 3373 et
332 3322 468 3369 summa
493 3294 565 3362 odii
587 3291 773 3360 acerbitate
789 3290 957 3357 adversus
974 3311 1039 3357 nos
1055 3287 1263 3356 inflammati
1314 3287 1540 3380 tyrannidem
1557 3287 1752 3378 displicere.
1805 3288 1918 3376 Quam
1936 3293 2069 3360 multae
2087 3304 2303 3361 suntantem

277 3417 380 3481 sunt,
406 3397 582 3468 trucidare
604 3416 643 3460 ac
667 3391 783 3458 delere
800 3412 864 3457 nos
881 3402 1065 3459 conantur.
1116 3383 1263 3456 Annon
1315 3389 1354 3455 in
1375 3381 1563 3478 Prophetis
1591 3390 1777 3458 conciones
1808 3392 2015 3476 acerrimae,
2049 3417 2139 3486 quae
2164 3393 2304 3483 proprie

277 3514 444 3593 superant
469 3497 571 3568 etiam
593 3494 693 3579 illum
720 3490 881 3587 divitem,
907 3489 969 3581 qui
993 3502 1109 3556 tamen
1131 3487 1264 3556 Lazaro
1315 3488 1384 3558 tale
1406 3487 1497 3556 vitae
1520 3511 1629 3578 genus
1651 3491 1861 3581 vituperant.
1913 3490 2130 3564 Meministis
2152 3491 2304 3577 Esaiam,

277 3604 368 3673 lucis
388 3622 531 3670 usuram
556 3620 630 3664 non
656 3593 845 3682 eripiebat,
873 3590 934 3682 qui
960 3591 1075 3658 locum
1095 3590 1139 3657 ad
1159 3589 1265 3658 vesti·
1315 3589 1377 3681 qui
1399 3587 1546 3690 inquit:
1561 3594 1634 3660 Vae
1656 3592 1759 3661 vobis
1785 3594 1847 3685 qui
1864 3617 1967 3662 mane
1983 3596 2027 3663 ad
2046 3594 2205 3664 convivia
2223 3617 2304 3662 sur-

275 3705 403 3776 bulum
426 3700 649 3771 concedebat.
698 3692 837 3764 Deinde
854 3691 953 3761 dives
970 3715 1032 3759 suo
1049 3689 1263 3780 patrimonio
1315 3691 1416 3779 gitis,
1441 3714 1506 3760 nec
1528 3715 1617 3784 opus
1640 3692 1805 3763 divinum
1826 3696 2009 3784 respicitis.
2057 3691 2103 3764 Et
2118 3688 2301 3762 Ezechiel:

275 3806 475 3877 fruebatur:
502 3797 681 3891 Episcopi,
707 3791 880 3865 Canonici
897 3806 930 3863 et
941 3787 1122 3877 Monachi,
1149 3791 1264 3860 aliena
1316 3787 1406 3861 Ecce
1420 3787 1506 3860 haec
1520 3793 1589 3862 fuit
1602 3793 1771 3888 iniquitas
1781 3794 1956 3866 Sodomae
1969 3796 2098 3866 sororis
2113 3807 2210 3872 tuae,
2239 3818 2303 3863 su-

276 3908 532 3986 intervertunt,
559 3923 668 3993 eaque
693 3895 894 3986 turpissime
913 3918 976 3986 per
990 3895 1111 3963 luxum
1131 3906 1164 3963 et
1182 3893 1264 3962 libi·
1316 3893 1455 3984 perbia,
1478 3895 1642 3965 saturitas
1662 3897 1782 3988 panis,
1807 3898 1944 3981 ocium,
1969 3911 2003 3967 et
2024 3921 2164 3965 manum
2183 3895 2303 3984 egenti

275 4011 376 4080 dines
413 4006 585 4095 dissipant
620 4026 659 4070 ac
699 3998 938 4090 profundunt,
985 4019 1059 4064 non
1096 4018 1194 4065 secus
1225 4019 1265 4064 ac
1316 4019 1389 4064 nou
1403 3995 1636 4084 porrigebant.
1690 3996 1838 4068 Nullum
1855 4011 1973 4069 autem
1987 3993 2091 4068 hodie
2106 4019 2217 4086 genus
2232 3992 2306 4065 ho·
2344 4075 2347 4079 ¹

147 4183 150 4191 ,
274 4109 395 4203 sponsi
426 4106 618 4195 Penelopes
641 4099 777 4192 Ulyssis
808 4098 989 4166 facultates
1015 4097 1265 4166 dilacerabant.
1316 4097 1453 4164 minum
1476 4097 1621 4166 duriore
1638 4100 1780 4169 fortuna
1798 4099 2045 4183 conflictatur,
2060 4121 2166 4192 quam
2185 4109 2306 4188 pasto·

273 4212 347 4282 Nec
388 4232 450 4295 ego
487 4230 584 4273 nunc
623 4204 667 4270 de
694 4197 914 4287 singulorum
945 4199 1105 4265 moribus
1138 4200 1264 4270 dicam.
1317 4221 1372 4266 res
1394 4194 1631 4268 Ecclesiamm
1663 4212 1697 4266 et
1720 4194 1921 4270 scholastici
1945 4213 2099 4270 amantes
2121 4200 2305 4269 doctrinae

275 4309 369 4381 Sunt
385 4303 683 4376 iuterCanonicos
700 4299 810 4391 aliqui
827 4298 1264 4388 modestisingeniisprae-
1315 4294 1548 4369 Christianae.
1600 4297 1737 4369 Similis
1755 4302 1879 4369 concio
1901 4317 1952 4371 est
1967 4303 2060 4391 apud
2079 4296 2305 4371 Zachariam:

276 4411 362 4492 diti,
398 4408 459 4475 sed
480 4429 588 4493 genus
608 4402 698 4470 vitae
721 4394 951 4488 reprehendo.
1018 4395 1265 4487 Prodigiosum
1315 4397 1406 4470 Ecce
1429 4415 1548 4491 pastor
1572 4402 1658 4484 erit,
1691 4401 1754 4493 qui
1776 4404 1912 4473 deseret
1933 4426 2093 4493 gregem,
2125 4415 2158 4472 et
2182 4422 2305 4473 carnes

277 4526 328 4582 est
345 4512 382 4578 iu
399 4504 553 4577 Ecclesia
572 4526 645 4572 esse
661 4499 843 4582 sodalitia,
870 4496 974 4586 regiis
992 4498 1120 4586 opibus
1136 4501 1264 4571 donata
1317 4502 1504 4593 pinguium
1532 4506 1699 4573 comedet.
1758 4498 1795 4573 Ο
1818 4517 1936 4595 pastor
1957 4518 1993 4574 et
2016 4503 2166 4576 idolum.
2231 4500 2305 4572 Sed

276 4617 321 4684 ad
342 4607 429 4695 hoc,
456 4623 496 4678 ut
518 4607 569 4676 ibi
594 4600 754 4673 homines
774 4599 885 4669 ociosi
904 4600 1118 4689 saginentur.
1171 4598 1265 4670 Haec
1316 4599 1379 4670 has
1401 4600 1622 4693 propheticas
1644 4617 1677 4672 et
1701 4605 1867 4674 coelestes
1890 4605 2182 4676 comminationes
2204 4625 2306 4672 secu·

276 4713 441 4786 sodalitia
467 4709 602 4780 etiamsi
627 4719 776 4773 veterem
800 4701 1024 4792 disciplinam
1051 4715 1267 4786 revocarent,
1317 4703 1454 4771 risstme
1474 4706 1638 4774 derident
1659 4705 1712 4772 illi
1734 4706 1919 4780 Sibaritae.
1980 4704 2114 4776 Verum
2135 4721 2187 4776 est
2206 4703 2307 4773 enim

276 4832 393 4890 tamen
409 4811 565 4885 Ecclesia
593 4810 742 4880 tolerare
764 4828 839 4872 non
864 4804 978 4888 decet,
1005 4802 1198 4872 nonenim
1223 4804 1266 4871 de
1318 4806 1413 4897 quod
1436 4802 1523 4874 Cato
1549 4806 1703 4875 dicebat:
1734 4805 1871 4878 Venter
1895 4821 1988 4877 caret
2008 4809 2164 4878 auribus.
2232 4803 2309 4875 Nee

276 4919 435 4989 moribus
466 4913 655 5008 praecipua
683 4921 735 4978 est
763 4906 920 4999 querela.
981 4903 1076 4975 lllud
1106 4903 1267 4997 queritur
1320 4919 1436 4975 tamen
1461 4907 1594 4976 interea
1619 4931 1766 5003 prorsus
1785 4909 1942 4997 extingui
1967 4910 2148 4979 coelestem
2172 4905 2309 4978 doctri·

275 5018 430 5090 Lazarus
456 5031 568 5086 totum
604 5013 693 5082 illud
724 5010 817 5077 vitae
851 5029 960 5097 genus
989 5005 1266 5077 contaminatum
1318 5001 1568 5078 namChristus
1585 5011 1732 5098 patitur,
1759 5012 1819 5078 sed
1833 5004 1941 5081 habet
1956 5012 2030 5102 ipse
2044 5033 2186 5104 quoque
2201 5031 2311 5078 suum

160 5118 165 5127 ’
275 5145 348 5194 esse
370 5119 554 5199 idolatria,
581 5139 619 5184 ac
643 5124 787 5203 propter
806 5104 899 5178 hano
914 5107 1043 5197 negligi
1062 5108 1139 5198 pios
1154 5104 1267 5179 Scho-
1318 5123 1456 5178 coetum
1479 5134 1694 5202 pauperum,
1721 5111 1783 5204 qni
1800 5105 2035 5202 Evangelium
2058 5125 2093 5182 et
2114 5112 2259 5181 discunt
2274 5120 2312 5179 et

275 5224 433 5305 lasticos,
457 5243 497 5289 ac
520 5229 675 5308 pastores
688 5209 945 5290 Ecclesiarum,
972 5209 1178 5302 debitasque
1196 5209 1268 5277 illis
1317 5233 1509 5302 propagare
1529 5216 1682 5304 student.
1747 5211 1928 5285 Adversus
1952 5210 2019 5285 hos
2041 5212 2177 5285 etiamsi
2199 5232 2311 5280 omne

273 5327 452 5398 mercedes
480 5320 520 5389 in
548 5316 624 5388 istis
655 5313 871 5406 sumptuosis
899 5309 1072 5382 sodalitiis
1093 5310 1268 5392 devorari,
1318 5333 1427 5421 genus
1447 5315 1664 5387 crudelitatis
1686 5330 1846 5389 exercent
1866 5317 1993 5388 divites
2011 5317 2084 5403 illi,
2108 5313 2312 5411 quitenent
