4732 6030
147 309 233 401 ,top
546 295 706 381 DECL.
746 297 825 387 DE
853 294 1099 386 ourtcto
1133 290 1567 383 MlNlSTRORUM
1598 291 1813 376 EVANG.
2122 305 2198 385 706

157 506 178 553 a
210 475 359 551 caeteris
383 473 656 567 'animantibun
688 485 724 545 et
744 467 863 543 Deum
892 472 1098 543 invocantes
1131 492 1151 539 a
1202 465 1326 560 spicit,
1352 468 1443 539 etad
1460 461 1556 545 hunc
1572 467 1696 560 dirigit
1710 493 1872 556 cursum,
1904 475 1992 546 etin
2010 476 2082 548 alto
2100 470 2190 550 maii

157 577 466 671 contemptoribus
475 574 546 667 Dei
558 575 743 667 differunt.
797 571 874 645 lmo
889 569 1080 645 nisiaDco
1098 583 1150 649 te·
1202 568 1328 660 procul
1349 581 1444 638 extra
1468 582 1581 639 terrae
1605 584 1831 661 conspectum
1853 591 1992 649 avectus
2016 593 2117 650 notat
2138 581 2188 652 ai.

157 705 340 772 geremur,
372 694 407 752 et
423 674 509 763 hinc
524 676 570 751 ad
583 689 761 749 aeternam
775 672 842 746 Dei
857 671 1150 746 consuetudinem
1202 672 1306 754 dere,
1336 667 1483 755 Ursam,
1517 666 1712 757 Orionem,
1744 670 1926 762 Pleiadas,
1957 692 1991 749 et
2016 681 2103 751 alias
2129 683 2187 753 in-

156 808 243 854 voce
270 776 459 871 Evangelii
488 781 772 863 traduceremur,
809 800 921 868 genus
952 771 1150 844 humanum
1201 770 1373 861 signiores
1394 769 1529 855 stellas,
1568 795 1656 864 quas
1679 786 1847 866 tanquam
1876 779 1983 849 duces
2011 797 2188 874 sequatur,

155 889 317 968 fradra,
344 883 446 952 etad
471 879 618 957 exitium
641 891 780 950 tantum
809 891 933 951 natum
966 888 1074 957 esset,
1116 886 1151 946 et
1201 873 1249 944 ita
1272 895 1337 942 nos
1357 866 1445 942 haec
1474 874 1547 942 duo
1575 889 1758 965 praecepta
1790 876 1829 948 in
1861 891 1981 951 nostra
2010 886 2187 969 guberna.

143 1010 259 1070 nere,
284 997 326 1056 ut
341 982 638 1074 etiamsapieutes
651 973 800 1067 Ethnici
813 979 1050 1072 scripserunt,
1080 975 1151 1047 mi·
1202 974 1299 1044 tione
1323 971 1511 1066 praecipua
1534 995 1609 1044 esse
1630 976 1812 1050 ducamus.
1862 976 1959 1052 Haec
1983 1004 2121 1074 semper
2145 987 2186 1059 in

156 1087 326 1159 serrimus
351 1096 439 1154 esset
463 1082 625 1155 omnium
647 1075 883 1165 annuentium
915 1074 1044 1162 homo„
1087 1075 1150 1171 qui
1200 1087 1389 1166 conspectu
1405 1074 1495 1160 sint,
1511 1069 1603 1152 ,haec
1616 1091 1742 1167 regant
1758 1101 1882 1150 omnes
1895 1082 2098 1172 conciones,
2123 1090 2186 1161 de-

157 1213 233 1258 non
250 1188 365 1259 solnm
382 1183 729 1275 corporummorbis
755 1195 791 1253 et
813 1181 939 1263 morti,
972 1194 1012 1250 ut
1044 1201 1150 1269 pecu-
1201 1174 1446 1259 liberationes,
1472 1187 1508 1247 et
1523 1178 1689 1249 actiones.
1741 1179 1861 1251 Vitato
1878 1182 1915 1252 in
1932 1186 2093 1258 docendo
2107 1191 2186 1283 opi.

158 1293 239 1373 des,
265 1286 440 1357 obnoxius
456 1300 526 1371 est,
551 1284 736 1367 sedetiam
751 1281 974 1353 multis'aliis
994 1281 1150 1369 ingenti·
1202 1277 1344 1360 niones,
1372 1299 1460 1370 quas
1481 1277 1547 1361 scis
1571 1279 1664 1347 veris
1676 1275 1854 1351 Ecclesiae
1879 1283 2019 1355 iudiciis
2040 1289 2186 1363 reiectas

158 1393 226 1461 hus
240 1389 425 1458 doloribus
439 1386 478 1457 in
492 1381 648 1465 haesita
669 1383 909 1467 excruciatur,
945 1381 1006 1475 qui
1027 1381 1150 1453 bestiis
1200 1399 1291 1448 esse:
1324 1373 1405 1449 Non
1421 1390 1571 1471 pagnato
1588 1379 1812 1453 deomnibus
1828 1385 1954 1467 rebus,
1985 1390 2072 1459 etsi
2098 1395 2186 1486 quid

158 1489 271 1582 ignoti
286 1502 381 1562 sunt.
409 1485 564 1577 Quantis
578 1484 880 1572 contentionibus,
896 1496 932 1555 ct
945 1506 1052 1578 quarn
1069 1483 1148 1555 ina·
1200 1478 1353 1563 incidet,
1386 1480 1523 1572 dequo
1545 1478 1718 1549 iudicabis
1742 1487 1947 1555 certandum
1971 1511 2061 1576 esse,
2093 1496 2186 1566 refer

158 1593 267 1664 nibus
288 1589 501 1680 franguntur
521 1587 650 1661 summi
673 1587 742 1657 viri
754 1586 794 1659 in
809 1583 987 1678 imperiis,
1010 1581 1149 1663 Hercu-
1199 1583 1243 1652 ad
1260 1580 1477 1674 superiores,
1508 1594 1550 1652 ut
1569 1578 1646 1652 sine
1663 1580 1812 1653 dissidio
1827 1587 1970 1676 publico
1987 1595 2185 1667 remedium

158 1697 230 1780 les,
252 1689 465 1783 Pompeius,
490 1687 623 1776 lulius,
650 1684 753 1776 Cato,
778 1687 887 1758 etalii
902 1684 1150 1769 innumerahi-
1198 1695 1380 1780 quaerant.
1466 1740 1495 1765 ,.
1558 1736 1563 1745 -
1622 1752 1625 1757 .

157 1797 222 1879 les,
244 1793 307 1887 qui
323 1816 404 1863 cum
418 1791 560 1871 totaeis
576 1791 646 1863 vita
663 1789 702 1861 in
719 1789 855 1879 magnis
868 1785 1049 1859 aemmnis
1062 1809 1149 1856 con·
1300 1782 1434 1873 Magna
1447 1794 1499 1854 est
1515 1796 1663 1855 naturae
1677 1777 1855 1860 humanae
1870 1786 2055 1864 infirmitas
2064 1847 2085 1877 „
2108 1819 2184 1869 ma

159 1909 301 1985 sumpta
334 1906 443 1978 esset,
482 1894 626 1963 tandem
647 1889 907 1981 indignissima
937 1901 1051 1959 morte
1083 1910 1150 1979 op-
1200 1907 1290 1974 gnae
1316 1896 1351 1953 et
1370 1882 1490 1953 variae
1513 1897 1597 1956 sunt
1619 1885 1845 1974 ingeniorum
1867 1892 2185 1985 dissimilitudines,

157 1994 289 2088 pressi,
315 2017 421 2087 quem
438 1992 607 2067 viderunt
622 2007 786 2083 portum,
810 1988 849 2059 in
866 2012 937 2082 quo
951 1987 1149 2081 acquiesce-
1199 1984 1332 2061 multae
1365 1997 1511 2055 naturae
1544 1984 1714 2072 biliosae,
1755 1987 1963 2076 iracundae,
2013 2019 2184 2086 morosae,

158 2096 264 2169 rent?
288 2094 458 2181 Nullum,
480 2093 657 2187 quialuce
674 2088 860 2181 Evangelii
876 2088 1053 2177 carebant.
1088 2087 1149 2161 Sic
1199 2108 1386 2178 pugnaces.
1440 2083 1509 2158 Sed
1525 2109 1611 2172 nos,
1642 2087 1705 2182 qui
1721 2088 1801 2159 aliis
1815 2091 1997 2182 diligentia
2012 2101 2184 2187 regendo.

159 2197 270 2287 igitur
294 2196 347 2263 illi
371 2193 441 2265 viri
464 2207 680 2288 praestantes
702 2193 833 2271 virtute
847 2190 1149 2281 -periisseviden-
1182 2211 1279 2277 ,rum
1303 2210 1445 2273 murum
1467 2187 1678 2265 antecellere
1696 2190 1886 2278 debemus,
1919 2219 2021 2269 nosse
2041 2202 2185 2275 morbos

159 2314 239 2384 tur,
262 2310 304 2368 ut
317 2318 419 2389 saepe
441 2289 700 2389 pulcherrimae
721 2293 835 2366 violae
853 2292 894 2362 in
919 2288 1018 2362 terra
1033 2293 1149 2363 calca-
1198 2301 1338 2369 nostros
1367 2301 1541 2380 oportet,¹
1562 2312 1607 2359 ne
1630 2293 1832 2364 errantibus
1854 2296 2039 2370 affectibus
2065 2302 2185 2375 frenos

158 2414 215 2472 tac
233 2398 405 2490 pedibus,
438 2395 629 2483 intereunt
684 2390 733 2467 Et
756 2407 873 2473 tarsun
895 2391 957 2465 isti
981 2387 1048 2464 hoc
1070 2393 1148 2464 fuc-
1198 2391 1370 2469 laxemns.
1403 2388 1485 2462 Non
1503 2404 1617 2482 potest
1630 2391 1706 2467 fieri
1722 2393 1761 2462 in
1777 2388 1842 2465 hac
1856 2399 2066 2472 confusione
2081 2403 2184 2492 vitae,

158 2512 245 2579 runt
271 2497 491 2587 miseriores,
516 2498 716 2591 quodcum
740 2519 869 2589 magno
888 2517 994 2567 sensu
1013 2494 1149 2567 doloris
1199 2491 1288 2588 quin
1313 2491 1424 2563 multa
1448 2493 1596 2583 indigna
1620 2493 1800 2581 accidant,
1829 2520 1939 2589 quae,
1968 2501 2038 2571 nisi
2064 2517 2199 2579 nostra

159 2600 303 2677 extincti
323 2614 417 2671 sunt.
1037 2675 1041 2682 ,
1085 2664 1091 2675 ,
1199 2593 1344 2679 lenitate
1360 2609 1547 2678 sanentur,
1573 2617 1712 2666 causam
1730 2597 1868 2687 magnis
1882 2600 2068 2699 discprdiis
2082 2628 2186 2696 prae-

260 2700 485 2790 Aspiciamus
500 2700 607 2792 igitur
621 2693 812 2770 hominnm
826 2699 955 2784 vitam,
985 2695 1149 2771 conside-
1199 2698 1284 2768 bere
1301 2709 1459 2788 possunt.
1509 2693 1580 2767 Sed
1601 2697 1757 2788 prolecto
1782 2701 1950 2772 omnibus
1968 2706 2184 2793 gubernato-

158 2827 276 2873 remus
289 2825 380 2896 quae
395 2826 530 2873 resnos
544 2827 564 2871 a
578 2801 699 2872 bestiis
711 2801 898 2886 discernat,
918 2800 1047 2871 deinde
1061 2799 1147 2895 quid
1199 2799 1301 2873 ribus
1325 2797 1436 2869 multa
1460 2797 1614 2887 ingentia
1634 2799 1861 2873 incommode
1883 2804 2067 2876 toleranda
2090 2825 2183 2893 sunt,

159 2918 336 2996 praestent
363 2905 451 2972 boni
486 2902 607 2984 malis,
652 2901 750 2969 unde
775 2903 848 2970 siut
876 2916 1017 2971 aeterna
1042 2904 1149 2971 bona.
1199 2915 1240 2973 ut
1258 2897 1356 2973 Deua
1376 2899 1488 2973 multa
1510 2914 1544 2972 et
1566 2922 1693 2989 magna
1715 2900 1803 2973 vitia
1826 2902 1866 2972 in
1889 2906 1994 2977 nobis
2015 2907 2185 2982 immensa

158 3003 321 3096 Cumque
362 2997 448 3071 haec
490 3000 619 3070 donari
655 3023 739 3069 voce
769 2995 957 3088 Evangelii
987 3000 1158 3086 sciamus,
1199 3000 1441 3075 misericordia
1456 3000 1595 3074 tolerat.
1635 2999 1952 3075 Haucanimornm
1969 3011 2184 3082 moderatio-

160 3100 446 3193 magnitudinem
461 3099 576 3170 divini
591 3099 749 3169 muneris
763 3112 1005 3189 agnoscamus,
1022 3098 1148 3187 ,etDeo
1199 3126 1282 3173 nem
1298 3102 1368 3171 nisi
1384 3101 1589 3185 induemus,
1614 3101 1763 3192 cogitate
1779 3126 1921 3198 quaeso,
1946 3109 2026 3200 quis
2045 3112 2091 3180 sit
2108 3135 2187 3184 mo·

159 3204 289 3292 gratias
310 3224 471 3297 agamus,
508 3203 603 3297 quod
626 3195 694 3270 hoc
720 3200 955 3303 ministerium
982 3201 1149 3287 instituit,
1186 3204 1286 3288 dns,
1312 3202 1391 3296 quis
1406 3201 1486 3273 linis
1502 3202 1659 3273 rixarum
1674 3203 1841 3277 futurus?
1890 3203 1931 3278 Si
1951 3211 1997 3278 de
2017 3213 2185 3284 omnibus

160 3318 194 3374 et
207 3317 366 3374 nostrum
379 3302 535 3372 officinm
549 3301 740 3392 diligenter
754 3302 953 3374 etli'd'eliter
967 3303 1149 3374 faciamus.
1199 3306 1323 3388 rebus,
1348 3324 1438 3398 quae
1451 3302 1556 3381 nobis
1571 3302 1830 3396 displicebunt,
1854 3306 1946 3380 bella
1964 3334 2105 3384 movere
2123 3340 2186 3386 vo-

143 3488 146 3493 ,
261 3402 388 3474 Nostra
411 3427 487 3487 vox¹
502 3427 577 3483 non
598 3417 736 3474 tantum
760 3417 861 3489 sonat
879 3417 1075 3497 praecepta
1103 3406 1149 3475 de
1198 3405 1380 3487 luerimus.
1416 3426 1446 3473 .’
1721 3420 1725 3427 ·
2159 3460 2162 3465 ⁴

147 3504 339 3589 moribus,
366 3516 408 3574 -ut
426 3501 623 3588 Socratica,
654 3516 715 3574 aut
730 3500 931 3590 Platonica,
964 3528 1055 3601 quae
1073 3528 1147 3575 uon
1217 3570 1221 3581 ,
1283 3502 1584 3579 ¹Curnautemde
1598 3501 1656 3576 his
1670 3508 1810 3581 duabus
1824 3509 2026 3602 virtutibus,
2051 3517 2096 3586 de
2110 3531 2186 3591 stu-

142 3600 435 3696 .inchoat'vitanl
457 3598 656 3695 aeternam,
697 3604 774 3693 sed,
791 3612 846 3677 est
872 3629 1046 3695 organum
1075 3631 1148 3698 quo
1199 3607 1261 3679 dio
1302 3605 1470 3686 veritatis
1511 3619 1558 3678 et.
1588 3612 1995 3701 amore-concordiae,
2030 3617 2186 3708 plurima

142 3705 259 3779 Deus
287 3730 385 3803 vere¹
403 3718 439 3774 et
468 3707 546 3774 sine
564 3704 639 3774 ulla
663 3702 887 3775 dubitatione
908 3705 947 3774 in
970 3704 1149 3776 mentibus
1198 3707 1271 3785 dici
1292 3706 1509 3798 possint„‚et
1526 3706 1638 3779 multa
1660 3710 1821 3802 qamtidie
1846 3712 1972 3803 legatis
1992 3715 2080 3808 ipsi,
2111 3744 2188 3793 non

159 3808 380 3880 credentium
396 3818 449 3876 est
470 3805 591 3876 efficax
606 3806 756 3897 propter
775 3804 921 3890 filium,
941 3808 977 3876 e't
1000 3798 1149 3895 lingitur
1199 3831 1263 3885 ero
1275 3807 1459 3899 prolixiore
1509 3804 1805 3882 Tantumunum
1828 3829 2075 3902 argumentum
2095 3821 2190 3892 reci.

159 3913 255 3982 bona
273 3923 433 4003 aeterna,
465 3932 582 4003 quae,
603 3923 647 3979 ut
662 3928 784 3997 ornnes
798 3907 1150 4007 norunthomnibus
1199 3911 1302 3992 tabo,
1327 3909 1423 4000 quod
1438 3901 1609 3996 mihiipsi
1627 3910 1786 4000 quotidie
1802 3912 1956 3991 inculco.
1972 3916 2096 3991 aNulla
2107 3922 2188 3997 dies

160 4010 359 4083 interilur'is
372 4004 568 4105 commodis
592 4010 627 4078 'et
648 4002 867 4078 ornamentis
889 3994 993 4099 lon'ge
1015 4009 1150 4078 antefe-
1200 4008 1275 4084 abit
1286 4008 1375 4100 quin
1385 4005 1541 4095 ¹cogitem
1556 4009 1600 4077 de
1615 4008 1681 4078 lilii
1692 4006 1761 4081 Dei
1773 4028 1898 4100 morte,
1927 4030 1962 4088 et
1975 4020 2186 4096 admirando

162 4115 272 4183 tenda
288 4126 383 4185 sunt.
434 4107 481 4194 Ut
498 4109 608 4201 igitur
617 4109 721 4197 ,bona
730 4121 870 4183 aeterna
885 4110 1074 4201 praecipue
1088 4128 1149 4178 er-
1200 4130 1329 4199 agone,
1369 4107 1409 4176 in
1438 4130 1510 4200 quo
1534 4121 1618 4180 ante
1642 4124 1794 4183 mortem
1816 4116 1955 4188 luctans
1972 4119 2047 4212 ipse
2068 4141 2185 4196 seeum

162 4213 317 4306 petenda
330 4224 432 4298 sunt,
449 4211 515 4297 ,ita
539 4210 691 4287 sciamus
709 4208 946 4285 ministerium
960 4205 1149 4300 Evangelii
1200 4209 1407 4299 sauguinem
1423 4208 1576 4282 sudavit.
1633 4208 1728 4283 Eum
1752 4237 1901 4305 agonem
1923 4218 2099 4310 ingressae
2120 4250 2187 4320 pm

164 4336 341 4391 summum
356 4315 504 4402 gradum
525 4335 598 4399 esse
612 4311 776 4407 omnium
791 4311 1028 4384 functionum.
1199 4307 1357 4399 Ecclesia
1369 4322 1551 4403 precatur,
1571 4336 1657 4383 -cum
1674 4336 1784 4386 >auum
1798 4318 2033 4408 sacrificium,
2059 4341 2101 4398 uc
2120 4347 2188 4418 po·

264 4410 362 4486 Haec
377 4426 560 4506 postquam
577 4412 754 4505 praelatus
769 4435 868 4497 sum,
899 4436 996 4484 nunc
1019 4435 1083 4484 vos
1105 4412 1151 4483 de
1200 4412 1308 4487 stulst
1322 4412 1705 4501 sacerdotisufficium,
1718 4417 1840 4490 offert.

162 4515 303 4585 duobus
318 4515 530 4606 praeceptis,
555 4541 646 4608 quae
660 4524 745 4585 sunt
757 4513 919 4584 omnium
933 4532 1090 4598 summa,
1116 4526 1150 4584 et
1300 4511 1371 4585 llic
1386 4515 1475 4585 duas
1490 4537 1546 4585 res
1561 4513 1650 4606 petit
1669 4517 1709 4586 in
1724 4512 1882 4591 Ecclesia
1905 4524 2059 4611 servari,
2081 4521 2187 4595 Veri-

146 4616 351 4687 .oontinent
367 4614 556 4706 plaeraque
574 4616 664 4696 alia,
699 4615 1029 4701 commonefaciam,
1059 4638 1151 4708 quo-
1202 4630 1309 4689 tatem
1327 4629 1360 4686 et
1376 4612 1625 4688 Concordiam.
1676 4615 1731 4688 Dc
1748 4622 1894 4692 veritate
1910 4624 2043 4713 inquit:
2071 4624 2188 4712 Pater,

161 4742 242 4788 rum
266 4715 422 4807 primum
447 4728 520 4799 est,
547 4726 589 4786 ut
603 4711 789 4806 Evangelii
811 4716 1020 4810 puritatem,
1053 4717 1151 4810 quod
1201 4716 1378 4788 sanctifica
1395 4736 1455 4784 eos
1477 4715 1518 4787 in
1542 4717 1701 4791 veritate.
1755 4716 1806 4793 Et
1829 4746 1942 4815 quam-
1958 4725 2090 4797 iudicet
2111 4751 2186 4798 esse
2276 4746 2279 4751 ·

149 4844 260 4914 ‚nunc
272 4815 341 4888 Dei
357 4814 527 4887 beneficio
543 4813 582 4883 in
600 4817 729 4887 nostrie
742 4814 910 4897 Ecclesiis
925 4830 1046 4898 sonat,
1074 4840 1149 4893 non
1201 4818 1395 4899 veritatem,
1415 4815 1583 4902 ostendit,
1607 4816 1792 4911 inquiens:
1818 4821 1944 4894 Sermo
1961 4841 2109 4898 tuusest
2123 4853 2187 4900 ve-

163 4920 289 4992 sinatis
304 4916 558 5007 corrumpiaut
580 4915 793 5003 adulterari,
825 4921 887 4989 sed
909 4919 1151 5009 incorruptam
1202 4919 1300 4991 ritas.
1323 4913 1577 4991 Deconcordia
1593 4941 1677 4989 cero
1690 4918 1804 4992 dicite.
1823 4920 1927 4995 Pater
1942 4944 2071 5011 sancte,
2087 4952 2188 5002 serva

162 5023 347 5093 veritatem
362 5017 549 5090 tueamini.
598 5011 763 5096 Alterum
781 5034 1006 5111 praeceptum
1021 5032 1090 5104 est,
1111 5031 1153 5089 ut
1203 5042 1264 5090 eos
1288 5018 1327 5088 in
1348 5019 1495 5089 nomine
1517 5031 1601 5103 tuo,
1640 5044 1730 5113 quos
1744 5024 1884 5097 dedisti
1905 5023 2011 5115 milti,
2055 5045 2094 5102 ut
2116 5031 2188 5105 sint

163 5124 351 5211 diligenter
364 5120 526 5204 caveatis,
551 5141 609 5203 ne,
637 5129 699 5189 aut
713 5118 917 5208 dogmatum
933 5119 1153 5213 corruptelis,
1202 5143 1335 5207 unum,
1358 5119 1448 5196 sicut
1463 5142 1548 5205 nos,
1572 5119 1611 5190 id
1623 5133 1697 5208 est,
1719 5122 1856 5198 sincera
1872 5129 2117 5205 benevolentia
2129 5133 2190 5203 in-

163 5240 225 5296 aut
237 5225 317 5307 aliis
332 5222 499 5293 inanibus
519 5220 605 5295 rixis
625 5218 1053 5319 concordiam-publicam
1076 5236 1152 5294 tur·
1203 5238 1257 5295 ter
1268 5246 1307 5294 se
1321 5221 1580 5307 devincti-sint,
1598 5245 1665 5295 nec
1683 5226 1834 5301 excitent
1846 5230 2001 5305 dissidia.

164 5327 267 5399 betis.
307 5321 384 5395 Etsi
399 5324 511 5393 multa
524 5321 593 5391 alia
610 5344 752 5415 qnoque
767 5321 921 5415 praecipi
937 5347 1076 5395 necesse
1092 5337 1154 5409 est,
1307 5322 1367 5395 Aa
1398 5320 1516 5398 lsuitts-
1534 5324 1649 5403 nostri
1678 5331 1811 5401 summi
1840 5331 2040 5407 Sacerdotis
2060 5359 2190 5427 preces

165 5442 302 5512 tamen,
323 5439 362 5497 ut
378 5428 594 5597 gugnemappr
609 5423 749 5593 ingresi
764 5434 884 5515 mente
897 5438 1050 5517 portum
1069 5447 1163 5519 pro„
1191 5425 1441 5516 adiungamus
1454 5447 1521 5501 tros
1534 5450 1679 5522 quoque
1696 5431 1897 5603 ufslnntates
1913 5448 1949 5503 et
1963 5449 2062 5505 vota:
2094 5451 2194 5530 peta-

215 5532 392 5599 lllscaura.
444 5553 516 5595 rra.
563 5551 613 5595 os.
680 5573 691 5596 .
1579 5584 1585 5591 ,
