4732 6030
1175 84 1177 89 ,
1288 48 1308 83 N

251 236 328 313 688
785 232 947 310 DECL.
993 231 1070 307 DE
1102 231 1300 309 VERBO
1327 235 1754 317 ’OPOOTOMEIM

2222 250 2305 327 684

255 413 307 481 vit
330 409 500 480 acerrime
522 405 712 502 sententias
733 406 777 474 de
800 406 874 476 lilio
897 403 963 475 Dei
985 410 1086 479 etde
1110 406 1249 498 Spiritu
1302 427 1335 482 et
1359 435 1523 485 normam
1545 437 1736 507 sequamur
1758 416 1797 484 in
1821 416 2024 486 iudicandis
2039 418 2182 512 scriptis
2199 415 2307 512 banc,

256 528 398 593 sancto,
423 533 508 604 quas
516 507 613 577 Deus
628 507 789 597 patefecit
805 505 982 578 Ecclesiae
996 533 1098 595 suae,
1125 511 1249 602 etipse
1283 537 1347 582 ne
1372 515 1459 607 quid
1481 518 1692 608 probemus,
1717 521 1813 612 quod
1838 543 1857 587 a
1876 519 2016 609 scriptis
2031 518 2252 613 propheticis
2270 544 2307 602 et

255 613 458 704 aGregorii
475 607 777 680 Neocaesariensis
797 612 1038 695 auditoribus,
1064 611 1127 705 qui
1148 611 1249 705 Apo·
1300 619 1502 708 apostolicis
1533 621 1715 705 dissentit,
1751 635 1784 691 et
1808 621 2012 692 testimonia
2036 648 2111 693 non
2135 651 2306 720 asperne-

256 722 428 791 stolorum
454 710 648 803 discipulos
671 713 848 798 audierat,
870 715 1015 806 accepit.
1064 713 1265 798 Resuuvtc
1301 744 1402 806 mur,
1435 745 1526 814 quae
1555 735 1648 793 certa
1678 723 1867 793 autoritate
1888 725 1934 794 ab
1958 721 2142 818 Apostolis
2168 733 2304 806 tradita

254 815 425 892 Catharos
442 813 582 884 erudito
598 813 722 884 libello
739 818 783 885 de
800 817 1028 907 poenitentia.
1104 885 1107 895 ⁴
1301 845 1395 907 csse,
1423 837 1576 895 vetustas
1590 826 1813 895 consentiens
1828 827 2001 902 adfirmat.
2056 828 2152 903 Dixi.

356 915 454 1006 Quid
475 940 559 985 vcro
576 918 620 985 de
636 917 773 987 iusticia
791 919 873 988 fidei
888 920 1055 998 senserit,
1082 942 1122 988 ex
1139 919 1249 1009 ipsius

254 1043 385 1119 quaeso
402 1018 520 1088 verbis
536 1020 754 1107 cognoscite,
781 1045 872 1113 quae
889 1035 1008 1092 extant
1022 1021 1060 1089 in
1079 1024 1249 1092 concione

253 1118 337 1220 περὶ
364 1112 718 1216 ταπεινοφροσύνης.
772 1120 868 1193 Dicit
897 1137 1012 1193 autem
1044 1119 1248 1215 Apostolus,

254 1227 327 1318 Qui
346 1223 537 1315 gloriatur,
564 1224 601 1290 in
620 1219 776 1294 Domino
794 1226 984 1314 glorietur,
1011 1221 1248 1296 dicensChri-
1313 1197 1481 1323 Q

254 1345 348 1402 stum
371 1324 475 1397 nobis
496 1325 626 1395 lactum
651 1348 725 1395 esse
749 1328 955 1417 sapientiam
980 1351 1000 1396 a
1025 1326 1119 1414 Deo,
1145 1328 1248 1400 iusti-

253 1435 364 1516 ciam,
389 1427 703 1498 sanctilicationem
727 1441 761 1498 et
782 1430 1078 1520 redemptionem,
1103 1445 1144 1503 ut
1158 1431 1250 1505 sicut

255 1533 511 1625 scriptumest:
537 1527 610 1617 Qui
628 1529 819 1619 gloriatur,
846 1530 884 1599 in
895 1529 1051 1600 Domino
1066 1532 1247 1622 glorietur.

253 1635 350 1706 Haec
383 1646 434 1702 cst
464 1631 560 1701 enirn
591 1655 672 1701 vera
693 1644 727 1701 et
749 1635 886 1722 integra
908 1635 1071 1723 gloriatio
1097 1635 1136 1704 in
1159 1633 1248 1721 Deo,

253 1736 397 1832 quando
427 1757 542 1826 neque
571 1748 715 1825 propter
744 1735 919 1805 iusticiam
948 1759 1047 1805 suam
1073 1736 1246 1831 quispiam

253 1841 421 1921 effertur,
453 1838 513 1905 scd
537 1836 659 1906 statuit
682 1859 718 1905 se
742 1861 861 1907 carere
883 1860 964 1907 vera
987 1838 1146 1924 iusticia,
1180 1840 1247 1909 lide
1300 1851 1425 1921 Oratio
1439 1854 1609 1922 recitata
1625 1851 1774 1921 uDout.
1800 1854 1993 1950 Georgia
2012 1857 2211 1949 Maiore,
2241 1861 2294 1934 de

254 1955 372 2013 autem
389 1939 461 2007 sola
478 1938 515 2005 in
530 1933 712 2007 Christum
731 1938 926 2009 iustificari.
1381 1950 1487 2024 verbo
1506 1948 1743 2046 saumonem.
1783 1956 1920 2039 (Ertbrd.
1937 1963 2018 2026 ,aare
2031 1986 2079 2026 m,
2096 1966 2207 2049 mg)

357 2039 424 2110 His
447 2040 564 2109 verbis
578 2037 731 2109 Basilius
751 2042 828 2111 sine
850 2041 923 2112 ulla
939 2041 1169 2130 ambiguitate
1184 2044 1246 2111 ad-

254 2149 391 2227 firmat,
427 2138 589 2211 homines
619 2165 694 2210 non
722 2156 867 2235 propter
896 2143 1058 2235 proprias
1086 2145 1247 2229 virtutes,
1298 2115 1465 2208 Sciamus
1479 2132 1545 2208 hos
1558 2151 1700 2208 nostros
1717 2161 1923 2230 congressus
1938 2165 2012 2212 non
2025 2167 2098 2214 esse
2109 2144 2294 2239 prophana

252 2250 314 2319 sed
339 2260 483 2337 propter
502 2243 617 2312 lilium
632 2242 701 2313 Dei
718 2246 948 2316 mediatorem
965 2245 1075 2315 iustos
1092 2270 1181 2315 esse:
1207 2259 1247 2316 ut
1300 2241 1512 2333 spectacula,
1535 2243 1595 2310 sed
1618 2241 1809 2327 convenire
1833 2266 1917 2328 nos,
1940 2259 1980 2315 ut
2002 2245 2141 2341 aliquid
2158 2252 2201 2320 de
2216 2277 2296 2323 coe-

252 2374 349 2419 nunc
372 2341 704 2440 quoqueEcclesiae
728 2361 869 2416 nostrae
887 2350 930 2417 de
949 2348 1120 2417 beneficio
1140 2339 1202 2440 pic
1214 2363 1247 2418 et
1300 2342 1378 2413 lesti
1400 2342 1562 2413 doctrina
1584 2341 1740 2423 dicatur,
1768 2358 1799 2412 et
1822 2345 1919 2416 utin
1943 2342 2010 2416 hoc
2035 2365 2135 2438 cpctu
2160 2353 2218 2424 fiat
2238 2356 2296 2423 in·

254 2451 405 2521 lideliter
429 2451 570 2521 docent.
621 2445 694 2517 Nec
710 2449 835 2518 dubito
853 2449 920 2541 piis
938 2464 1069 2521 attente
1085 2451 1246 2520 conside-
1301 2443 1524 2524 vocationet.
1552 2459 1763 2536 repetamus
1777 2447 1908 2517 servari
1923 2449 2156 2521 ministerium
2167 2450 2293 2525 Evan-

251 2553 413 2624 rantibus
438 2546 531 2619 hanc
546 2546 672 2621 Basilii
694 2575 814 2620 vocem
832 2565 966 2641 gratam
985 2554 1072 2621 sore.
1126 2549 1247 2623 Mores
1299 2546 1400 2637 gelii,
1426 2560 1462 2617 et
1479 2542 1565 2616 haec
1586 2562 1706 2617 nostra
1727 2549 1841 2618 studia
1858 2552 2050 2622 necessaria
2067 2557 2109 2623 ad
2129 2558 2293 2628 omnium

251 2670 368 2747 autem
392 2653 540 2723 fuerunt
561 2653 646 2722 casti
670 2667 704 2722 ct
728 2653 912 2744 inculpati.
972 2652 1021 2724 Et
1041 2679 1246 2748 quanquam
1299 2650 1448 2720 salutem
1464 2648 1549 2738 regi.
1581 2647 1678 2719 Haec
1692 2675 1772 2720 cum
1787 2651 1888 2737 liunt,
1911 2648 1951 2722 bi
1966 2678 2171 2747 congressus
2187 2661 2291 2729 etiam

251 2759 364 2829 oratio
381 2754 538 2826 ostendit
551 2777 697 2824 suavem
712 2768 745 2825 et
757 2756 934 2846 placidam
948 2771 1110 2827 naturam
1126 2758 1246 2842 fuisse,
1298 2752 1342 2821 ad
1365 2746 1434 2820 boc
1452 2752 1587 2821 dictum
1606 2752 1801 2843 pertinent:
1831 2752 2042 2851 Ubicunque
2059 2761 2130 2830 dno
2146 2777 2209 2832 aut
2222 2770 2293 2833 'tres

2127 1305 2294 1336 M

1536 1439 1612 1525 De
1637 1438 1771 1526 verbo
1792 1412 2064 1558 ὀρθοτομεῖν.

1368 1616 1401 1672 ln
1414 1615 1538 1674 Declem.
1556 1617 1589 1674 T.
1604 1618 1653 1674 lll.
1673 1638 1701 1691 p.
1712 1620 1764 1673 412
1776 1637 1850 1693 sqq..
1874 1621 1902 1674 iu
1916 1621 1993 1677 Serv.
2011 1624 2045 1684 T.
2060 1627 2107 1682 ΙΙΙ.
2146 1630 2228 1686 ,Μ
2268 1633 2299 1688 in

1403 1685 1515 1763 saara.
1533 1688 1565 1747 r.
1580 1688 1627 1743 nt.
1645 1688 1687 1745 m.
1702 1689 1735 1753 u,
1753 1691 1779 1745 s.
1798 1699 1824 1743 a
1842 1691 1914 1762 spur
1932 1690 2058 1751 atoue.
2078 1697 2111 1753 r.
2124 1647 2171 1755 lu.
2190 1721 2216 1772 ρ.
2228 1670 2289 1757 ist.

253 2875 370 2931 tamen
385 2859 424 2926 in
438 2857 696 2948 gubernatione
711 2880 790 2927 acer
803 2858 880 2929 fuit.
923 2853 1062 2927 Artifex
1076 2860 1144 2929 suit
1159 2884 1245 2929 con-

156 2958 160 2968 ’
252 2963 489 3033 ciliandorum
520 2959 739 3045 animorum,
779 2975 811 3031 et
840 2963 993 3032 tuendae
1024 2962 1247 3046 concordiae,

252 3088 322 3156 qua
338 3065 381 3131 dc
397 3087 435 3131 re
453 3061 586 3132 alicubi
602 3063 750 3134 scribit..
790 3061 873 3132 Nou
890 3077 961 3134 tam
980 3063 1163 3150 sinistrae,
1189 3064 1246 3133 in-

252 3163 397 3257 quiens,
423 3185 511 3250 opus
533 3177 585 3231 est
605 3166 745 3248 dextra,
773 3190 879 3256 quam
895 3162 1073 3236 Ecclesiae
1091 3191 1181 3259 opus
1195 3181 1246 3238 est

251 3262 458 3336 docentium
476 3263 677 3334 concordia.

353 3358 517 3435 Ethnicis
532 3363 637 3432 ctiam
652 3363 902 3453 sugillantibus
915 3367 1044 3456 ipsum,
1071 3393 1150 3437 cum
1165 3369 1245 3460 qui-

250 3474 316 3541 hus
333 3465 577 3538 dimicandum
592 3490 665 3535 non
681 3488 754 3536 esse
770 3468 950 3550 censebat,
978 3491 1112 3537 summa
1128 3470 1243 3559 gravi-

250 3587 320 3644 tate
344 3586 377 3640 et
403 3582 586 3639 venustate
610 3570 815 3661 respondit,
840 3594 885 3639 ne
902 3569 1098 3639 maledictis
1114 3584 1246 3641 certare

251 3675 445 3743 videretur.
496 3670 587 3742 Nam
601 3671 756 3741 Libanio
777 3672 953 3754 scribens,
980 3673 1079 3744 cuius
1097 3697 1138 3743 eo
1155 3686 1245 3743 tem-

248 3800 335 3871 pore
349 3775 552 3870 eloquentia
569 3774 720 3843 maxime
736 3776 909 3846 celebrata
926 3789 988 3860 est,
1014 3775 1147 3869 inquit,
1164 3799 1244 3845 ora-

249 3883 381 3951 tionem
406 3878 519 3969 ipsius
542 3900 642 3947 rosae
663 3877 813 3946 similem
833 3901 928 3960 esse,
956 3876 1108 3946 nitidam
1122 3892 1156 3948 et
1174 3879 1245 3947 fra·

248 3996 426 4074 grantem,
453 3982 511 4050 sed
531 3994 648 4049 tamen
665 3980 776 4072 spinis
792 3995 827 4051 et
842 3979 972 4050 aculeis
990 3980 1244 4053 circundatam.

247 4087 301 4159 Ac
318 4085 491 4155 virtutum
509 4083 653 4174 quidem
672 4098 886 4152 caeterarum
902 4080 1028 4152 Basilii
1044 4083 1169 4173 ingens
1184 4106 1244 4153 or-

247 4200 455 4257 namentum
479 4184 548 4252 suit
571 4184 791 4274 eloquentia,
817 4182 965 4274 quaein
989 4208 1030 4253 eo
1053 4198 1149 4255 tanta
1166 4186 1244 4269 fuit,

248 4303 288 4361 ut
308 4311 406 4357 nunc
429 4284 573 4377 quidem
598 4285 732 4353 nullius
746 4285 971 4354 ecclesiastici
987 4285 1168 4375 scriptoris
1185 4310 1241 4356 ex-

249 4403 325 4461 tent
341 4399 593 4468 monumenta,
619 4384 681 4476 qui
699 4385 827 4455 rectius
843 4400 876 4456 et
890 4386 1016 4456 melius
1030 4388 1169 4458 locutus
1186 4390 1241 4460 sit.

1298 2854 1336 2921 in
1360 2853 1506 2924 nomine
1528 2877 1607 2922 meo
1631 2855 1834 2946 congregati
1855 2858 2007 2946 luerint,
2038 2861 2088 2929 ibi
2111 2863 2147 2930 in
2174 2865 2292 2934 medio

1299 2979 1421 3025 eorum
1439 2978 1527 3025 sum.
1581 2952 1684 3026 Hanc
1702 2959 1974 3048 promissionem
1991 2964 2167 3034 auditores
2185 2967 2291 3036 initio

1299 3058 1459 3148 cogitate,
1483 3072 1517 3127 et
1532 3071 1667 3128 mentes
1683 3062 1728 3128 ad
1744 3060 2005 3134 invocationem
2014 3064 2082 3136 Dei
2093 3069 2292 3143 exuscitate.

1299 3156 1351 3230 Ac
1371 3158 1540 3254 quoniam
1562 3155 1630 3230 hoc
1654 3161 1733 3232 loco
1748 3187 1844 3232 meae
1863 3181 1978 3256 partes
1997 3169 2067 3240 iam
2085 3170 2288 3240 indicendo

1299 3262 1433 3353 primae
1456 3277 1556 3348 sunt,
1582 3287 1707 3358 meque
1732 3263 2006 3357 νοῙυῑὲξαρχον
2028 3294 2103 3340 esse
2119 3264 2290 3365 precatio·

1299 3388 1384 3434 num
1415 3379 1572 3455 oportet,
1607 3389 1682 3434 mea
1713 3366 1817 3433 verba
1843 3389 1972 3456 quaeso
1999 3370 2070 3460 piis
2090 3376 2290 3445 animorum

1298 3465 1454 3536 motibus
1486 3465 1751 3561 subsequimini.
1826 3465 1988 3537 Primum
2021 3472 2108 3564 tibi,
2149 3486 2291 3548 aeterne

1299 3569 1412 3654 Deus,
1437 3582 1538 3660 pater
1552 3566 1700 3639 Domini
1715 3568 1828 3638 nostri
1849 3566 1926 3639 lesu
1940 3565 2094 3653 Christi,
2123 3578 2293 3647 conditor

1297 3672 1457 3741 omnium
1474 3695 1607 3762 rerum,
1636 3686 1670 3743 ct
1685 3685 1911 3742 conservator
1923 3685 1957 3743 et
1972 3676 2174 3764 opitulator,
2200 3702 2293 3747 con-

1298 3774 1393 3842 ditor
1412 3770 1586 3844 Ecclesiae
1607 3788 1704 3859 tuae,
1729 3798 1802 3844 una
1826 3799 1906 3844 cum
1928 3774 2000 3845 lilio
2020 3790 2080 3846 tuo
2099 3791 2289 3847 coaeterno

1297 3873 1453 3945 Domino
1471 3891 1592 3947 nostro
1608 3874 1688 3946 lesu
1702 3871 1859 3960 Christo,
1884 3875 2061 3970 etSpiritu
2075 3891 2192 3947 sancto
2209 3893 2290 3964 tuo,

1296 3978 1424 4068 gratias
1447 3979 1603 4069 agimus,
1635 3980 1730 4072 quod
1752 3990 1786 4047 et
1809 3979 1921 4049 lilium
1946 3982 2049 4050 nobis
2070 3980 2221 4065 misisti,
2256 3996 2292 4053 et

1296 4076 1484 4171 Evangelii
1501 4082 1613 4151 lucem
1632 4082 1735 4151 nobis
1751 4082 1959 4167 accendisti,
1981 4088 2015 4152 'et
2029 4078 2199 4152 hactenus
2215 4106 2291 4152 ser·

1297 4205 1368 4251 vas.
1421 4181 1560 4252 Deinde
1590 4183 1693 4253 etiam
1727 4196 1760 4253 te
1790 4184 1999 4255 ardentibus
2019 4185 2111 4256 votis
2133 4209 2290 4271 oramus,

1295 4299 1335 4356 ut
1358 4310 1432 4354 non
1457 4286 1551 4355 sinas
1575 4280 1668 4356 banc
1685 4280 1872 4374 Evangelii
1895 4288 2010 4357 lucem
2028 4287 2203 4376 extingui,
2228 4288 2289 4356 sed

1295 4387 1462 4458 noticiam
1494 4388 1558 4457 lilii
1587 4388 1639 4459 tui
1668 4409 1785 4458 serves
1815 4386 1909 4458 inter
1936 4413 2022 4470 nos,
2054 4413 2152 4479 regas
2179 4389 2290 4458 mini·

249 4493 302 4560 Ac
333 4487 518 4578 diligentia
543 4487 582 4554 in
607 4486 787 4578 loquendo
808 4501 842 4556 et
863 4487 1055 4577 figurarum
1080 4502 1114 4558 et
1136 4514 1243 4559 orna-
1294 4489 1441 4560 sterium
1465 4488 1653 4580 Evangelii
1677 4504 1712 4560 et
1741 4490 1924 4561 doctrinae
1956 4491 2092 4576 studia,
2125 4502 2162 4560 et
2185 4491 2289 4561 colli-

247 4606 451 4662 mentorum
482 4589 635 4660 delectus
668 4588 828 4661 indicant
848 4587 972 4659 iudicii
998 4590 1183 4661 sanitatem
1208 4606 1242 4663 et
1294 4615 1354 4681 gas
1381 4592 1447 4661 tibi
1477 4606 1655 4663 aeternam
1676 4587 1889 4663 Ecclesiam:
1920 4587 1983 4662 has
2004 4594 2109 4662 etiam
2133 4594 2313 4684 politius„

248 4696 488 4788 prudentiam.
560 4689 681 4783 Quare
711 4687 807 4763 bunc
832 4693 1040 4785 scriptorem
1070 4693 1159 4764 utile
1191 4708 1243 4765 cst
1295 4704 1384 4786 quac
1406 4705 1489 4766 sunt
1514 4690 1665 4783 hospitia
1682 4689 1862 4763 Ecclesiae
1880 4709 1980 4780 tuae,
2005 4709 2040 4766 et
2059 4694 2289 4786 disciplinam

247 4822 471 4889 cognoscere:
506 4820 571 4866 nec
600 4795 726 4866 dubito
756 4796 954 4885 legentibus
983 4821 1022 4867 ca
1047 4811 1242 4891 quaesunt
1294 4796 1436 4869 tuearis.

247 4901 359 4993 ipsius
381 4899 523 4992 propria
545 4902 580 4968 et
601 4889 756 4997 γνήσια,
784 4899 999 4990 placiturum
1013 4923 1098 4974 esse.
1150 4899 1240 4971 Nam
1394 4896 1490 4968 Haec
1512 4909 1594 4968 vota
1617 4921 1719 4990 saepe
1740 4900 1832 4989 apud
1852 4899 1990 4968 animos
2005 4912 2159 4986 vestros,
2185 4916 2291 4992 prae·

247 4999 504 5073 monachorum
526 5003 665 5092 regulas
688 5024 814 5090 magna
837 5025 877 5071 ex
901 5016 999 5092 parte
1023 5003 1111 5072 falso
1129 5004 1161 5072 ei
1176 5005 1240 5072 ad·
1292 5001 1394 5093 cipue
1416 5000 1456 5072 in
1479 4995 1548 5072 hoc
1571 5024 1781 5092 congressu,
1807 5001 1865 5071 cui
1885 5006 2053 5070 interesse
2075 4998 2192 5072 Deum
2215 5024 2289 5071 non

245 5105 352 5177 scribi
377 5119 511 5176 certum
535 5118 597 5173 est.
663 5100 710 5174 Et
731 5104 759 5172 si
785 5128 852 5198 qua
877 5128 957 5193 pars
979 5105 1023 5173 ab
1047 5127 1088 5172 eo
1109 5106 1239 5196 scripta
1291 5104 1441 5175 dubium
1465 5117 1534 5189 est,
1560 5103 1793 5199 ingeminata:
1821 5105 1918 5196 quod
1940 5117 1982 5172 ut
2003 5104 2141 5175 faciatis
2154 5103 2290 5173 maiore

245 5223 314 5294 est,
341 5222 381 5279 ut
395 5206 527 5278 Paulus
547 5206 683 5296 inquit,
708 5206 812 5275 etiam
829 5207 943 5277 bonos
958 5208 1119 5277 doctores
1133 5229 1239 5299 supra
1291 5206 1493 5277 animorum
1514 5220 1633 5291 motu,
1659 5205 1807 5295 cogitate
1829 5218 1862 5274 et
1888 5220 2086 5297 praesentes
2104 5206 2291 5276 calamita·

243 5313 518 5383 fundamentum
551 5309 699 5400 stipulas
728 5322 906 5394 extruere,
946 5330 1175 5399 agnoscamus
1196 5322 1239 5398 ct
1291 5322 1342 5378 tes
1363 5309 1461 5378 orbis
1488 5324 1680 5393 terrarum,
1713 5319 1747 5375 et
1771 5307 1928 5398 pericula
1953 5333 2044 5401 quae
2064 5310 2288 5400 impendent.

243 5416 469 5508 deploremus
493 5435 717 5484 communem
740 5404 928 5481 hominum
945 5410 1238 5496 imbecillitatem,
1262 5483 1267 5505 Ι
1291 5408 1419 5489 Multis
1450 5411 1538 5484 locis
1563 5409 1670 5481 simul
1691 5426 1896 5500 grassantur
1911 5411 2043 5498 tames,
2074 5411 2289 5503 pestilentia,
