4732 6030
156 342 233 419 445

158 542 238 588 rum
255 536 374 584 causas
390 511 612 581 considerare
628 524 761 601 possets
787 533 869 580 nam
889 506 973 579 haec
989 510 1146 599 exempla

158 617 363 714 praesertim
396 613 579 702 Principes
606 637 751 681 monere
780 615 822 681 de
855 612 1017 704 plurimis
1042 611 1146 680 rebus

158 730 316 813 possunt.
366 713 555 785 Contexuit
578 714 685 802 igitur
708 709 920 803 Rodolphus
950 713 1146 782 eruditissi-

158 845 252 890 mam
273 818 452 910 epitomen
475 840 515 883 ex
537 812 667 884 Bibliis
691 828 724 884 et
744 815 945 898 Herodoto,
979 817 1023 884 de
1037 812 1147 906 Assy-

158 923 294 991 riorum
318 933 349 988 et
373 917 559 986 Persarum
577 917 743 1008 imperio,
772 920 815 986 de
831 917 994 985 civilibus
1012 917 1148 985 discor-

158 1024 228 1092 diis
247 1020 464 1090 Graecarum
480 1019 660 1088 civitatum
685 1042 726 1086 ex
743 1015 953 1112 Thucydide
975 1031 1008 1087 et
1025 1017 1147 1086 Xeno-

159 1119 313 1214 phonte,
346 1123 391 1188 de
412 1116 579 1210 Philippo
602 1134 637 1189 et
660 1119 862 1189 Alexandro
884 1133 918 1189 et
940 1119 1148 1189 successori-

159 1227 227 1295 bus
259 1248 299 1291 ex
321 1219 482 1291 Diodoro
512 1235 546 1290 et
567 1219 729 1313 Polybio.
789 1219 927 1291 Deinde
960 1221 1148 1291 lectissima

160 1348 320 1419 quaeque
343 1322 512 1411 excerpsit
533 1346 573 1390 ex
594 1318 753 1402 historiis
772 1320 956 1393 Romanis.
1009 1320 1150 1392 Postre-

160 1453 221 1496 mo
240 1439 273 1495 et
284 1423 495 1494 'Germanici
514 1424 612 1511 regni
629 1447 683 1491 res
698 1425 899 1515 praecipuas
913 1424 1063 1511 collegit.
1095 1418 1148 1491 Ac

155 1528 201 1596 ‚in
227 1551 268 1595 eo
291 1526 420 1615 scripto
442 1549 516 1593 non
537 1526 652 1594 solum
676 1526 870 1609 laboravit,
901 1539 1012 1595 utres
1036 1539 1150 1594 tantas

159 1629 343 1720 perspicue
366 1640 547 1710 narraret,
576 1629 636 1694 sed
663 1627 765 1695 etiam
788 1640 827 1713 ut
844 1627 958 1695 obiter
974 1629 1146 1715 legentem

159 1729 362 1818 Principem
383 1727 552 1818 pleraque
572 1741 747 1797 moneret:
782 1753 850 1819 qna
874 1729 910 1795 in
931 1751 968 1796 re
986 1727 1149 1818 apparuit

159 1855 240 1899 eum
264 1852 339 1897 non
359 1831 467 1897 modo
491 1830 621 1912 literis,
646 1832 706 1899 sed
728 1831 832 1897 etiam
849 1829 944 1896 civili
960 1828 1149 1918 prudentia

111 1936 112 1940 ’
160 1932 338 2002 excellere.
397 1931 467 1999 Sed
490 1955 569 1999 cum
596 1931 665 1999 iam
685 1945 777 1998 aetas
799 1930 1042 2013 maturuissct,
1069 1952 1148 1996 cum

106 2021 107 2024 ¹
161 2033 230 2125 iam
264 2031 529 2102 lucubrationes
562 2025 774 2119 theologicas
808 2025 1025 2113 inchoasset,
1075 2053 1149 2097 non

160 2133 316 2201 multum
346 2153 449 2221 supra
479 2133 784 2222 quadragesimum
817 2155 949 2199 annum
983 2153 1150 2219 egressus,

159 2234 265 2302 rebus
284 2229 448 2301 humanis
464 2247 646 2324 exemptus
660 2247 722 2304 est.
762 2232 873 2322 Spero
888 2234 983 2300 enirn
1003 2234 1149 2301 immor-

160 2335 223 2405 tali
248 2332 385 2401 laeticia
409 2335 579 2400 donatum
605 2356 693 2416 esse,
718 2357 798 2401 cum
823 2334 978 2421 legamus
995 2359 1075 2404 erim
1094 2333 1150 2423 pie

160 2433 307 2504 sensisse
333 2435 377 2501 de
400 2428 562 2516 Christo,
588 2457 627 2502 ac
651 2437 765 2502 studia
779 2437 822 2503 ad
844 2435 990 2524 gloriam
1005 2435 1073 2505 Dei
1088 2438 1150 2503 de-

162 2537 329 2617 stinasse,
363 2548 397 2604 et
418 2548 537 2603 mores.
559 2535 666 2603 fuisse
688 2535 765 2625 pios
781 2551 815 2605 et
838 2532 1005 2606 honestos
1026 2539 1150 2607 audia-

161 2662 254 2706 mus.
307 2633 451 2705 Habetis
466 2631 650 2704 historiam
670 2639 763 2706 vitae
780 2635 976 2729 Rodolphi.

262 2736 367 2806 Nunc
391 2737 566 2829 reliquum
587 2751 657 2820 est,
690 2752 730 2806 ut
752 2740 831 2806 talis
858 2742 924 2807 viri
944 2739 1148 2808 memoriam

159 2840 250 2927 grati
275 2840 497 2908 coraservetis.
545 2835 716 2924 Cogitetis
734 2853 903 2928 quantum
922 2843 1029 2909 frrerit
1043 2866 1149 2908 orna-

161 2956 318 3010 mentum
338 2938 570 3015 Germaniae,
590 2961 695 3026 quam
712 2939 802 3004 bene
817 2941 860 3005 de
874 2941 986 3007 literis
1006 2942 1150 3008 meritus

160 3044 216 3113 sit.
276 3040 418 3107 Primus
439 3036 533 3102 enim
559 3035 596 3101 in
619 3033 810 3104 Germania
835 3041 1019 3108 emendare
1043 3063 1152 3128 genus

162 3140 335 3209 sermonis
359 3136 493 3223 coepit,
528 3149 559 3204 et
583 3137 741 3205 accendit
765 3138 913 3208 Latinae
936 3157 969 3211 et
996 3138 1151 3210 Graecae

162 3243 304 3325 linguae
328 3237 459 3304 studia:
494 3259 600 3326 quare
625 3238 658 3303 ei
685 3238 877 3326 plurimum
900 3266 1021 3310 omnes
1043 3243 1150 3310 dehe-

162 3363 253 3409 mus.
330 3335 579 3405 Adulescentes
613 3338 716 3406 etiam
750 3340 826 3407 eius
859 3342 1033 3411 admoniti
1076 3358 1150 3411 tum

163 3439 330 3527 exemplis
352 3451 424 3504 turn
445 3437 566 3518 dictis,
598 3442 809 3526 prudentius
839 3444 883 3509 de
905 3447 1032 3514 studiis
1056 3444 1150 3511 iudi-

162 3564 240 3608 care
264 3539 401 3606 discant
422 3553 456 3606 et
479 3538 588 3626 ipsius
610 3540 794 3608 imitentur
810 3543 1026 3631 diligentiam
1048 3560 1148 3614 etse·

163 3641 366 3718 dulitatem,
391 3664 456 3729 qua
476 3639 730 3708 infirmioribus
744 3643 896 3730 ingeniis
912 3647 1024 3713 multo
1042 3647 1150 3733 magis

163 3766 250 3834 opus
276 3755 343 3820 cst,
373 3763 477 3829 quam
493 3740 562 3807 illis
586 3736 737 3809 heroicis
759 3745 911 3828 naturis,
937 3747 1086 3838 quibus,
1111 3759 1150 3814 ut

163 3844 211 3912 ita
237 3844 370 3925 dicam,
404 3842 513 3910 multa
540 3843 756 3931 proveniunt
785 3838 959 3938 ἀνήροτα.
1021 3846 1149 3916 Consi-

165 3945 251 4013 lium
269 3944 372 4012 etiam
390 3942 500 4030 ipsius
516 3942 553 4009 in
571 3944 698 4012 studiis
720 3948 958 4027 considerare,
985 3951 1079 4040 qnod
1097 3947 1150 4013 vi-

164 4046 291 4114 delicet
305 4067 377 4111 non
395 4043 541 4111 divulsit
555 4059 645 4112 artes
661 4059 786 4113 natura
809 4050 1005 4137 copulatas,
1032 4071 1150 4115 rerum

165 4146 361 4216 doctrinam
386 4159 418 4212 et
442 4145 698 4235 eloquentiam,
728 4149 787 4214 sed
806 4148 842 4215 in
861 4162 1011 4240 utroque
1026 4170 1150 4237 genere

162 4270 296 4317 summa
312 4245 422 4314 animi
437 4259 541 4337 atque
556 4248 688 4336 ingenii
705 4251 932 4319 contentione
948 4248 1151 4332 elaboravit,

162 4353 256 4443 quod
290 4362 331 4417 ut
364 4370 426 4414 vos
453 4373 593 4439 quoque
612 4350 763 4433 faciatis,
796 4365 968 4442 quantum
998 4374 1150 4442 possum,

163 4474 283 4521 omnes
307 4443 486 4518 adhortor.
545 4445 593 4518 Et
621 4451 659 4518 in
683 4446 749 4520 hoc
775 4451 933 4524 instituta
960 4469 1043 4524 sunt
1066 4446 1149 4521 haec

164 4547 368 4621 scholastica
392 4549 575 4632 exercitia,
606 4553 696 4620 utin
712 4569 863 4646 utroque
887 4577 1012 4644 genere
1030 4553 1150 4622 elabo-

164 4677 300 4735 remus,
328 4653 421 4740 quod
445 4650 586 4742 quidem
602 4675 642 4719 eo
661 4654 861 4724 laciendum
880 4670 948 4740 est,
974 4670 1013 4726 ut
1026 4653 1149 4724 Eccle-

163 4755 233 4823 siae
249 4779 288 4821 ac
302 4750 456 4838 Reipub.
478 4752 559 4820 usui
581 4774 654 4819 esse
669 4758 855 4843 possimus.
905 4757 994 4828 Nam
1012 4781 1077 4825 nec
1091 4779 1148 4823 re-

161 4879 241 4925 rum
257 4852 410 4941 cognitio
429 4867 521 4922 recte
543 4857 738 4942 comparari
754 4873 867 4947 potest
888 4860 964 4929 sine
978 4857 1149 4930 exercita-

161 4957 258 5027 tione
277 4952 436 5036 dicendi,
463 4977 527 5020 nec
542 4955 699 5026 destituti
717 4959 841 5042 rebus,
870 4960 988 5031 idonei
1003 4952 1088 5030 sunt
1103 4960 1146 5027 ad

161 5059 250 5127 seria
274 5055 418 5144 negocia
439 5054 656 5144 explicanda.
705 5057 837 5143 Porro,
862 5062 891 5127 si
909 5064 1063 5134 officium
1081 5085 1150 5129 no-

160 5174 272 5230 strum
295 5158 483 5245 diligenter
505 5157 709 5239 fecerimus,
743 5158 840 5230 Deus
871 5163 976 5232 etiam
1007 5162 1148 5233 ornabit

728 335 887 415 DECL.
936 333 1012 409 DE
1064 335 1206 412 VITA
1253 331 1597 411 AUGUSTINI.

2053 333 2182 408 ·446

1196 532 1237 598 ge
1253 520 1383 579 errant.
1435 507 1584 598 Propter
1603 501 1778 577 Ecclesias
1803 521 1836 579 et
1853 502 2007 588 scholas,
2035 509 2121 598 ipsi,
2146 522 2182 581 et

1198 611 1340 703 politiae
1355 623 1551 678 servantur.
1602 608 1722 696 Quare
1745 610 1897 678 vicissim
1915 610 2018 677 nobis
2035 611 2182 698 gratiam

1197 715 1326 781 referre
1349 712 1539 780 debebant:
1565 711 1707 804 quodsi
1730 735 1802 780 non
1818 713 1965 790 facient,
1991 708 2181 781 Deusillos

1197 815 1320 905 puniet
1345 827 1379 882 et
1403 828 1519 882 tamen
1535 814 1687 906 aliquem
1702 827 1843 904 portum
1860 811 2054 897 Ecclesiae,
2080 807 2183 881 scho-

1198 916 1240 985 lis
1264 929 1298 984 et
1321 927 1441 983 nostro
1465 914 1585 986 ordini
1610 917 1787 998 ostendet,
1820 915 1911 985 sicut
1935 914 2109 1003 promisit:
2135 912 2182 983 Se
2297 963 2301 973 .

1198 1040 1271 1085 non
1292 1018 1496 1085 defuturum
1519 1019 1581 1098 iis,
1615 1019 1674 1110 qui
1699 1017 1896 1088 doctrinam
1913 1014 2090 1085 Ecclesiae
2111 1015 2184 1086 uti-

1198 1121 1267 1188 lem
1284 1140 1477 1210 propagare
1495 1133 1528 1188 et
1546 1143 1673 1189 ornare
1685 1121 1841 1190 student.
1892 1115 1989 1189 Dixi.

1981 1578 2187 1613 m

1445 1686 1522 1772 Dc
1547 1690 1644 1771 vito
1669 1683 1938 1804 Aepustini.

1268 1846 1440 1915 ApudsCrat.
1459 1844 1529 1916 Myt.
1548 1864 1574 1913 p.
1585 1847 1635 1899 291
1650 1867 1724 1918 sqq..
1743 1847 1771 1900 in
1790 1846 1914 1901 Declam.
1930 1845 1963 1900 T.
1977 1845 2012 1898 ll.
2025 1842 2138 1916 p.268.,
2156 1839 2187 1894 its

1299 1914 1414 1969 Servest.
1427 1912 1463 1970 ll.
1480 1933 1506 1985 p.
1520 1915 1581 1970 257.
1606 1925 1632 1969 et
1652 1936 1694 1987 ap.
1713 1915 1832 1971 Richard
1847 1915 1894 1969 lll.
1913 1934 1940 1986 p.
1956 1917 2017 1969 651.

1199 2075 1330 2144 Oratio
1354 2070 1401 2143 cle
1426 2079 1507 2145 vito
1530 2072 1608 2146 divi
1632 2077 1910 2171 Aupststini,
1935 2096 2062 2146 mense
2079 2077 2187 2163 Sept.

1199 2173 1332 2247 habita
1374 2198 1398 2247 o
1434 2180 1574 2247 Ioanne
1611 2183 1765 2251 Saxone
1801 2180 2054 2262 Holsatr‘ensi,
2100 2195 2188 2244 cum

1199 2280 1341 2349 iterum
1365 2277 1584 2351 decerneret
1605 2279 1826 2374 quibusdam
1844 2279 2012 2353 honestis
2033 2285 2072 2349 et
2098 2297 2187 2347 eru·

1201 2378 1293 2451 ditis
1324 2379 1518 2452 iuvenibus
1549 2386 1764 2479 Moptsterr't
1804 2386 1980 2470 titulum,
2014 2384 2056 2452 in
2088 2381 2189 2450 Aca·

1483 2481 1610 2556 demta
1639 2482 1904 2580 Viteberpensr‘.

1198 2614 1325 2696 Video
1340 2651 1475 2696 morem
1493 2652 1566 2697 esse
1582 2623 1741 2713 scholae,
1766 2642 1807 2698 ut
1821 2624 1911 2696 mihi
1926 2628 2070 2720 quidem
2086 2624 2186 2693 vide-

1198 2746 1278 2813 tur,
1310 2729 1415 2797 laude
1439 2731 1603 2819 dignum,
1637 2744 1677 2801 ut
1698 2731 1736 2798 in
1760 2725 1817 2799 his
1841 2729 2082 2820 congressibus
2099 2727 2189 2796 alias

1200 2835 1244 2900 de
1263 2831 1393 2899 artium
1421 2844 1483 2901 aut
1511 2834 1681 2902 virtutum
1710 2833 1882 2920 dignitate
1912 2833 2070 2912 dicatur,
2100 2828 2188 2897 alias

1199 2930 1368 3002 historiae
1381 2933 1557 3000 clarorum
1575 2933 1731 3002 virorum
1748 2927 1960 3014 recitentur,
1986 2954 2075 3025 quae
2091 2929 2188 2999 mul-

1200 3049 1234 3104 ta
1250 3048 1398 3103 monent
1419 3035 1638 3103 iuventutem
1655 3035 1710 3102 vel
1733 3038 1777 3103 de
1793 3037 1921 3104 studiis
1939 3035 1995 3103 vel
2013 3035 2058 3101 de
2074 3031 2187 3099 mori·
2254 3116 2258 3123 Ο

1199 3138 1276 3204 bus.
1330 3132 1418 3204 Cum
1441 3149 1557 3204 autem
1581 3139 1624 3204 de
1646 3136 1781 3205 artibus
1795 3136 1857 3204 alii
1872 3161 1974 3226 saepe
1990 3133 2191 3202 luculenter

1199 3236 1370 3315 dixerint,
1398 3259 1548 3328 quorum
1567 3261 1647 3304 cum
1661 3239 1706 3308 sit
1720 3238 1833 3306 oratio
1850 3237 1991 3306 subtilis
2006 3249 2039 3304 et
2055 3248 2189 3324 arguta,
2265 3301 2270 3311 ,

1199 3337 1309 3423 magis
1331 3337 1459 3405 idonea
1485 3351 1536 3407 est
1558 3338 1630 3406 illis
1653 3339 1828 3424 materiis,
1857 3364 1961 3432 quam
1985 3361 2082 3420 mea,
2107 3359 2187 3404 rur·
2227 3376 2232 3384 ·

1198 3462 1257 3509 sus
1271 3438 1384 3526 delegi
1397 3435 1600 3522 historiam,
1627 3464 1700 3507 non
1719 3454 1929 3524 colentum,
1956 3441 2049 3532 quod
2070 3461 2187 3505 exem·
2294 3434 2297 3444 “

1198 3542 1258 3632 pla
1281 3542 1445 3630 prodesse
1467 3539 1642 3609 iuventuti
1665 3554 1801 3620 statuo,
1832 3542 2012 3610 sedetiam
2026 3541 2074 3608 ob
2095 3535 2188 3608 hanc
2212 3626 2215 3631 Ι

1198 3665 1358 3723 cansam,
1389 3641 1485 3731 quod
1507 3634 1575 3708 hoc
1597 3664 1707 3729 genus
1731 3645 1976 3712 narrationum
2001 3637 2088 3709 mihi
2106 3641 2187 3732 qui-

1199 3746 1279 3810 dem
1294 3754 1410 3809 texere
1433 3740 1573 3808 facilius
1596 3757 1667 3823 est,
1693 3767 1799 3834 quam
1817 3744 1897 3810 illas
1914 3756 2053 3830 argutas
2069 3743 2113 3807 de
2128 3763 2186 3806 ar-

1198 3844 1295 3912 tibus
1312 3841 1576 3932 disputationes.
1628 3841 1680 3911 Ac
1698 3867 1752 3909 me
1768 3866 1882 3933 nuper
1895 3843 1971 3909 dies
1986 3839 2187 3930 Augustino

1199 3944 1353 4023 dicatus,
1394 3941 1604 4028 cogitantem
1633 3944 1677 4009 de
1707 3943 1820 4032 ipsius
1839 3943 2000 4032 ingenio,
2040 3943 2190 4032 pietate,

1198 4041 1357 4131 scriptis,
1383 4039 1588 4123 admonuit,
1614 4044 1657 4110 de
1681 4041 1759 4133 ipso
1773 4058 1812 4113 ut
1830 4046 1981 4113 maxime
1998 4045 2187 4136 dicendum

1199 4155 1368 4236 putarem.
1430 4137 1575 4233 Opinor
1604 4167 1726 4212 omnes
1759 4145 1836 4235 pios
1858 4147 1991 4238 ubique
2013 4160 2188 4215 terrarum

1199 4244 1307 4314 huius
1340 4243 1410 4311 viri
1443 4245 1686 4313 recordatione
1718 4246 1896 4316 delectari.
1963 4247 2033 4318 Sed
2062 4248 2101 4315 in
2122 4242 2189 4319 hac

1198 4341 1318 4416 schola
1341 4345 1527 4434 praecipue
1544 4362 1676 4436 gratam
1699 4348 1774 4417 eius
1791 4349 2007 4418 mentionem
2030 4373 2102 4418 esse
2124 4351 2188 4417 dc-

1199 4463 1270 4534 cet,
1294 4449 1333 4516 in
1355 4472 1424 4542 qua
1443 4444 1664 4535 Augustinus
1679 4451 1778 4542 quasi
1799 4465 1941 4520 renatus
1963 4466 2033 4530 est,
2058 4451 2190 4520 eteius

1198 4551 1377 4634 doctrina,
1403 4573 1493 4642 quae
1513 4549 1620 4620 iacuit
1643 4553 1769 4620 obruta
1788 4553 2007 4620 densissimis
2023 4553 2190 4637 tenebris,
2239 4580 2243 4591 ·

1198 4677 1271 4722 non
1295 4653 1409 4719 solum
1427 4650 1586 4719 restituta
1602 4664 1669 4733 est,
1697 4654 1755 4728 sed
1781 4654 1886 4721 etiam
1904 4655 2026 4722 lumen
2039 4654 2188 4746 accepit:

1197 4775 1381 4846 quaecum
1397 4749 1441 4817 sit
1455 4753 1646 4819 necessaria
1665 4748 1859 4838 ”eclesiam
1882 4755 2007 4824 merito
2018 4752 2188 4850 Augusti·

1197 4879 1283 4924 num
1301 4875 1420 4921 amare
1435 4854 1619 4936 dehemus,
1642 4857 1704 4946 qni
1719 4857 1902 4927 coelestem
1921 4858 2025 4926 illum
2045 4854 2191 4930 thesau-

1197 4980 1275 5025 rum
1292 4955 1477 5045 praecipue
1494 4957 1725 5028 conservavit.
1769 4954 1816 5026 Et
1834 4957 2000 5036 nonnihil
2018 4957 2190 5032 historiae

1197 5057 1351 5146 cognitio
1373 5055 1544 5125 momenti
1566 5057 1699 5139 adfert,
1726 5059 1770 5125 ad
1782 5058 2029 5148 intelligendas
2043 5078 2191 5134 contro-

1197 5159 1344 5243 versias,
1369 5164 1460 5250 quae
1477 5160 1580 5227 abeo
1597 5170 1798 5230 tractantur.
1849 5159 1889 5232 Si
1905 5163 1942 5229 in
1961 5166 2090 5234 talibus
2107 5187 2187 5252 spe-

161 5285 225 5329 nos
259 5257 438 5350 praemiis:
486 5271 526 5327 ut
554 5257 746 5346 Ecclesias,
779 5263 827 5332 ita
864 5258 1022 5349 scholas,
1057 5287 1148 5358 quae
1196 5261 1340 5329 ctaculis
1367 5284 1446 5330 cum
1471 5260 1622 5352 quadam
1651 5261 1907 5350 approbatione
1932 5267 2075 5339 auditae
2102 5277 2187 5334 sunt

160 5376 243 5431 sunt
257 5355 991 5452 praecipuaparsEcclesiae,conservabit,
1008 5381 1143 5438 etramsr
1194 5357 1364 5432 historiae
1397 5360 1558 5431 Platonis
1590 5373 1625 5430 et
1656 5356 1876 5448 Aristotelis,
1912 5381 2045 5460 quanto
2073 5364 2189 5454 magis

158 5464 384 5554 negliguntur
397 5463 442 5532 ab
457 5461 519 5547 iis,
542 5463 604 5556 qui
619 5479 809 5555 praesunt,
830 5467 1046 5563 quiquidem
1063 5470 1144 5537 lon·
1187 5465 1361 5570 convenit
1372 5465 1489 5534 favere
1503 5462 1746 5536 adferentibus
1758 5465 1817 5557 pia
1838 5465 1992 5556 exempla
2007 5466 2188 5557 guberna-
2277 5494 2282 5505 ·
