4732 6030
82 261 159 339 865
512 255 673 337 ΒΕΟΙι.
713 254 789 333 Dll
821 256 1055 333 sruurts
1087 254 1352 335 LINGUAE
1383 252 1674 333 ditescas.

83 449 125 509 ut
139 436 325 506 doctorum
347 427 533 503 bominum
557 429 756 503 testimonia
773 432 817 500 de
830 423 897 500 bac
912 454 952 499 re
968 430 1074 500 ornit-
1123 432 1228 503 uobis
1243 431 1404 502 stimulos
1418 442 1453 501 et
1467 432 1581 502 calcar
1593 430 1723 501 addere
1736 429 1850 515 debet,
1874 442 1914 501 ut
1927 430 2108 501 ardentius

82 552 169 621 tam,
192 537 274 607 satis
288 534 479 605 declaravit
493 533 685 626 superioris
699 533 834 617 aetatis,
857 556 927 625 qua
937 529 1072 602 Graeca
1123 557 1163 604 ac
1178 533 1342 625 cupidius
1363 528 1449 603 haec
1470 535 1564 603 bona
1589 554 1851 626 persequamur.
1907 530 1988 600 Non
2012 533 2108 600 enirn

83 640 203 730 ignota
223 637 312 721 fuit,
336 635 529 706 barbaries.
578 633 681 723 Quae
698 647 740 707 ut
763 656 825 726 per
841 656 878 703 se
895 634 1017 704 odiosa
1032 658 1073 703 ac
1122 636 1219 706 aliud
1233 634 1451 729 praesentius
1467 635 1662 706 remedium
1675 647 1727 705 est
1740 632 1977 725 praesentium
1993 645 2028 702 et
2040 633 2110 702 im-

83 738 251 810 desormis
270 752 341 822 est,
367 738 416 809 ita
437 737 568 807 multos
583 735 707 806 noxios
721 736 913 828 loedosque
936 759 1072 805 errores
1122 737 1334 808 minentium
1350 737 1545 821 malorum,
1578 758 1651 805 non
1667 735 1764 804 aliud
1787 734 1951 804 solatium
1969 733 2109 804 dulcius

83 834 189 936 atque
210 839 397 931 opiniones
416 850 631 907 monstrosas
652 861 768 907 seeum
784 836 823 904 in
844 861 966 906 ornnes
982 861 1071 928 pene
1123 852 1186 909 aut
1200 839 1337 908 firmius
1356 838 1394 906 in
1412 833 1468 907 his
1486 851 1684 929 temporum
1701 835 1958 926 asperitatibus.

83 941 289 1031 disciplinas
303 940 447 1014 invexit.
480 938 706 1031 Quapropter
720 938 846 1008 merito
861 940 905 1008 ab
921 963 960 1007 ea
976 962 1071 1008 nunc
1224 957 1342 1045 Quam
1356 979 1477 1048 saepe,
1503 980 1609 1050 quam
1625 956 1778 1045 graviter
1799 949 2111 1023 nosReverendus

43 1076 46 1080 ·
84 1043 181 1113 velut
206 1043 251 1110 ad
274 1041 472 1111 suaviorem
490 1041 623 1111 victum
644 1039 815 1123 traducti,
841 1040 924 1110 totis
944 1039 1071 1110 animis
1121 1054 1167 1132 1),
1191 1057 1370 1128 Martium
1391 1060 1436 1127 gd
1459 1058 1615 1129 studium
1638 1057 1840 1146 linguarum
1865 1049 2025 1125 hortatus
2047 1068 2109 1139 est,

82 1138 326 1261 abhorremus.
375 1140 467 1212 Nam
491 1136 560 1211 hoc
581 1142 659 1261 lere
686 1142 922 1260 cqmmunller
944 1142 1000 1260 513
1031 1152 1072 1211 ul
1122 1159 1246 1250 etipse
1262 1159 1422 1252 quamvis
1442 1160 1512 1229 iam
1528 1182 1632 1228 senex
1651 1157 1824 1228 Graecam
1839 1156 1996 1244 linguam
2012 1155 2106 1225 didi-

84 1269 165 1316 0¹¹¹¹¹
188 1245 369 1315 01¹⁰¹¹b¹¹⁸
391 1258 426 1315 θ(
445 1237 642 1334 Ph⁸⁰³l¹⁶¹⁸
665 1244 895 1335 ⁰l³¹¹¹¹⁰¹¹¹b¹¹⁸
919 1267 1072 1313 ‘mmm’
1123 1262 1185 1332 cit:
1211 1284 1250 1330 ac
1267 1262 1305 1329 in
1324 1258 1484 1330 Hebraea
1499 1261 1547 1330 ita
1562 1259 1775 1338 elaboravit,
1800 1270 1841 1328 ut
1857 1257 1961 1326 etiam
1977 1256 2108 1326 summi

83 1360 138 1417 ⁶¹³
161 1346 207 1418 δὴ
236 1345 408 1417 ⁰fflll⁰¹¹l⁸
429 1343 589 1415 ⁰⁰¹¹f¹¹⁸l⁰
614 1366 655 1414 ὅθ
676 1345 891 1418 d0f0lfflllffl·
952 1343 1070 1433 Quam
1122 1364 1215 1453 apud
1250 1360 1396 1431 ludaeos
1427 1358 1561 1432 Rabiui
1593 1361 1747 1452 palmam
1777 1359 1832 1427 illi
1866 1359 2107 1430 concederent.

82 1460 299 1531 ¹¹¹⁰¹¹⁸ll⁰⁸⁸2
322 1470 428 1540 ‘lum
451 1447 599 1524 dimili
621 1458 673 1516 ²⁸l
689 1445 802 1515 ⁰¹³fi⁰
815 1441 1014 1514 M³h⁰m⁸ll
1032 1445 1070 1513 1¹¹
1124 1463 1225 1534 Vidit
1241 1462 1335 1532 enirn
1355 1462 1410 1531 vir
1423 1476 1521 1533 tanto
1537 1462 1697 1552 ingenio,
1727 1459 1887 1530 doctrina
1910 1485 1949 1529 ac
1973 1459 2106 1529 iudicio

82 1543 280 1618 Al⁰⁰l³¹¹⁰²
305 1572 379 1618 ¹¹⁰⁰
395 1540 599 1628 nminem’
625 1547 697 1617 5⁰¹⁰
713 1571 759 1616 ¹¹⁶
773 1550 898 1617 b⁰V⁰¹¹³
915 1548 1071 1641 quidemr
1122 1566 1311 1656 praeditus,
1338 1588 1443 1658 quam
1459 1563 1652 1634 necessaria
1670 1560 1847 1632 Ecclesiae
1864 1574 1952 1630 esset
1966 1562 2106 1651 lingua·

83 1651 143 1719 sed
154 1647 343 1721 Plutonem
354 1650 470 1740 ipsum
483 1673 524 1717 ex
538 1648 771 1719 infernalibus
785 1648 939 1719 tenebris
953 1650 1071 1733 boare,
1122 1692 1201 1736 „um
1224 1666 1399 1756 cogffiqo,
1423 1680 1456 1736 ει
1479 1688 1584 1758 quam
1605 1666 1651 1734 ,d
1672 1677 1823 1733 veterem
1850 1662 2044 1732 vastitatem
2067 1686 2107 1732 ac

2037 246 2113 336 8th
2201 290 2208 303 ·

83 1774 124 1822 ac
137 1751 281 1822 feralem
298 1773 420 1820 vocem
434 1751 536 1818 edere
553 1763 663 1841 putes.

185 1849 234 1923 Ut
255 1864 408 1935 taceam,
434 1852 529 1944 quod
552 1851 642 1921 sicut
657 1850 772 1923 studia
790 1851 922 1920 abeunt
936 1850 975 1918 in
992 1872 1070 1916 mo·

82 1978 157 2035 res,
183 1954 232 2022 ita
253 1965 287 2022 et
308 1952 482 2023 sermonis
495 1952 623 2023 vitium
639 1953 837 2042 plerunque
857 1950 1071 2020 comitantur

82 2054 201 2125 vitiosi
215 2076 342 2137 mores,
367 2066 401 2122 et
416 2052 543 2121 mentis
556 2049 735 2123 character
750 2053 823 2120 fere
835 2065 886 2122 est
898 2052 973 2143 ipsa
989 2074 1070 2119 ora-

82 2155 193 2226 tionis
215 2155 346 2224 forma:
381 2177 470 2246 quae
495 2153 525 2222 si
546 2152 746 2244 peregrina,
775 2153 805 2221 si
821 2153 987 2232 distorta,
1012 2152 1069 2220 vel

82 2257 284 2348 prodigiose
306 2256 463 2325 affectata
487 2255 541 2322 vel
564 2248 709 2324 horrida
731 2267 798 2338 est,
821 2277 895 2323 non
919 2253 1068 2324 dubium

83 2370 153 2442 est,
178 2358 266 2451 quin
281 2370 315 2426 et
331 2355 526 2426 consimilis
546 2356 592 2426 sit
606 2379 745 2440 sensus,
768 2355 970 2425 consimiles
992 2379 1070 2423 rno-

83 2480 149 2533 res.
199 2456 297 2546 Quid
328 2458 423 2526 enim
445 2481 554 2550 aeque
576 2471 761 2546 cognatum
786 2470 837 2527 cst
865 2456 1008 2547 iugenio
1035 2469 1070 2526 et

82 2572 231 2629 naturae
246 2554 403 2628 hominis
418 2572 457 2628 ut
474 2558 613 2628 oratio?

183 2656 238 2729 Ea
252 2684 337 2729 vero
351 2672 478 2729 utnon
493 2659 605 2744 rudis,
629 2660 689 2727 sed
705 2659 798 2728 culta
815 2671 849 2728 et
864 2658 1002 2728 erudita
1014 2658 1071 2742 sit,

82 2763 131 2831 ita
158 2784 432 2854 consequemur,
463 2760 492 2830 si
519 2760 658 2849 linguas
689 2760 807 2829 studio
841 2784 881 2829 ac
907 2760 1071 2830 doctrina

82 2883 290 2952 magnorum
319 2858 505 2931 hominum
535 2861 706 2950 expolitas
740 2860 931 2928 discemus:
966 2874 1072 2953 atque

83 2964 176 3033 inter
191 2988 248 3033 eas
262 2961 397 3032 Graeca
414 2954 509 3028 haud
524 2958 633 3028 dubie
651 2959 796 3027 caeteris
810 2960 978 3029 omuibus
992 2962 1072 3051 pal·

82 3087 176 3134 mam
198 3061 405 3154 praeripuit.
456 3057 545 3128 Nam
567 3072 607 3128 ut
629 3058 765 3139 nitore,
790 3059 980 3148 elegantia,
1010 3083 1071 3128 ve-

82 3176 222 3233 nustate
240 3186 280 3231 ac
303 3160 474 3228 suavitate
490 3158 593 3227 facile
618 3172 770 3229 caeteras
784 3160 914 3245 vincit,
939 3162 988 3230 ita
1005 3162 1070 3229 do-

83 3264 217 3335 ctrinae
233 3259 462 3331 humanitatis
477 3261 680 3330 etumnium
697 3260 932 3350 ingenuarum
941 3262 1071 3332 artium

83 3368 164 3435 lons
179 3380 248 3448 est,
274 3387 314 3431 ac
328 3361 507 3449 magistra.
560 3359 683 3454 Neque
704 3385 770 3432 nos
795 3376 949 3444 moveat,
974 3363 1071 3456 quod

83 3462 170 3535 haec
185 3480 342 3556 tempora
364 3462 467 3531 bonis
483 3476 559 3532 tum
574 3464 719 3546 studiis,
744 3478 820 3534 tum
838 3463 998 3533 moribus
1013 3464 1072 3532 ui-

84 3569 156 3637 mio
173 3568 254 3658 plus
269 3565 416 3648 insensa,
441 3563 547 3632 etiam
563 3557 647 3632 huic
662 3564 805 3652 linguae
820 3579 924 3656 atque
940 3565 1073 3635 doctri-

85 3693 152 3738 nae
168 3668 288 3736 minus
308 3689 417 3758 aequa
439 3677 533 3734 sunt.
585 3661 796 3733 Communis
819 3659 906 3732 haec
927 3677 979 3734 est
999 3666 1073 3732 lor-

83 3785 169 3841 tuna
191 3770 406 3861 optimarum
426 3789 555 3834 rerum.
584 3788 659 3833 non
688 3764 782 3833 enim
806 3761 891 3833 haec
913 3778 1071 3856 tempora

85 3872 253 3966 aequiora
286 3881 369 3938 sunt
390 3866 549 3951 veritati,
581 3889 656 3935 non
680 3864 846 3957 aequiora
875 3889 986 3955 purae
1007 3867 1073 3934 do-

85 3975 218 4042 ctrinae
251 3970 409 4064 pietatis,
444 3991 518 4037 non
552 3967 706 4057 denique
736 3967 802 4055 ipsi
836 3966 912 4037 Deo
948 3967 1074 4037 condi-

86 4073 155 4142 tori
186 4097 304 4142 rerum
337 4070 499 4141 omnium
525 4093 564 4137 ac
590 4068 840 4139 conservatori.
904 4067 952 4138 At
978 4081 1073 4137 vete-

86 4196 141 4243 res
174 4172 302 4265 synodi
334 4188 460 4262 magna
495 4194 579 4240 cura
604 4170 808 4259 linguarum
834 4169 1072 4258 cognitionem

85 4276 125 4344 in
149 4268 304 4342 Ecclesia
328 4274 602 4342 conservandam
625 4294 697 4340 esse
720 4284 949 4352 censuerunt,
977 4272 1071 4363 quod

85 4387 260 4447 testantur
291 4371 363 4440 illis
388 4374 606 4465 temporibus
634 4387 715 4443 nata
740 4373 876 4441 decreta
903 4384 936 4442 et
966 4396 1073 4441 cano-

86 4498 160 4547 nes.
235 4472 334 4543 Haec
367 4488 539 4563 postrema
579 4499 638 4543 sex
676 4473 822 4557 mundi,
862 4488 902 4544 ut
934 4472 1073 4542 veritati

86 4578 157 4670 ipsi
193 4575 329 4644 infensa
372 4588 440 4654 est,
480 4575 529 4643 ita
562 4587 598 4645 et
636 4598 766 4664 organa
803 4597 906 4645 verae
941 4575 1074 4644 doctri-

86 4703 154 4747 nae
178 4679 269 4747 odit:
305 4675 439 4746 vellent
466 4675 585 4743 omnia
606 4677 761 4747 recidere
785 4677 829 4745 ad
859 4675 950 4745 illud
974 4690 1073 4746 vetus

87 4776 210 4863 chaos,
236 4790 276 4847 ut
298 4777 353 4844 vel
375 4778 469 4846 inter
492 4776 643 4866 pecudes
663 4780 783 4847 saltem
810 4801 956 4867 regnum
980 4779 1073 4847 obti-

54 4892 171 4950 ‘nere
201 4891 354 4972 possent.
412 4873 460 4948 Et
486 4889 611 4965 urgent
633 4871 724 4947 hanc
752 4891 900 4949 aetatem
926 4879 1073 4951 ultimae

86 5007 220 5075 poenae
237 4976 464 5049 horribilium
478 4991 720 5069 peccatorum,
746 4993 779 5047 et
800 4996 997 5069 postremus
1016 4981 1074 5050 lu-

88 5107 148 5153 ror
173 5080 341 5173 principis
366 5076 473 5150 huius
494 5080 641 5163 muudi,
663 5104 702 5147 ac
719 5102 829 5169 prope
850 5083 984 5153 instans
1000 5083 1074 5151 dies

25 5188 31 5197 '
86 5184 211 5255 iudicii
228 5182 352 5251 divini.
404 5181 486 5251 Non
504 5181 611 5272 igitur
633 5181 729 5270 vulgi
753 5180 882 5250 iudicia
900 5198 962 5254 aut
982 5198 1075 5254 tem-

88 5311 214 5377 porum
240 5283 409 5377 iniquitas
430 5307 496 5352 nos
520 5284 564 5352 ab
580 5282 793 5374 optimarum
815 5307 933 5352 rerum
948 5286 1074 5357 studiis

88 5411 234 5457 avocare
259 5386 400 5456 debent.
456 5383 532 5453 lmo
557 5380 644 5455 haec
671 5384 745 5476 ipsa
769 5383 896 5453 mundi
920 5388 1073 5458 amentia

136 5491 313 5557 Mreasrre.
330 5492 436 5556 Oeen.
448 5484 533 5554 Vos..
547 5488 611 5556 xl.

1122 1769 1256 1858 priores
1279 1769 1441 1837 tenebras
1462 1766 1623 1836 doctrina
1647 1788 1744 1834 sacra
1764 1764 1919 1834 reditura
1943 1775 2051 1848 esset,
2077 1764 2105 1831 si

1122 1869 1263 1957 linguae
1278 1868 1552 1956 negligerentur.

1223 1985 1451 2076 Quapropter
1479 1985 1510 2053 si
1530 1986 1574 2054 ad
1603 1998 1757 2054 veterem
1781 1982 1879 2051 illam
1909 1982 2016 2050 barba
2040 1981 2107 2049 'em

1122 2099 1372 2178 respectemus,
1405 2087 1434 2155 si
1463 2085 1655 2177 praesentis
1685 2083 1773 2154 lucis
1796 2083 1941 2174 pertesi,
1974 2005 2107 2171 praees

1121 2190 1282 2259 tenebras
1299 2186 1523 2281 requirimus,
1546 2203 1585 2258 ut
1600 2187 1637 2255 id
1653 2208 1926 2278 consequamur,
1949 2182 2107 2252 nonalia

1121 2291 1231 2379 magis
1252 2290 1514 2379 compendiaria
1537 2290 1593 2358 via
1617 2301 1685 2373 est,
1718 2310 1824 2383 quam
1845 2297 1886 2355 ut
1905 2285 2107 2374 linguarum

1122 2392 1279 2462 studium
1303 2391 1448 2460 interire
1476 2392 1651 2470 sinamus,
1685 2404 1720 2458 et
1741 2385 1928 2480 praecipue
1952 2384 2108 2457 Graecae

1122 2493 1273 2582 linguae.
1324 2490 1421 2561 Haec
1442 2494 1537 2561 enim
1562 2504 1602 2561 ut
1622 2491 1742 2560 lumen
1763 2488 1903 2559 coelesti
1926 2486 2108 2557 doctrinae

1122 2594 1290 2685 praefert,
1328 2593 1376 2664 ita
1403 2606 1517 2664 totum
1543 2595 1666 2662 orbem
1693 2590 1850 2660 liberalis
1880 2613 1920 2657 ac
1948 2585 2108 2657 cultioris

1123 2696 1304 2766 doctrinae
1325 2694 1426 2764 fulcit
1447 2708 1552 2787 atque
1575 2706 1757 2764 sustentat.
1817 2689 1923 2780 Quod
1951 2689 2108 2780 siquem

1122 2797 1269 2867 omnino
1290 2796 1435 2885 glandes
1458 2821 1498 2865 ac
1522 2795 1648 2865 suillus
1671 2795 1784 2866 victus
1800 2793 1976 2862 delectant
1999 2786 2109 2877 magis

1123 2922 1227 2991 quarn
1244 2894 1441 2982 humanus,
1469 2921 1548 2967 eum
1564 2920 1636 2966 una
1653 2921 1733 2966 cum
1748 2895 1861 2989 gryllo
1878 2892 1971 2962 inter
1985 2912 2110 2983 porcos

1123 3000 1230 3068 vitam
1246 3000 1381 3087 exigere
1397 3000 1566 3068 sinamus.
1599 2996 1672 3067 Nos
1687 3022 1770 3066 vero
1786 3010 1969 3065 aeternum
1984 3016 2023 3060 ac
2039 2990 2111 3059 cle-

1123 3101 1379 3170 mentissimum
1401 3102 1541 3183 Deum,
1574 3112 1709 3189 patrem
1730 3096 1878 3168 Domini
1901 3092 2012 3163 nostri
2032 3090 2111 3161 lesu

1122 3195 1268 3281 Christi,
1284 3214 1358 3270 toto
1374 3215 1514 3292 pectore
1529 3201 1765 3292 precabimur,
1790 3211 1830 3267 ut
1847 3220 1970 3287 puram
1987 3207 2021 3263 et
2037 3193 2112 3261 sin-

1123 3324 1238 3369 ceram
1264 3302 1486 3371 sacratissimi
1511 3301 1611 3369 verbi
1636 3302 1691 3370 sui
1708 3299 1905 3369 doctrinam
1929 3297 1968 3365 in
1986 3291 2111 3364 Eccle-

1123 3403 1184 3470 siis
1206 3403 1336 3471 nostris
1359 3426 1433 3472 non
1464 3402 1558 3472 sinat
1588 3400 1817 3484 intercidere,
1847 3410 1907 3468 aut
1932 3396 2111 3465 erroribus
2160 3432 2174 3445 ι’

1123 3504 1252 3573 iterum
1267 3504 1512 3586 contaminari,
1528 3502 1583 3569 vel
1596 3501 1780 3571 obscurari
1795 3495 1995 3590 sophisticis
2011 3517 2125 3585 prae-‚

1123 3604 1246 3692 stigiis,
1272 3617 1310 3673 ut
1326 3605 1363 3671 in
1380 3598 1436 3672 his
1453 3602 1579 3670 mundi
1593 3602 1803 3671 senescentis
1817 3598 1975 3670 tenebris
1988 3597 2110 3665 saltem

1123 3699 1209 3772 haec
1240 3703 1301 3772 lux
1336 3728 1410 3772 non
1442 3704 1677 3791 extinguatur.
1730 3700 1847 3795 thue
1878 3694 1971 3767 haec
1994 3697 2111 3767 studia

1123 3805 1337 3894 optimarum
1357 3803 1485 3872 artium
1502 3817 1536 3872 ct
1548 3804 1763 3892 linguarum,
1784 3825 1873 3894 quae
1888 3799 2017 3890 partim
2033 3820 2113 3866 coe-

1124 3904 1203 3973 lesti
1219 3904 1400 3974 doetrinae
1415 3904 1640 3992 explicandae
1652 3903 1821 3984 serviunt,
1844 3901 1971 3992 partim
1988 3922 2111 3967 verum

1124 4029 1164 4075 ac
1179 4017 1314 4073 rectum
1331 4003 1502 4072 iudicium
1519 4006 1563 4072 de
1579 4005 1685 4074 rebus
1699 4006 1866 4088 formant,
1892 4001 2019 4094 partim
2035 3999 2113 4091 opi-

1124 4105 1284 4177 tulantur
1303 4100 1387 4174 huie
1413 4105 1560 4174 miserae
1582 4103 1759 4175 humanae
1780 4107 1888 4189 vitae,
1923 4104 2113 4173 clementer

1124 4221 1265 4278 tueatur
1280 4230 1320 4275 ac
1333 4221 1526 4276 conservet.
1559 4203 1702 4277 Etcum
1718 4209 1793 4299 ipse
1806 4203 1935 4275 horum
1950 4203 2112 4273 omnium

1124 4311 1301 4378 bonorum
1317 4310 1397 4378 fons
1413 4323 1517 4402 atque
1531 4304 1663 4379 author
1678 4309 1740 4394 sit,
1767 4323 1807 4380 ut
1824 4304 1907 4377 haec
1924 4331 1986 4376 sua
2004 4307 2110 4373 bene-

1124 4411 1200 4480 ficia
1217 4411 1310 4481 inter
1332 4434 1398 4479 nos
1415 4424 1490 4480 rata
1506 4434 1545 4479 ac
1569 4411 1668 4480 firma
1685 4435 1758 4481 esse
1774 4412 1879 4499 velit,
1906 4431 2041 4500 nosque
2056 4405 2110 4470 vi-

1124 4513 1240 4583 cissim
1265 4507 1349 4581 haec
1366 4512 1488 4581 divina
1509 4514 1602 4581 dona
1626 4527 1826 4584 reverenter
1849 4525 2052 4591 tractemus,
2077 4518 2112 4574 et

1124 4614 1249 4705 cupide
1274 4616 1543 4705 amplectamur:
1578 4637 1642 4681 nec
1673 4615 1787 4683 ullum
1817 4614 1921 4681 etiam
1953 4610 2109 4678 studium

1124 4730 1184 4785 aut
1202 4715 1373 4796 laborem,
1400 4716 1484 4781 dum
1502 4714 1563 4780 illa
1578 4715 1744 4805 consequi
1765 4714 1947 4805 possimus,
1972 4730 2111 4778 recuse-

1124 4839 1221 4899 mus,
1245 4839 1291 4883 ne
1305 4813 1409 4883 nobis
1425 4811 1491 4882 hoc
1506 4815 1631 4884 veteris
1649 4820 1769 4904 poetae
1783 4813 1981 4883 occinatur:

1201 4950 1281 5010 σῦκα
1303 4942 1366 5030 prl‘
1390 4940 1570 5027 ὀρνίθεσσι,
1592 4936 1730 5027 φυτεύειν
1752 4943 1780 5007 d’
1795 4941 1851 5008 οὒκ
1872 4942 2024 5007 ἐθέλουσι.

1227 5052 1333 5120 Gratas
1349 5058 1453 5119 avibus
1468 5059 1559 5134 fieus,
1585 5057 1636 5116 sed
1651 5060 1759 5119 nolunt
1774 5058 1851 5117 ierro
1864 5060 2006 5117 laborem.

1123 5185 1264 5257 Debent
1284 5210 1369 5257 vero
1394 5210 1459 5255 nos
1480 5185 1584 5254 etiam
1608 5188 1827 5277 corruptelae
1848 5189 2028 5257 doctrinae
2054 5208 2109 5252 sa-

1125 5312 1221 5372 crae,
1247 5311 1403 5371 errores,
1428 5299 1463 5357 et
1485 5282 1720 5377 blasphemiae
1749 5283 1876 5358 horum
1909 5304 2107 5378 temporum

1124 5389 1273 5461 invitare
1289 5392 1333 5461 ad
1349 5388 1442 5460 serio
1459 5388 1678 5473 discendum,
1690 5402 1730 5460 ut
1745 5405 1778 5462 et
1792 5414 1857 5460 nos
1873 5404 1907 5460 et
1921 5387 2008 5457 alios
2024 5410 2109 5455 con-

1623 5486 1674 5567 55
