4732 6030
240 195 318 276 ost
914 175 1071 257 DllCL.
1102 175 1180 255 DE
1211 176 1604 261 amarorum
2193 187 2276 268 ⁶⁵2

248 371 445 446 dedicasse:
471 357 537 432 'cui
559 356 770 449 epigramma
793 344 1018 442 quodadhue
1033 365 1145 439 extat,
1174 351 1233 422 in·
1284 355 1410 447 probet
1436 351 1604 436 maxime,
1642 351 1726 423 satis
1755 366 1873 445 aperte
1903 354 2068 429 ostendit.
2133 351 2275 434 Athis

250 470 409 564 scripsit,
440 464 480 532 in
497 479 655 553 quonun
672 451 787 522 solum
801 451 1044 521 testimonium
1061 447 1235 525 honorili-
1285 469 1405 525 noster
1427 448 1633 523 methodum
1657 454 1762 523 nohis
1787 455 1974 539 informat,
2006 471 2047 527 ut
2069 471 2190 547 postea
2215 464 2277 533 di-

248 599 354 653 Ιψῃ,
378 562 557 639 sedetiam
575 553 780 627 vaticinium
794 552 1016 622 continetur:
1287 580 1380 639 cam,
1404 554 1629 626 utilissimam
1644 555 1689 625 ad
1711 556 1863 644 regenda
1887 555 2018 627 iudicia
2042 558 2082 626 in
2103 562 2277 635 omnihus

403 669 493 734 Nulla
508 668 606 727 ferent
621 667 712 726 talem
724 660 1040 724 seslaiisturarimm.
1241 726 1245 733 ⁴
1287 655 1469 730 doctrinis,

254 773 399 849 Mortuo
419 763 529 852 igitur
550 759 720 842 Platone,
758 779 838 825 com
860 756 931 825 iam
953 778 1044 848 pene
1068 752 1237 843 attigisset
1387 755 1430 825 ln
1448 751 1515 824 hoe
1529 756 1607 826 ocio
1616 753 1786 826 Graeciae
1801 756 1905 826 etiam
1919 781 2046 829 aureos
2060 759 2143 831 illos
2159 764 2275 837 libros

253 864 460 945 Aristoteles
484 858 791 956 quadragesimum
812 878 966 938 annum,
1008 879 1089 924 cum
1110 858 1237 925 domus
1287 858 1482 929 donatoris
1496 857 1732 939 animantium
1749 856 1899 949 scripsit,
1924 859 2066 930 adiutus
2075 858 2275 937 Alexandri

137 984 144 997 ‘
253 972 327 1042 cios
343 965 648 1036 nobilissimorum
663 954 849 1028 hominum
865 957 1062 1050 frequentia
1081 957 1238 1026 celebra-
1287 959 1507 1030 liberalitate.
1552 944 1649 1026 Nam
1665 958 1810 1048 privatis
1825 960 2026 1050 sumptibus
2051 975 2085 1032 et
2109 988 2130 1033 a
2152 968 2276 1060 paucis

253 1085 373 1146 retur,
411 1060 553 1135 scholas
581 1057 712 1132 habere
739 1058 864 1148 coepit.
934 1056 1006 1130 Sed
1035 1057 1136 1129 brevi
1159 1071 1238 1148 post
1289 1059 1463 1151 explorari
1496 1052 1759 1129 tanta‘aaturae
1783 1059 1931 1129 varietas
1954 1084 2176 1157 nequaquam
2203 1092 2274 1158 po.

253 1168 442 1259 Philippus
463 1165 614 1237 Macedo
636 1161 781 1232 accersit
802 1183 882 1229 eum
904 1161 948 1229 ad
976 1183 1030 1243 se,
1063 1172 1103 1229 ut
1125 1159 1237 1227 lilium
1288 1162 1367 1232 tuit.
1419 1158 1523 1230 Misit
1538 1157 1647 1247 igitur
1668 1161 1700 1227 ei
1716 1160 1917 1229 Alexander
1944 1162 1983 1229 in
2005 1157 2096 1233 hanc
2118 1167 2273 1259 inquisi-

256 1269 498 1343 Alexandrum
519 1263 688 1337 erudiret.
747 1259 826 1330 Hoc
849 1260 1020 1330 iudicium
1044 1261 1136 1349 regis
1157 1258 1238 1329 Ma·
1289 1263 1422 1334 tionem
1452 1260 1663 1329 conferenda
1695 1261 1826 1331 talenta
1854 1262 2072 1352 octingenta,
2113 1260 2180 1336 hoc
2206 1284 2271 1354 est,

255 1369 415 1443 cedonici
433 1391 472 1436 eo
484 1366 594 1454 magis
608 1364 810 1433 mirandum
826 1362 937 1446 duco,
969 1361 1063 1454 quod
1081 1384 1161 1431 cum
1178 1384 1238 1430 eo-
1289 1362 1545 1457 quadringenta
1561 1372 1595 1429 et
1611 1362 1786 1451 octoginta
1804 1361 1918 1432 millia
1934 1378 2202 1452 coronatorum,
2226 1373 2272 1440 ad

255 1475 335 1543 dem
355 1485 515 1560 ternpore
539 1465 705 1535 lsocrates
727 1464 870 1533 floreret
891 1461 1082 1554 sapientiae
1105 1474 1140 1531 et
1163 1461 1238 1531 elo-
1290 1463 1540 1535 conducendos
1560 1475 1743 1532 venatores
1764 1475 1800 1531 et
1821 1465 1866 1532 ad
1888 1463 2014 1536 bestias
2034 1466 2200 1554 alendas,
2232 1483 2272 1542 ut

256 1571 419 1666 quentiae
434 1570 546 1647 sarna,
574 1578 608 1635 et
623 1565 697 1655 regi
712 1564 902 1633 admodum
917 1563 1049 1633 amicus
1063 1575 1171 1647 emet,
1204 1574 1239 1631 et
1291 1563 1445 1657 conspici
1458 1584 1579 1632 earum
1592 1575 1739 1633 naturae
1749 1576 1900 1652 possent.
1924 1562 2107 1636 Praeclare
2114 1562 2273 1639 Alexan·

255 1668 348 1743 hanc
363 1671 474 1760 ipsam
498 1666 694 1738 doctrinam
718 1665 955 1756 profiteretur,
989 1687 1078 1757 quae
1097 1664 1143 1734 ab
1166 1663 1239 1731 illis
1290 1667 1365 1739 der.
1405 1661 1494 1732 Nam
1511 1663 1603 1733 inter
1616 1663 1819 1754 praecipuas
1832 1686 1954 1753 regum
1970 1689 2072 1735 curas
2089 1662 2183 1738 hanc
2198 1693 2272 1740 esse

254 1765 398 1865 politica
426 1770 635 1851 vocabatur,
673 1765 892 1857 maximeque
925 1765 1106 1835 videretur
1140 1762 1239 1833 utilis
1290 1768 1409 1845 decet,
1427 1763 1536 1833 vitam
1555 1758 1740 1834 bominum
1757 1757 1903 1835 honesta
1918 1765 2074 1835 doctrina
2094 1769 2272 1844 instruere

255 1872 346 1962 regi:
389 1870 563 1961 praelatus
592 1881 711 1936 tamen
737 1860 962 1951 Aristoteles,
1007 1877 1150 1956 propter
1179 1887 1240 1935 eo·
1290 1881 1396 1960 atque
1420 1886 1566 1947 ornare,
1599 1864 1724 1955 idque,
1758 1876 1799 1934 ut
1823 1864 1940 1950 lieret,
1967 1866 2139 1937 divinitus
2163 1893 2268 1958 prae-

255 1974 364 2067 piam,
384 1984 424 2040 ut
438 1969 605 2052 arbitror,
628 1980 662 2036 et
676 1965 878 2038 varietatem
895 1965 1089 2036 doctrinae.
1122 1963 1240 2036 Testi-
1291 1964 1586 2038 stantissimomm
1607 1964 1809 2056 principum
1832 1966 2030 2038 voluntates
2050 1968 2202 2038 subinde
2223 1969 2270 2040 ad

256 2072 416 2142 monium
431 2093 515 2139 vero
539 2071 583 2138 de
603 2067 763 2136 moribus
781 2060 850 2135 hoc
874 2067 1041 2135 ducamus
1065 2086 1139 2135 esse
1159 2088 1239 2155 gra-
1291 2082 1382 2138 artes
1402 2065 1650 2135 instaurandas
1666 2065 1832 2136 excitatae
1850 2080 1947 2140 sunt.
1997 2065 2116 2154 Atlas,
2141 2064 2271 2156 Orion,

258 2173 453 2243 vissimum.
517 2167 595 2237 Nisi
628 2167 723 2236 enirn
750 2189 812 2235 rex
837 2168 1017 2254 probasset
1039 2160 1240 2236 Aristotelis
1292 2167 1489 2238 doctrinam
1519 2165 1563 2234 de
1593 2165 1748 2234 motibus
1776 2165 1950 2252 siderum,
1990 2182 2025 2238 et
2046 2169 2202 2241 fortassis
2227 2173 2271 2241 de

257 2294 389 2357 mores,
413 2292 488 2338 non
505 2269 781 2337 commendasset
794 2266 837 2357 ,ei
855 2266 988 2351 hlium,
1017 2290 1123 2359 quem
1142 2268 1241 2337 vole-
1291 2268 1378 2339 anni
1390 2266 1494 2335 metis
1507 2262 1675 2335 Graeciae
1691 2265 1923 2339 tradiderunt.
1962 2266 2036 2338 Nec
2051 2269 2169 2361 inepte
2185 2272 2271 2342 dicit

256 2377 318 2444 hat
333 2375 376 2442 ad
394 2369 563 2440 iustitiam
583 2380 617 2437 et
630 2366 929 2452 moderationem,
954 2380 993 2437 ut
1008 2367 1082 2457 ipse
1101 2369 1240 2456 praedi·
1293 2369 1423 2448 lnlius,
1449 2389 1485 2435 se
1499 2365 1606 2436 etiam
1623 2365 1716 2437 inter
1731 2378 1924 2437 castrorum
1940 2368 2120 2455 fremitus,
2153 2385 2186 2440 et
2209 2384 2270 2441 tu·

257 2475 373 2555 cahat,
407 2467 473 2540 hae
494 2469 634 2537 mitiore
648 2482 682 2537 et
697 2468 857 2537 dulciore
869 2467 1029 2538 doctrina
1042 2468 1240 2540 adsueberi.
1292 2473 1418 2540 barum
1451 2466 1611 2551 classica,
1649 2481 1765 2537 tamen
1792 2467 1928 2560 aliquid
1957 2471 2110 2541 tribuere
2140 2471 2267 2542 studiis

257 2570 392 2646 Didicit
406 2571 512 2661 igitur
530 2564 730 2639 Alexander
742 2569 878 2652 literas,
910 2581 1091 2660 poemata,
1117 2565 1242 2639 Philo-
1292 2569 1474 2642 doctrinae
1488 2567 1640 2640 coelesti.
1691 2565 1752 2637 Sic
1767 2567 1861 2636 enim
1879 2571 1996 2665 inquit
2010 2570 2192 2642 Lucanus:

256 2669 439 2764 sophiam,
465 2683 499 2741 et
515 2683 650 2760 partem
667 2669 821 2759 aliquam
839 2666 1000 2738 Medicas
1015 2670 1112 2741 artis.
1148 2668 1239 2741 Nam
1392 2674 1493 2738 Media
1507 2676 1839 2756 interpmslissemper

211 2838 214 2843 .
256 2769 348 2844 hanc
371 2794 512 2865 quoque
531 2783 624 2838 recte
644 2768 833 2854 iudicavit,
870 2769 1021 2840 ducturo
1048 2770 1240 2863 aliquando
1393 2774 1554 2838 Stellarum
1567 2779 1832 2859 emtiqueplagts,
1856 2779 2028 2861 superisque
2041 2783 2154 2841 massi.

256 2873 432 2946 exercitus
451 2892 579 2960 magno
595 2869 776 2939 usuifore.
1391 2875 1507 2940 Tantos
1520 2879 1691 2942 susurrari.
1888 2868 1891 2873 ’

358 2971 449 3044 Cum
480 2985 597 3041 autem
624 2992 736 3040 annos
767 2980 845 3038 octo
881 2970 974 3059 apud
999 2964 1239 3041 Alexandrum
1292 2969 1404 3042 lullus
1425 2971 1552 3059 igitur,
1581 2984 1624 3041 ut
1644 2969 1757 3053 scitis,
1789 2969 1855 3043 toti
1877 2969 1957 3040 orbi
1978 2983 2151 3042 terrarum
2173 2969 2267 3044 hanc

258 3074 461 3151 mansisset,
492 3071 599 3141 rediit
618 3066 776 3141 Athenas
798 3066 1023 3155 Aristoteles,
1055 3096 1095 3142 ac
1119 3094 1241 3141 narsus
1292 3073 1377 3142 anni
1402 3070 1695 3161 descriptionem,
1721 3094 1790 3163 qua
1813 3065 1984 3141 hactenus
1999 3073 2152 3158 utimur,
2174 3073 2268 3144 tradi

259 3176 385 3243 docere
403 3172 543 3261 publice
558 3172 684 3260 coepit.
729 3166 808 3241 Etsi
823 3184 940 3241 autem
955 3171 1071 3243 studia
1088 3166 1240 3242 Athenis
1292 3173 1439 3243 curavit.
1491 3166 1637 3263 Omitto·
1661 3171 1759 3244 alios.
1810 3169 1914 3240 Nunc
1946 3177 2176 3245 metuendum
2209 3190 2272 3260 est,

258 3270 466 3364 aliquandiu
482 3269 716 3338 interturbata
731 3283 830 3353 sunt,
854 3294 935 3340 cum
945 3269 1168 3344 Macedonici
1183 3296 1241 3342 re-
1292 3273 1493 3365 principum
1515 3271 1727 3363 negligentia
1750 3269 1876 3339 multas
1898 3266 2065 3344 honestas
2088 3291 2181 3347 artes
2214 3276 2271 3344 in·

258 3395 318 3464 ges
334 3393 433 3439 arma
449 3365 618 3438 Graeciae
635 3367 823 3436 inferrent:
855 3381 975 3437 tamen
990 3385 1129 3462 postea,
1160 3395 1239 3441 eum
1291 3374 1457 3444 terituras
1475 3395 1559 3446 esse.
1608 3369 1721 3441 Deum
1738 3369 1844 3458 igitur
1859 3391 2020 3453 uranus,
2058 3389 2098 3445 ut
2114 3377 2271 3447 saniores

259 3470 462 3543 Alexander
476 3469 514 3536 in
532 3464 653 3537 Asiam
667 3465 823 3551 traiecit,
855 3467 972 3537 ocium
986 3471 1066 3544 fuit.
1115 3468 1241 3540 Etru·
1292 3473 1430 3565 aliquos
1445 3473 1631 3557 accendat,
1652 3484 1692 3542 ut
1710 3469 1748 3538 in
1773 3465 1837 3539 hac
1859 3492 1898 3538 re
1919 3475 2100 3545 communi
2124 3477 2272 3548 utilitati

151 3662 154 3667 ι
257 3573 433 3644 toritatem
458 3562 660 3638 Aristotelis
688 3567 862 3660 profuisse
887 3565 1058 3641 Graeciae
1078 3594 1152 3641 non
1173 3573 1241 3641 du·
1291 3574 1430 3663 generis
1443 3568 1592 3644 humani
1605 3570 1801 3660 diligentia,
1828 3582 1863 3640 et
1874 3569 2055 3642 liberalius
2068 3578 2271 3649 consulant.

256 3673 359 3743 bium
382 3684 450 3753 est,
490 3692 570 3739 cum
599 3689 715 3756 regem
742 3668 911 3739 victorem
932 3670 978 3739 de
1000 3672 1241 3743 moderatione
1394 3671 1464 3744 Sed
1487 3675 1593 3743 redeo
1613 3674 1658 3742 ad
1682 3668 1924 3756 Aristotelem,
1959 3670 2021 3765 qui
2043 3673 2082 3741 in
2103 3674 2166 3743 illo
2188 3678 2270 3747 ocio

255 3771 423 3843 victoriae
439 3770 548 3840 multa
563 3782 740 3854 moneret,
773 3784 809 3841 et
822 3770 1027 3842 accenderet
1043 3775 1087 3843 ad
1105 3773 1239 3845 bellum
1292 3797 1468 3844 annorum
1496 3773 1683 3859 tredecim,
1717 3796 1788 3864 quo
1814 3764 1963 3842 Athenis
1990 3772 2124 3859 docuit,
2154 3776 2267 3845 multa

255 3873 295 3941 in
311 3870 432 3943 Asiam
448 3869 743 3941 transferendum.
794 3866 925 3943 Extam
944 3866 1052 3942 hodie
1072 3874 1240 3966 epistolae
1291 3874 1450 3965 scripsit,
1476 3897 1627 3967 quorum
1644 3896 1725 3966 pars
1745 3896 1821 3942 non
1844 3876 2098 3943 contemnenda
2122 3898 2267 3964 prorsus

255 3976 300 4043 ad
318 3968 561 4049 Alexandrum
578 3971 623 4041 ab
637 3971 715 4062 ipso
728 3971 902 4073 scriptae,
938 3972 1131 4067 inquibus
1154 3970 1239 4046 haec
1291 3975 1416 4067 periit,
1437 3975 1531 4046 utin
1546 3974 1652 4045 tantis
1676 3988 1711 4046 et
1730 3986 1803 4044 mm
1826 3973 1957 4042 crebris
1979 3975 2189 4045 tumultibus
2209 3999 2271 4044 re·

256 4070 501 4143 honestissima
530 4072 643 4140 oratio
667 4086 738 4155 est,
767 4073 915 4163 imperia
937 4076 981 4142 ad
1006 4075 1179 4147 iusticiam
1205 4091 1239 4147 et
1290 4099 1370 4147 rum
1388 4071 1623 4145 humanarum
1639 4099 1714 4144 non
1729 4072 1844 4145 solum
1859 4073 1944 4144 libri
1967 4088 2002 4145 et
2024 4070 2183 4160 chartae,
2208 4077 2270 4147 sed

255 4177 300 4244 ad
319 4172 610 4243 benefaciendum
627 4171 747 4258 generi
766 4167 922 4242 humano
945 4176 1129 4245 referenda
1153 4198 1239 4262 esse,
1291 4178 1397 4248 etiam
1420 4176 1505 4245 illae
1524 4176 1620 4268 ipsae
1639 4198 1760 4245 saxeae
1777 4173 1891 4244 moles
1910 4187 2015 4268 atque
2033 4199 2149 4261 arces,
2180 4198 2270 4268 quae

253 4297 329 4351 non
347 4273 392 4341 ad
407 4269 607 4361 superbiam
623 4284 662 4349 et
678 4264 864 4339 hominum
882 4273 1085 4363 perniciem,
1290 4279 1457 4347 adversus
1469 4299 1611 4347 omnem
1625 4274 1794 4346 iniuriam
1809 4274 1902 4345 vitae
1920 4276 1997 4345 fore
2016 4276 2271 4362 existimantur,

356 4368 417 4441 Sic
439 4382 556 4449 autem
567 4390 694 4457 operas
713 4370 913 4455 distribuit,
939 4386 1096 4446 utmane
1113 4371 1237 4446 Philo-
1289 4378 1438 4449 infinitis
1453 4377 1591 4449 casibus
1603 4376 1775 4448 obnoxiae
1789 4388 1884 4449 sunt.
1933 4372 2002 4445 Dei
2023 4389 2141 4447 tamen
2159 4378 2270 4451 bene·

252 4466 416 4561 sophiam
439 4469 612 4549 traderet,
645 4467 883 4561 vespertinum
908 4484 1046 4563 tempus
1066 4476 1238 4545 exercitiis
1289 4479 1407 4549 licium
1433 4501 1508 4549 esse
1537 4480 1708 4555 sciamus,
1741 4476 1837 4568 quod
1861 4474 2027 4568 reliquias
2048 4500 2122 4546 non
2145 4489 2270 4548 tenues

251 4569 480 4665 eloquentiae
504 4568 687 4651 tribueret.
752 4564 908 4641 Maxime
930 4596 1016 4643 -vero
1037 4576 1238 4647 laudandos
1289 4572 1469 4652 habemns.
1502 4577 1545 4650 ln
1553 4576 1702 4649 Graecia
1717 4576 1872 4647 arbitror
1883 4570 2272 4669 postTheophrastum,

251 4686 306 4743 est
320 4668 390 4743 hoc
403 4670 562 4756 nomine,
583 4672 683 4763 ‚quod
696 4670 788 4743 iusto
803 4673 930 4745 ordine
943 4673 1097 4767 singulas
1112 4670 1237 4746 Philo-
1288 4703 1368 4751 cum
1383 4702 1496 4751 novae
1511 4690 1625 4750 sectae
1639 4689 1778 4747 exortae
1795 4689 1928 4760 essent,
1953 4672 2072 4746 Stoica
2085 4689 2120 4746 et
2135 4672 2272 4768 Epicu·

254 4770 399 4865 sophiae
420 4786 537 4866 partes
559 4772 722 4844 tradidit:
763 4787 798 4845 et
817 4789 989 4868 quantum
1012 4777 1088 4849 lieri
1110 4777 1237 4870 potuit,
1287 4804 1359 4861 rea,
1383 4800 1472 4874 quae
1485 4805 1506 4851 a
1519 4776 1659 4848 levibus
1672 4776 1836 4868 ingeniis,
1861 4798 1940 4847 cum
1957 4799 2084 4866 magno
2097 4778 2273 4867 adplausu

252 4875 437 4966 complecti
454 4875 607 4964 integras
623 4886 771 4944 conatus
785 4889 849 4952 est.
885 4873 962 4948 Hac
977 4878 1159 4970 diligentia
1175 4902 1235 4951 su·
1288 4894 1447 4973 exceptae
1468 4891 1570 4964 sunt,
1610 4891 1645 4951 et
1666 4893 1707 4950 ut
1729 4871 1923 4969 Sophocles
1944 4875 2077 4970 inquit:
2108 4874 2273 4951 Celerius

249 4977 389 5067 ‚paravit
416 4973 619 5061 Platonem,
653 4975 716 5068 qui
738 4976 808 5048 etsi
836 5000 961 5048 omnes
983 4974 1235 5073 Philosophiae
1286 4983 1400 5052 malsc
1412 4981 1600 5071 opiniones
1614 4981 1837 5063 discurrunt,
1861 4978 2013 5068 neglecti
2031 4993 2114 5049 sunt
2128 4975 2274 5053 Aristo-

250 5089 364 5168 partes
380 5075 511 5165 attigit,
531 5090 654 5147 tamen
669 5098 734 5144 nec
748 5079 886 5162 ordine,
911 5103 978 5158 nec
994 5080 1146 5173 integras
1161 5094 1234 5156 tra-
1285 5082 1365 5153 telis
1390 5081 1491 5169 libri,
1531 5107 1573 5154 ae
1605 5082 1670 5152 diu
1702 5079 1808 5150 etiam
1831 5078 1946 5149 doctis
1977 5077 2089 5169 ignoti
2113 5082 2272 5155 fuerunt.

248 5177 360 5262 didit,
398 5176 461 5247 sed
480 5177 609 5268 passim
635 5177 673 5243 iu
699 5177 847 5270 dialogis
867 5181 1055 5254 dilacerata
1075 5185 1233 5254 membra
1280 5180 1447 5278 Cumque
1478 5185 1550 5254 iam
1582 5206 1675 5276 pene
1699 5179 1791 5250 carie
1815 5196 2127 5267 consumerentur,
2168 5181 2271 5277 Sylla

247 5279 391 5373 sparsit,
428 5289 468 5354 et
495 5276 592 5359 ,ludit
617 5275 761 5350 ironiis:
802 5305 868 5353 nec
890 5305 1027 5376 semper
1050 5284 1137 5379 quid
1157 5286 1232 5376 ipse
1256 5280 1262 5287 ’
1282 5284 1375 5357 forte
1396 5286 1435 5355 ia
1453 5282 1603 5358 Graecia
1617 5282 1753 5354 bellum
1776 5301 1919 5370 gerens,
1943 5276 2161 5354 bibliotheca
2180 5306 2274 5377 qua·
