4732 6030
230 300 314 444 eas
839 349 1000 429 nucu
1031 349 1108 428 ua
1130 325 1285 428 ,vrrs
1316 350 1679 431 urnnourur.
1721 326 1722 331 '
2147 337 2150 351 ²
2188 361 2266 440 reo

238 531 496 630 Prophetarum
512 543 547 602 ει
564 527 835 622 Apostolorum,
864 539 897 600 et
911 524 1114 598 universam
1130 523 1224 596 anti·
1273 553 1374 623 pero,
1423 524 1655 619 Diligentiam
1668 525 1737 598 viri
1752 529 1983 617 considerate,
2012 531 2067 602 vel
2082 530 2122 602 in
2137 527 2206 607 hac
2220 560 2274 624 re,

240 640 409 735 quitatem
424 632 598 706 Ecclesiae
613 630 795 721 cognovit,
819 630 972 702 contulit
990 628 1149 726 omnium
1166 651 1225 697 ae·
1275 656 1363 725 quac
1390 628 1531 702 videtur
1563 629 1769 705 leviuscula.
1827 629 2122 707 Nomenclaturas
2155 637 2274 715 edidit

240 754 353 812 talum
376 733 584 818 certamina,
616 747 656 804 ul
678 732 819 825 piorum
843 730 973 800 iudicia
994 731 1044 799 de
1062 728 1225 798 maximis
1275 733 1435 803 locorum
1444 726 1690 817 Ebraicorum,
1706 754 1794 826 quas
1810 755 1885 802 non
1894 735 2056 807 distinxit
2070 734 2273 812 utCosmo·

240 842 347 912 rebus
371 850 404 906 ει
425 848 559 907 teneret
583 848 618 905 et
637 845 851 927 sequeretur.
904 828 1081 902 Adiunxit
1101 843 1136 899 ει
1153 830 1226 899 lin·
1276 830 1449 926 graphus,
1473 836 1535 905 sed
1554 847 1593 904 ut
1608 834 1723 903 viator
1738 833 1811 924 ipse
1829 858 1891 926 per
1906 835 2272 912 totamPalaeetinam

241 964 327 1033 guae
349 935 521 1009 Ebraicae
548 935 721 1006 studium:
753 957 860 1028 quam
884 946 925 1004 ut
953 945 1045 1003 recte
1067 931 1227 1016 disceret,
1276 948 1441 1026 vagatus,
1467 935 1652 1008 intervalla
1675 934 1890 1027 oppidorum
1913 940 1986 1008 suis
2008 941 2171 1031 passibus
2192 968 2273 1015 me-

240 1054 481 1136 praeceptores
498 1036 747 1108 disertissimos
771 1035 810 1104 in
830 1058 870 1106 ea
892 1035 1016 1126 lingue
1038 1032 1228 1127 quaesivit,
1278 1037 1365 1110 titus
1383 1049 1447 1106 aar,

240 1157 274 1214 et
291 1142 373 1236 quia
390 1139 504 1210 affinis
522 1152 572 1209 est
586 1135 749 1231 Syriaca,
775 1132 867 1206 hanc
883 1137 988 1208 etiam
1001 1149 1087 1206 tunc
1100 1158 1227 1206 verna-
1381 1135 1510 1208 Narrat
1530 1133 1639 1224 igitur
1654 1134 1761 1222 situs,
1787 1149 1822 1206 ει
1835 1135 2005 1210 discernit
2021 1166 2172 1216 numero
2188 1130 2273 1238 p‘as-

241 1245 357 1315 culam
373 1240 497 1337 Syriae
521 1239 613 1308 inter
635 1234 791 1329 hospites
812 1237 949 1309 didicit.
1006 1234 1083 1306 Hac
1105 1234 1228 1305 multi·
1277 1237 1519 1310 sunmalocie
1535 1237 1745 1326 imtgnibug,
1762 1239 2099 1320 egrecgmmim
2112 1249 2270 1339 appella·

240 1344 326 1439 plici
342 1342 543 1414 eruditione
564 1341 775 1420 instructus,
800 1338 955 1410 instituit
970 1361 1059 1429 opus
1079 1334 1227 1407 utilissi-
1279 1341 1404 1414 tiones.
1429 1336 1539 1429 2Haec
1555 1338 1739 1429 diligentia
1752 1354 1788 1412 et
1803 1338 1844 1408 in
1861 1340 1937 1437 ipso
1953 1343 2069 1416 virtus
2085 1348 2154 1420 fuit
2171 1372 2271 1440 egre-

240 1470 358 1530 mum,
382 1442 546 1514 videlicet
562 1436 820 1531 Prophetarum
840 1463 882 1509 ex
898 1439 1055 1512 fontibus
1077 1436 1229 1508 transla-
1279 1441 1350 1532 gia,
1374 1453 1409 1511 et
1424 1438 1621 1532 posteritati
1643 1442 1796 1532 prodest.
1846 1439 2009 1536 Cumque
2030 1449 2123 1518 lama
2146 1453 2272 1522 mudi-

241 1547 376 1620 tionem
399 1545 438 1614 in
462 1545 621 1632 linguam
635 1541 820 1626 Latinam,
845 1540 907 1635 qui
927 1554 967 1612 ut
987 1554 1079 1610 recte
1096 1537 1229 1609 intelli·
1280 1542 1388 1616 tionis
1401 1541 1511 1634 ipsius
1527 1540 1596 1611 late
1609 1564 1728 1632 sparsa
1742 1555 1814 1629 est,
1828 1544 1934 1615 multi
1947 1546 1993 1615 ab
2006 1571 2048 1617 eo
2061 1552 2192 1640 passim
2209 1579 2272 1624 εχ,

242 1661 382 1740 gautur,
405 1659 520 1716 servat
535 1640 631 1713 Deus
645 1642 684 1714 in
696 1639 852 1713 Ecclesia
866 1644 1001 1713 donum
1017 1641 1230 1729 linguarum,
1280 1644 1487 1743 plicationes
1510 1642 1739 1713 obscurarum
1770 1645 2024 1717 sententiarum
2053 1649 2272 1740 flagitarunt,

242 1764 278 1822 et
291 1762 333 1820 ut
347 1762 432 1819 tunc
446 1748 609 1816 ederetur
623 1766 715 1815 nova
729 1743 982 1834 interpretatio,
997 1738 1093 1812 Deus
1107 1764 1229 1811 accen·
1281 1747 1411 1840 quibus
1424 1745 1637 1835 respondere
1654 1744 1756 1814 labor
1770 1745 1838 1816 fuit
1852 1769 1927 1816 non
1942 1748 2096 1838 exiguus.
2146 1751 2190 1822 ln
2213 1751 2272 1827 his

242 1851 296 1922 dit
311 1847 523 1942 Hieronymi
538 1858 676 1936 pectus,
702 1857 737 1917 et
756 1844 873 1914 studio
888 1844 1076 1914 discendae
1089 1843 1230 1933 linguae
1281 1846 1475 1926 laboribus,
1497 1869 1576 1915 cum
1593 1846 1700 1915 semel
1716 1858 1822 1939 atque
1836 1846 1963 1919 iterum
1978 1845 2129 1921 Romam
2145 1877 2269 1924 rever·

241 1953 394 2041 flagrans
415 1946 565 2020 adiuvit.
624 1945 666 2018 si
684 1944 764 2040 quis
785 1958 902 2015 autem
925 1958 1029 2035 negat
1053 1944 1230 2034 praeclare
1282 1971 1342 2020 sns
1356 1960 1455 2028 esset,
1471 1943 1576 2041 (narn
1594 1947 1801 2040 aliquandiu
1819 1943 1932 2019 haesit
1945 1953 2036 2042 apud
2045 1951 2268 2042 Damascum,

241 2052 407 2123 meritum
429 2072 502 2121 esse
520 2049 565 2118 de
581 2042 737 2118 Ecclesia
760 2042 828 2118 hoc
850 2046 991 2136 labore,
1017 2069 1092 2115 non
1114 2045 1230 2115 solum
1280 2045 1497 2142 Episcopum
1513 2045 1738 2134 Romanum,
1763 2049 1913 2141 quieius
1936 2073 2042 2143 opera
2057 2054 2095 2123 in
2111 2055 2272 2148 epistolia

242 2155 419 2243 ingratus,
453 2151 513 2220 sed
536 2148 641 2219 etiam
663 2169 807 2240 prorsus
829 2147 993 2218 indoctus
1018 2160 1081 2220 est.
1139 2144 1231 2215 Nam
1281 2150 1498 2235 scribendis,
1531 2160 1566 2217 et
1580 2149 1620 2218 in
1634 2151 1778 2244 synodis
1794 2173 1878 2221 usus
1898 2149 1968 2242 εει)
1986 2157 2129 2225 tandem
2150 2171 2271 2227 tamen

243 2267 346 2325 antea
362 2265 503 2324 tantum
526 2250 690 2321 extabant
706 2244 904 2339 Prophetae
925 2272 973 2336 ex
985 2244 1122 2318 Graeco
1145 2270 1232 2317 con·
1282 2253 1321 2321 in
1338 2250 1478 2345 Syriam
1492 2250 1621 2337 rediit,
1644 2250 1729 2320 etin
1744 2252 1808 2322 illo
1826 2251 1902 2342 ipso
1917 2276 2021 2340 rnre,
2046 2259 2143 2349 quod
2159 2258 2273 2330 finum

179 2416 181 2421 Α
242 2353 348 2426 versi.
374 2351 508 2424 Graeca
523 2364 639 2428 autem
655 2348 898 2441 interpretatio
911 2349 1105 2419 admodum
1119 2347 1232 2439 negli-
1283 2366 1406 2424 natum
1424 2376 1465 2420 ex
1481 2350 1619 2440 virgine
1635 2351 1789 2443 primum
1806 2354 1958 2446 excepit,
1983 2360 2188 2444 consenuit,
2214 2360 2272 2429 vel

243 2468 366 2548 genter
387 2456 478 2525 facit
498 2465 559 2524 esl-
618 2448 667 2522 Ει
688 2476 768 2522 curn
794 2473 930 2542 semper
952 2451 1140 2543 degeneret
1162 2448 1231 2519 ali-
1283 2467 1317 2524 et
1337 2476 1415 2524 ossa
1438 2452 1515 2522 eius
1535 2447 1646 2522 humo
1668 2466 1757 2525 tecta
1774 2467 1869 2527 sunt.
1917 2452 2001 2527 Dixi
2024 2460 2209 2551 praecipue
2224 2461 2270 2530 de

243 2557 456 2654 quantulum
469 2555 573 2626 etiam
591 2552 699 2623 foelix
714 2550 909 2637 translatio,
922 2549 1051 2622 Latina
1065 2548 1232 2620 exGrae-
1283 2554 1409 2625 studiis
1430 2552 1612 2638 doctrinae
1635 2554 1902 2641 ecclesiasticae,
1938 2570 2111 2629 caeterum
2136 2568 2272 2653 quanta

243 2661 292 2730 cis
305 2657 484 2729 transfusa
494 2655 669 2725 deteriora
684 2666 794 2739 erant,
807 2665 848 2723 ut
860 2676 915 2722 res
931 2652 1097 2726 ostendit.
1132 2650 1233 2721 Mul-
1283 2655 1390 2727 fuerit
1410 2655 1565 2744 cognitio
1589 2650 1817 2727 historiarum
1843 2655 2059 2731 Graecarum
2083 2675 2119 2733 et
2134 2660 2272 2736 Roma·

243 2773 319 2830 tum
333 2759 443 2849 igitur
451 2755 573 2833 Latini
589 2756 726 2827 codices
739 2757 785 2825 ab
793 2751 965 2825 Hebraeis
975 2753 1232 2844 discrepabant,
1283 2779 1423 2840 narum,
1445 2755 1530 2826 libri
1545 2754 1723 2845 indicant,
1745 2757 1782 2825 in
1798 2759 1929 2852 quihus
1942 2784 2014 2831 non
2030 2762 2144 2833 ,otum
2160 2764 2273 2834 mul„

244 2863 341 2955 q⁰⁰d
357 2885 438 2932 ⁰⁰⁰¹
459 2859 507 2928 lla
530 2871 637 2942 ⁰⁸⁸²12
671 2855 758 2927 bimi
781 2869 816 2926 ²1
837 2854 934 2925 ἀ00ῑὶ
954 2877 1078 2925 0fflss0⁸
1092 2866 1233 2945 expele—
1284 2880 1374 2951 quae
1390 2878 1487 2926 nunc
1502 2870 1619 2927 estam
1635 2871 1669 2928 et
1682 2858 1831 2933 *eruditis
1847 2874 1931 2931 nota
1944 2876 2038 2944 sunt,
2063 2865 2272 2948 recitantur,

242 2962 330 3034 hant
348 2959 672 3051 interpretationem
691 2955 892 3053 propiorem
909 2955 1085 3040 fontibus,
1109 2979 1179 3048 qua
1193 2954 1232 3023 in
1285 2957 1467 3028 sedetiam
1488 2957 1558 3035 alia
1582 2971 1722 3052 sumpta
1744 2983 1786 3029 ex
1808 2963 1956 3033 vetustis
1974 2964 2172 3050 autoribus,
2205 2965 2272 3059 qui

245 3085 386 3132 recum
399 3059 612 3154 Hieronymi
633 3061 736 3129 labor
757 3056 932 3150 profuerit
947 3052 1143 3142 Ecclesiae,
1165 3050 1233 3127 hoc
1285 3058 1507 3129 interierunt.
1568 3056 1698 3131 Narrat
1729 3061 1880 3150 alicubi,
1918 3065 2064 3157 triginta
2101 3079 2272 3161 tyrannos

245 3161 321 3232 eius
338 3161 548 3245 beneficium
565 3161 714 3230 candide
729 3173 764 3230 et
779 3171 878 3247 grato
896 3172 1036 3250 pectore
1056 3157 1234 3228 celebrare
1284 3156 1438 3240 Athenis
1460 3159 1643 3233 interfecto
1664 3165 1819 3255 quodem
1832 3160 2017 3253 Phidone,
2042 3190 2183 3238 vocasse
2199 3167 2275 3236 eius

147 3268 162 3301 ’·
244 3287 312 3334 nos
333 3263 443 3332 decet.
492 3258 575 3329 Non
596 3273 648 3329 est
669 3259 765 3328 enim
780 3259 955 3330 inerudita
977 3257 1232 3350 interpretatio,
1285 3262 1395 3345 filias,
1419 3274 1459 3332 ut
1473 3263 1590 3333 nudae
1604 3260 1642 3331 in
1657 3263 1838 3346 convivio,
1863 3264 1991 3356 inquo
2014 3270 2127 3358 patris
2151 3291 2276 3339 cruore

245 3389 311 3436 nec
332 3361 497 3445 infoelix,
526 3357 664 3430 etiarnsi
695 3358 874 3428 interdum
908 3358 1054 3452 aliquod
1079 3353 1235 3451 σφάλμα
1286 3360 1366 3432 area
1383 3384 1538 3453 respersa
1555 3377 1638 3446 erat,
1663 3361 1843 3432 saltarent:
1870 3356 1935 3431 has
1949 3387 2035 3435 vero
2053 3381 2188 3440 tantam
2206 3369 2276 3438 im-

246 3464 416 3538 oecurrit:
443 3461 594 3556 quiavix
605 3483 765 3554 unquam
777 3458 883 3549 longa
900 3459 1013 3529 oratio
1030 3459 1069 3526 in
1084 3459 1234 3527 alienam
1285 3464 1489 3533 manitatem
1504 3463 1692 3553 fugientes,
1716 3484 1789 3531 sese
1804 3463 2012 3556 praecipites
2032 3490 2075 3537 ex
2091 3471 2164 3540 alto
2177 3470 2278 3540 deic-

245 3569 405 3657 linguam
425 3563 473 3635 ita
492 3562 771 3641 transfunditur,
801 3573 843 3631 ut
864 3555 1234 3732 nihiifimbetypo
1286 3564 1386 3639 cisse.
1423 3562 1506 3653 Quo
1523 3564 1682 3657 exemplo
1696 3563 1844 3653 triginta
1856 3564 1997 3635 illorum
2015 3566 2177 3639 virorum
2192 3595 2278 3641 cru-

979 3684 1061 3730 era

247 3669 433 3759 discrepet,
465 3660 513 3736 Et
529 3662 693 3756 inprimis
709 3661 861 3733 difficile,
874 3672 927 3730 est
1063 3685 1144 3732 cum
1162 3683 1236 3729 ser·
1287 3665 1413 3752 delitus
1434 3664 1608 3737 illustrius
1630 3665 1805 3758 pingitur,
1829 3689 1934 3760 quam
1949 3665 2032 3737 ullis
2048 3669 2129 3736 aliis
2148 3693 2276 3739 narra-

246 3793 403 3855 monem,
425 3768 488 3861 qui
504 3779 537 3837 et
551 3765 695 3837 brevior
708 3776 773 3849 est,
797 3777 832 3835 ct
847 3756 995 3856 phrasin
1010 3756 1118 3833 habet
1132 3762 1237 3832 valde
1265 3829 1269 3836 ,
1288 3765 1465 3852 tionibus,
1487 3791 1577 3861 quae
1599 3790 1696 3838 nunc
1715 3778 1843 3837 extent.
1892 3764 1962 3838 Hic
1981 3781 2097 3839 auum
2117 3769 2274 3856 cogitare

248 3872 404 3943 alienam
419 3867 577 3941 dlsdllna
592 3864 860 3951 consueludlne,
884 3863 924 3934 in
937 3862 1106 3935 Latinum
1120 3875 1237 3935 trans·
1289 3867 1402 3952 subit,
1427 3880 1599 3960 quantum
1621 3870 1755 3939 malum
1775 3867 1821 3939 sit
1841 3867 2020 3962 tyrannis,
2046 3892 2133 3962 quae
2147 3867 2273 3938 deletis

133 4011 134 4014 ¹
248 3974 353 4045 terre.
403 3968 523 4060 Quare
556 3971 666 4060 magis
691 3969 893 4038 mirandum
919 3981 988 4051 est,
1029 3965 1236 4037 uuiversum
1288 3969 1426 4057 legibus
1442 3982 1619 4059 grassatur
1633 3969 1671 4038 in
1689 3964 1869 4054 homines,
1893 3981 1936 4041 ut
1953 3970 2073 4042 lerunt
2087 3969 2180 4040 caeci
2203 3970 2277 4038 im-

136 4121 137 4124 =
249 4096 376 4166 eorpus
398 4073 447 4142 ita
468 4071 572 4142 bonis
588 4071 705 4156 verbis
721 4070 921 4152 redditum,
946 4081 980 4139 et
998 4067 1235 4140 rectedistin·
1289 4085 1408 4162 petus,
1434 4070 1600 4152 ambitio,
1631 4069 1702 4155 ira,
1728 4070 1861 4154 libido,
1886 4093 1948 4140 seu
1966 4070 2083 4161 potius
2103 4084 2145 4142 ut
2162 4070 2278 4140 animi

250 4190 346 4248 ctum
370 4197 463 4253 esse,
488 4195 594 4265 quam
619 4171 714 4262 qnod
739 4170 918 4238 interdum
937 4168 1124 4239 deerravit.
1177 4163 1238 4237 ln·
1289 4170 1426 4241 afuriis
1440 4171 1629 4262 agitantur.
1669 4169 1758 4241 Nam
1775 4171 1813 4240 id
1827 4194 1970 4261 mavum
1987 4173 2120 4243 malum
2134 4195 2209 4241 uon
2225 4185 2279 4242 est

250 4276 372 4363 telligo
387 4286 421 4344 et
444 4266 512 4341 hoc
535 4270 703 4339 affirmari
719 4293 740 4338 a
758 4267 890 4351 doctis,
911 4281 993 4361 nou
1002 4268 1116 4338 solum
1134 4269 1239 4339 nobis
1289 4286 1428 4344 tantum
1443 4267 1664 4360 humanum,
1679 4284 1720 4342 ut
1734 4295 1830 4342 nunc
1845 4267 1931 4342 huic
1945 4288 2086 4345 nostrae
2099 4267 2278 4343 Ecclesio-

250 4368 447 4465 Prophetas
487 4371 680 4440 illustratos
717 4392 813 4452 esse,
852 4367 913 4437 sed
953 4369 1058 4439 etiam
1097 4367 1239 4460 linguae
1289 4373 1357 4460 lae,
1381 4366 1538 4445 honestis
1553 4373 1737 4457 matronis,
1751 4372 1961 4463 virginibus,
1987 4374 2195 4458 infantibus,
2209 4373 2278 4463 piis

133 4502 140 4511 ·
251 4471 412 4546 Ebraeae
432 4471 648 4543 intellectum
663 4466 730 4540 hoc
752 4467 964 4561 Hieronymi
980 4468 1103 4540 labore
1121 4492 1240 4540 serva·
1289 4477 1547 4562 sacerdotibus,
1575 4489 1611 4546 et
1637 4472 1705 4544 Dei
1732 4497 1854 4545 vocem
1879 4475 2032 4547 fideliter
2057 4475 2278 4556 sonantibus.

118 4635 126 4655 .
253 4593 328 4649 tum
349 4599 434 4651 esse.
1014 4608 1017 4614 ’
1293 4576 1477 4649 minitatur
1499 4577 1645 4648 exitium
1669 4571 1888 4669 Gypaectus,
1920 4600 2000 4647 cum
2021 4599 2096 4646 non
2120 4574 2237 4646 solum
2256 4600 2279 4645 a

357 4674 601 4769 Agnoscamus
634 4673 743 4765 igitur
775 4686 810 4744 et
840 4668 908 4743 Ilei
940 4670 1171 4755 beneficium,
1205 4686 1241 4744 ει
1291 4675 1396 4747 nobis
1419 4702 1494 4748 non
1516 4677 1560 4747 sit
1578 4676 1712 4760 laesus,
1736 4678 1797 4745 scd
1821 4677 1924 4747 etiam
1941 4691 2076 4748 constet
2096 4701 2156 4747 eos
2174 4675 2279 4766 culpa

159 4782 166 4798 ‘
255 4780 366 4873 ipsius
383 4779 452 4850 viri
467 4777 606 4867 vigilias
621 4793 654 4849 et
669 4774 932 4847 lucubrationes
954 4773 1043 4865 grati
1060 4772 1239 4864 praedice-
1292 4801 1421 4861 carere,
1445 4780 1517 4848 imo
1532 4776 1643 4868 ipsius
1654 4777 1859 4867 regionibus
1873 4779 1978 4847 etiam
1992 4778 2111 4872 aliqua
2126 4789 2280 4869 exparte

255 4905 345 4955 mers.
405 4879 452 4953 Ut
473 4881 569 4951 enim
597 4876 768 4969 Virgilius
792 4876 929 4970 inquit,
963 4875 1143 4947 difficilius
1167 4898 1240 4945 esse
1291 4880 1405 4950 nostri
1431 4880 1569 4949 labores
1598 4878 1769 4950 serviant:
1810 4880 1873 4948 sed
1894 4880 2066 4971 depellet,
2095 4893 2136 4949 ut
2162 4902 2281 4969 spero,

253 4980 402 5055 Herculi
416 4983 550 5052 clavam
573 4993 780 5073 extorquere
795 5001 817 5048 ε
831 4978 1015 5061 manibus,
1040 5002 1146 5069 quam
1163 4975 1240 5048 Ho-
1290 4978 1388 5050 Deus
1407 4982 1453 5050 ab
1469 4975 1525 5052 bis
1540 4980 1671 5051 nostris
1691 4979 1826 5051 nidulis
1840 4980 1953 5051 diram
1969 4982 2161 5053 volucrem.
2203 4977 2282 5052 Re-

254 5108 356 5156 mero
369 5107 527 5152 versum:
554 5081 600 5149 ita
616 5082 728 5151 multo
746 5079 863 5152 verius
877 5077 948 5150 dici
962 5091 1087 5171 potest,
1111 5079 1240 5148 diffici-
1292 5082 1358 5151 deo
1380 5095 1496 5152 erstem
1520 5085 1564 5152 ad
1586 5079 1866 5174 Hieronymum,
1888 5084 1934 5150 de
1955 5082 2054 5152 cuius
2076 5080 2280 5152 eruditione

254 5189 326 5259 lius
354 5185 428 5255 es'se
450 5180 597 5251 Herculi
625 5182 758 5258 clavam
788 5191 996 5274 extorquere
1021 5202 1040 5248 e
1065 5179 1239 5261 manibus,
1290 5206 1370 5252 cum
1393 5183 1526 5255 dictum
1551 5184 1615 5267 sit,
1641 5186 1685 5252 de
1710 5181 1999 5253 moribus'etiam
2022 5184 2196 5277 quaedam
2218 5184 2282 5252 ad·

255 5311 361 5382 quam
381 5280 529 5379 phrasin
545 5277 731 5351 Ebraicam
752 5283 790 5350 in
803 5280 966 5354 Latinam
982 5281 1240 5354 transfundere.
1291 5284 1425 5370 denda,
1455 5286 1517 5379 qni
1542 5299 1659 5356 tamen
1683 5306 1807 5373 magna
1829 5309 1870 5352 ex
1896 5302 1992 5375 parte
2013 5309 2054 5353 er
2072 5285 2202 5354 studiis
2216 5308 2282 5353 co-

133 5473 138 5482 ,
254 5389 362 5461 Plura
396 5388 450 5458 de,
472 5380 542 5455 hoc
577 5380 787 5476 Hieronymi
820 5383 991 5454 beneficio
1022 5381 1091 5451 dici
1127 5405 1239 5474 posse,
1289 5386 1411 5474 gnosci
1437 5401 1596 5479 possunt.
1654 5383 1745 5455 Nam
1773 5398 1812 5455 ut
1835 5382 1911 5456 Deo
1933 5386 2097 5468 serviret,
2127 5381 2285 5477 suscepit

254 5513 379 5562 omnes
390 5490 584 5583 prudentes
597 5483 740 5570 vident,
767 5485 828 5569 sed
842 5507 907 5576 ego
920 5484 991 5554 iam
1007 5483 1135 5557 adalia
1154 5508 1238 5576 pro·
1289 5499 1407 5558 tantos
1423 5487 1561 5560 labores
1575 5486 1780 5581 peregrinae
1793 5484 1936 5578 linguae
1950 5488 2149 5572 discendae,
2173 5501 2211 5580 et
2224 5487 2284 5556 in-
