4732 6030
273 160 360 245 sss
681 112 683 117 ⁴
739 100 902 234 naen
929 154 1006 259 na
1036 134 1369 231 urcuirara
1401 149 1849 231 asraonooran
2244 165 2325 244 ω

285 334 522 413 coniiciuntur
538 358 580 407 er
593 356 667 406 uno
683 331 804 424 aliquo
821 345 920 422 gestu
934 344 994 403 sut
1008 325 1195 404 cachinno.
1223 328 1275 401 lta
1308 327 1482 423 'effatus
1504 327 1890 419 planemnoedendum
1904 329 1986 416 erit,
2010 324 2107 409 bane
2119 346 2232 409 artua
2244 360 2323 411 aaa

279 442 371 515 curn
382 454 499 512 certae
514 451 618 507 notae
632 434 855 527 quarundam
871 435 1140 526 praecipuarum
1156 456 1275 502 rerum
1327 425 1672 524 Physices'partem,
1695 431 1844 523 perinde
1863 445 1903 505 ut
1925 432 2186 524 praedictiones
2200 436 2325 523 Meot-

282 546 361 616 sint
379 544 566 634 impressae
581 548 747 618 naturae,
771 535 905 606 multae
926 560 967 607 ex
983 531 1041 604 his
1057 549 1176 627 postea
1192 557 1278 603 con-
1328 556 1462 603 corum.
1506 529 1579 602 Nec
1593 554 1657 621 ego
1672 556 1769 603 nunc
1781 534 1827 604 de
1843 528 1910 605 hac
1923 546 2025 626 parte
2039 537 2179 628 prolixe
2193 540 2326 636 dispu-

289 647 444 718 ieeturae
459 651 659 711 sumuntur.
707 636 880 708 Fortassis
893 651 1013 709 autem
1028 661 1102 707 non
1118 650 1207 706 esset
1221 658 1278 705 ars
1329 636 1433 714 tabo,
1458 635 1520 704 sed
1539 656 1653 704 unum
1667 631 1799 705 Galeni
1812 637 1998 708 oraculum
2012 630 2252 715 inbaccsusa
2267 668 2328 717 re-

291 745 450 818 ducenda
468 736 680 830 Astrologia,
704 741 888 811 sitantum
906 752 1085 809 constaret
1098 739 1278 809 coniectu·
1329 736 1458 820 citabo,
1481 736 1545 829 qui
1558 759 1634 805 non
1649 737 1765 808 solnm
1781 733 2022 828 reprehendit,
2044 742 2228 814 sedetiam
2241 768 2327 836 gra-

291 849 358 930 ris;
386 866 467 911 nam
484 864 539 911 ars
555 856 607 912 est
622 865 745 913 eorum
760 864 850 934 quae
865 865 940 911 non
963 841 1104 913 fallunt.
1145 837 1277 909 Verum
1332 839 1422 907 viter
1440 838 1605 927 obiurgat
1626 838 1722 921 illos,
1745 839 1810 931 qui
1833 855 1966 929 negant
1986 841 2157 921 inferiora
2171 869 2326 942 corpora

290 940 427 1017 ethaeo
444 944 519 1036 ipsa
534 967 609 1030 ars,
631 958 671 1015 ut
686 942 867 1013 Medicina
882 942 1099 1026 etPolitica,
1124 941 1279 1035 primum
1331 938 1423 1009 affici
1439 964 1457 1008 a
1475 939 1611 1008 lumine
1625 941 1778 1025 coelesti,
1789 954 1824 1010 et
1839 940 1968 1034 inquit,
1991 939 2225 1035 sophisticum
2240 972 2327 1036 esse,

293 1046 397 1118 certis
411 1043 718 1116 observationibus
735 1058 888 1124 constat,
914 1058 1033 1134 postes
1049 1068 1090 1114 ex
1111 1038 1167 1113 his
1188 1042 1281 1112 mul·
1333 1063 1461 1130 negare
1479 1041 1700 1110 manifestam
1715 1042 1979 1133 experientiam.
2029 1041 2129 1136 Ergo
2144 1060 2180 1118 et
2195 1048 2328 1123 fatetur

295 1162 352 1219 tae
367 1147 534 1217 oriuntur
547 1147 779 1219 coniecturae.
831 1145 932 1216 Vidit
944 1144 1153 1234 Astrologus
1168 1146 1207 1213 in
1222 1167 1283 1234 ge-
1333 1166 1370 1211 se
1391 1141 1605 1233 experientia
1628 1142 1781 1225 victum,
1812 1145 1971 1219 tribuere
1985 1168 2151 1237 magnam
2172 1150 2246 1220 rim
2267 1152 2328 1225 lo·

293 1250 371 1320 nesi
388 1246 565 1320 Catilinae
586 1249 683 1318 diros
701 1249 837 1340 positus
861 1260 968 1341 atque
982 1262 1141 1339 aspectus
1154 1245 1282 1316 Plane-
1333 1245 1424 1313 mini
1438 1246 1478 1312 in
1494 1243 1961 1337 inferioribuscorporibus,
1984 1261 2020 1320 et
2035 1272 2097 1323 eos
2110 1249 2173 1343 qu'i
2185 1252 2328 1325 dissen-

295 1366 433 1436 tarum,
458 1350 522 1445 qui
537 1349 782 1440 significabant
796 1349 907 1419 animi
932 1348 1196 1433 crudelitatem,
1220 1372 1285 1418 au·
1335 1348 1449 1432 tiunt,
1487 1345 1704 1416 severissime
1729 1360 1834 1420 taxat.
1892 1348 1952 1421 An
1975 1351 2129 1429 dubium
2155 1364 2210 1424 est
2229 1353 2323 1425 vices

295 1453 451 1538 daciam,
476 1466 718 1544 praeposteros
732 1473 860 1537 mores,
884 1452 1042 1545 inquieta
1057 1464 1092 1522 et
1108 1449 1284 1520 infoelicia
1337 1448 1476 1518 aestatis
1492 1461 1598 1540 atque
1615 1442 1753 1542 hyemis
1768 1451 1859 1519 effici
1873 1449 1970 1523 Solis
1984 1475 2124 1525 accessu
2144 1466 2180 1525 et
2193 1454 2324 1527 disces-

298 1555 458 1628 consilia.
510 1550 580 1625 Fac
594 1576 668 1624 non
690 1555 847 1646 potuisse
862 1568 957 1624 certo
974 1552 1192 1645 praedicere,
1216 1548 1284 1621 Ca-
1336 1574 1394 1634 su,
1425 1549 1520 1621 Solis
1541 1550 1663 1618 lumen
1689 1549 1881 1622 calefacere
1902 1566 1938 1625 et
1957 1555 2151 1641 animam,
2168 1556 2323 1627 Lunam

298 1656 439 1729 tilinam
462 1652 634 1726 Cicerone
654 1653 811 1726 Consule
832 1669 1012 1725 moturum
1036 1677 1110 1723 esse
1138 1653 1286 1723 seditio·
1337 1647 1550 1724 humectare.
1596 1648 1695 1721 Haec
1707 1651 1740 1721 si
1754 1653 1938 1727 manifesta
1950 1668 1985 1729 st
2001 1669 2169 1748 perpetua
2185 1670 2272 1729 sunt
2285 1656 2327 1727 in

298 1781 403 1842 nem,
428 1756 557 1826 deinde
572 1757 753 1841 futurum,
773 1757 868 1826 utin
884 1758 958 1826 acie
974 1756 1011 1825 in
1028 1751 1210 1844 Apennini
1229 1777 1287 1822 ra·
1336 1748 1394 1820 bis
1408 1755 1548 1822 duobus
1568 1752 1771 1822 clarissimis
1785 1757 1987 1848 syderibus,
2011 1779 2076 1827 cur
2095 1770 2232 1827 caetera
2256 1781 2326 1848 pu-

299 1859 441 1929 dicibus
464 1858 734 1943 interficeretur3
760 1871 795 1928 at
810 1857 1063 1927 animadversis
1077 1855 1151 1923 illis
1169 1856 1286 1924 infau·
1339 1869 1452 1925 ternus
1474 1855 1602 1924 frustra
1623 1854 1766 1924 condita
1789 1857 1885 1927 esse?
1920 1854 1995 1927 lam
2023 1869 2192 1948 perpetua
2215 1881 2325 1948 expe-

302 1961 365 2049 stis
391 1959 725 2049 significationibus,
764 1982 854 2050 quae
873 1959 1016 2051 quidem
1047 1971 1130 2027 sunt
1162 1950 1305 2041 certae,
1339 1956 1467 2025 rientia
1484 1968 1643 2040 testatur,
1668 1956 1825 2046 insignes
1839 1958 2107 2033 coniunctiones
2118 1953 2250 2030 babere
2265 1958 2325 2027 in-

233 2072 237 2079 '
301 2061 476 2133 coniicere
490 2061 622 2151 potuit,
647 2061 806 2130 futurum
820 2058 931 2128 civem
946 2060 1208 2143 turbulentum,
1232 2080 1286 2127 se-
1339 2059 1453 2147 signes
1472 2056 1633 2140 effectus,
1658 2057 1766 2150 idque
1787 2058 1824 2127 in
1848 2061 2115 2151 tempestatibus
2129 2060 2246 2152 palam
2262 2083 2326 2150 ap-

303 2162 474 2233 ditiosum
494 2174 529 2231 et
544 2161 638 2231 vitae
660 2162 820 2232 futurum
842 2160 975 2230 exitum
998 2160 1182 2249 tragicum.
1234 2157 1287 2228 lta
1338 2173 1447 2251 paret.
1487 2157 1637 2226 Vidistis
1651 2182 1859 2229 coneursum
1875 2160 2106 2233 Planetarum
2121 2161 2161 2230 in
2175 2156 2325 2232 humido

303 2256 457 2353 insignia
482 2263 654 2355 quaedam
682 2262 721 2331 in
752 2263 1035 2353 temperamentis
1061 2284 1101 2331 ac
1128 2260 1289 2330 moribus
1338 2261 1454 2350 signo,
1480 2283 1574 2329 anno
1589 2259 1756 2328 vicesimo
1771 2276 1909 2354 quarto,
1931 2263 2178 2334 intumuerunt
2192 2261 2326 2355 ubique

303 2359 625 2458 παχυμερέστερον
648 2362 799 2433 iudicari
822 2377 986 2454 possum,
1014 2386 1104 2456 quae
1126 2385 1201 2431 non
1221 2361 1289 2430 lal-
1340 2385 1462 2431 omnes
1484 2384 1613 2454 aquae,
1638 2355 1805 2432 humidae
1823 2376 2045 2455 tempestates
2060 2364 2170 2436 totius
2188 2361 2327 2434 biennii

302 2466 397 2536 lunt.
432 2462 516 2535 Non
530 2465 694 2555 igitureo
711 2465 930 2555 aspernanda
946 2458 1095 2534 esthaec
1110 2486 1180 2548 ars,
1206 2463 1288 2555 quia
1340 2464 1495 2535 fuerunt.
1546 2459 1623 2530 Hac
1646 2476 1774 2532 aestate
1794 2465 1934 2554 pluvias
1948 2464 2142 2535 crebriores
2161 2464 2326 2534 omnium

234 2556 237 2561 ¹
302 2590 378 2636 non
401 2566 522 2634 omnia
542 2567 734 2657 praevidet.
785 2563 902 2654 Quam
918 2589 1028 2657 pauca
1044 2579 1135 2635 certa
1151 2577 1234 2634 sunt
1251 2565 1287 2631 in
1340 2565 1509 2656 opinione
1543 2576 1576 2633 et
1607 2563 1805 2634 insalubres
1835 2571 2077 2658 tempestatum
2110 2564 2328 2634 variationes

303 2666 600 2757 caeterisoptimis
614 2667 762 2752 artibus,
775 2681 810 2737 et
824 2679 865 2737 ut
880 2667 949 2736 iam
965 2691 1039 2736 non
1053 2669 1096 2736 de
1106 2664 1288 2735 Medicina
1340 2666 1554 2748 attuleruut,
1578 2661 1739 2756 luppiter
1758 2667 1797 2735 in
1812 2663 1988 2753 Piscibus,
2013 2664 2114 2737 Mars
2135 2666 2175 2734 in
2191 2664 2327 2739 Tauro.

302 2781 368 2838 aut
387 2769 432 2837 de
449 2765 597 2837 Politica
621 2769 795 2838 dicamus:
821 2791 907 2837 num
929 2766 1106 2839 ideo'tota
1128 2767 1288 2836 doctrina
1340 2767 1481 2837 Possem
1504 2766 1573 2834 alia
1598 2767 1709 2836 multa
1733 2768 1889 2859 exempla
1911 2769 2078 2852 recitare,
2101 2767 2133 2836 ai
2155 2765 2328 2855 temporis

303 2871 349 2941 de
369 2868 540 2940 Meteoris
560 2872 793 2962 vituperanda
818 2884 886 2953 est,
918 2870 1000 2962 quia
1029 2892 1157 2961 paucas
1187 2862 1290 2938 habet
1341 2869 1499 2958 angustia
1518 2891 1593 2936 non
1616 2863 1830 2958 prohiberet.
1879 2867 1953 2941 Nec
1974 2894 2058 2945 vero
2087 2868 2238 2938 dubium
2261 2880 2328 2951 est,

302 2971 631 3054 demonstrationes,
649 2984 769 3062 postea
786 2972 939 3063 plurima
956 2971 1098 3041 coniicit
1111 2970 1289 3040 coniectu·
1340 2983 1382 3041 ut
1399 2969 1492 3041 Solis
1505 2981 1543 3038 et
1556 2966 1698 3053 Lunae,
1722 2970 1770 3041 ita
1786 2982 2003 3041 caeterorum
2019 2968 2245 3040 Planetamm
2268 2967 2328 3039 lu-

304 3073 377 3141 ris?
404 3071 447 3141 ln
463 3073 537 3163 ipsa
550 3072 763 3163 agricultura
778 3097 885 3166 quam
900 3096 1004 3164 saepe
1015 3071 1185 3156 fallimur,
1202 3096 1288 3143 num
1341 3096 1422 3140 men
1437 3071 1574 3140 variare
1587 3085 1824 3162 tempestates,
1845 3084 1881 3143 et
1901 3087 2018 3145 aerem
2039 3083 2073 3140 et
2095 3093 2241 3162 corpora
2258 3093 2329 3139 no·

304 3173 386 3240 ideo
407 3195 481 3240 non
502 3187 585 3241 sunt
603 3175 744 3244 colendi
764 3175 865 3264 agri?
895 3173 993 3262 Quin
1015 3174 1134 3265 potius
1146 3187 1290 3242 utamur
1341 3188 1411 3243 stra
1429 3173 1577 3241 afficere.
1626 3170 1699 3241 Res
1715 3172 1789 3262 ipsa
1806 3173 1967 3265 loquitur
1982 3167 2174 3255 inberbis,
2198 3173 2238 3240 in
2252 3194 2329 3240 me-

302 3271 435 3341 ·artium
456 3272 653 3350 beneficiis,
675 3289 711 3342 et
732 3276 994 3343 consideremus
1015 3298 1199 3367 quousque
1221 3268 1289 3343 hu·
1341 3274 1447 3354 tallia,
1468 3275 1622 3366 denique
1636 3272 1675 3340 in
1690 3274 2001 3364 contemptissimis
2014 3273 2124 3343 rebus
2139 3272 2327 3341 maximam

303 3396 410 3443 mana
425 3394 527 3441 mens
540 3374 706 3462 progredi
725 3377 844 3463 possit.
895 3372 958 3442 Me
971 3377 1114 3466 quidem
1136 3400 1210 3444 non
1231 3399 1285 3443 so·
1342 3377 1413 3444 vim
1430 3398 1521 3452 esse,
1547 3388 1582 3444 et
1597 3375 1673 3444 iure
1687 3374 1852 3444 laudatur
1865 3375 1955 3443 illud
1973 3375 2104 3445 veteris
2118 3370 2265 3447 Poetae:

304 3477 380 3546 lum
396 3475 532 3545 utilitas
554 3474 591 3541 in
609 3468 664 3542 bis
688 3475 825 3544 artibus
840 3475 1006 3559 delectat,
1033 3499 1139 3567 quam
1158 3477 1198 3543 in
1215 3499 1289 3542 me·
1406 3468 1472 3534 ὅττι
1492 3471 1543 3534 καὶ
1561 3470 1594 3535 ἐν
1614 3467 1742 3556 μαλάχῃ
1761 3471 1813 3535 sol
1835 3468 2002 3559 ἀσφοδέλῳ
2022 3471 2103 3556 μέγα
2120 3467 2235 3558 trouu

305 3578 423 3647 dendo
447 3589 484 3646 et
502 3575 541 3645 in
564 3576 643 3645 aliis
668 3577 775 3646 rebus
798 3575 1061 3660 animadverto,
1093 3578 1152 3645 sed
1177 3576 1288 3646 multo
1341 3575 1449 3665 Quod
1473 3601 1553 3645 cum
1577 3578 1625 3647 ita
1647 3578 1714 3662 sit,
1747 3601 1811 3648 cur
1838 3593 2004 3669 putemus
2025 3578 2153 3649 uum
2180 3575 2328 3647 condita

303 3678 415 3767 magis
427 3673 513 3761 hoc,
540 3679 636 3770 quod
656 3700 737 3747 cum
754 3672 850 3747 hunc
872 3678 1059 3747 mirificum
1079 3701 1289 3747 consensum
1340 3702 1414 3749 esse
1439 3679 1499 3747 illa
1524 3675 1761 3769 pulcherrima
1785 3680 1939 3765 lumina,
1964 3703 2042 3751 cum
2058 3678 2203 3771 quidem
2223 3677 2329 3747 nulla

300 3803 492 3872 corporum
520 3779 724 3849 coelestium
753 3792 789 3851 et
820 3778 1030 3848 inferiorum
1058 3780 1289 3871 contemplor,
1340 3782 1385 3850 sit
1398 3794 1524 3849 natura
1541 3781 1773 3870 praestantior
1785 3793 1846 3851 aut
1859 3782 2032 3851 efficacior
2042 3778 2204 3865 lumino?
2224 3777 2330 3868 Quin

300 3882 377 3974 ipse
392 3905 449 3951 me
464 3882 551 3952 ordo
568 3892 602 3952 ct
616 3875 802 3952 harmonia
818 3883 1003 3964 admonet,
1024 3884 1199 3952 mundum
1214 3905 1287 3951 non
1341 3883 1414 3974 ipse
1431 3880 1523 3970 leges
1544 3897 1706 3952 motuum
1720 3907 1840 3952 nonne
1857 3883 2056 3971 significant
2068 3880 2256 3972 temperari
2271 3878 2329 3953 lu-

300 4007 383 4054 casu
404 3984 510 4068 terri,
543 3985 604 4053 scd
628 3985 701 4072 regi
723 3983 906 4054 divinitus.
957 3981 1053 4053 Haec
1075 3986 1289 4076 respondere
1341 4006 1422 4052 men
1436 3981 1578 4053 Soliset
1593 3982 1727 4069 Lunae,
1753 3999 1968 4054 caeterorum
1983 3983 2209 4054 Planetarum
2224 4003 2328 4073 aspe-

300 4085 398 4155 volui
414 4085 458 4154 ad
475 4085 618 4172 vulgare
631 4085 839 4165 convitium,
865 4085 1069 4177 priusquam
1087 4088 1132 4155 de
1145 4099 1219 4156 arte
1233 4088 1288 4155 di·
1340 4084 1424 4157 ctu?
1457 4082 1658 4155 Mercurius
1674 4083 1846 4157 etVenus
1862 4108 2045 4179 nunquam
2061 4083 2187 4174 procul
2208 4080 2328 4155 asota

301 4208 428 4256 cerem.
475 4180 543 4252 Est
558 4197 675 4252 autem
692 4184 798 4254 initio
814 4186 924 4254 veluti
941 4187 1101 4256 delinitio
1117 4190 1288 4279 quaedam
1341 4188 1537 4259 discedunt.
1588 4185 1795 4277 Superiores
1812 4184 1977 4257 Planetae
1991 4186 2039 4255 ita
2055 4185 2260 4269 discedunt,
2286 4196 2328 4254 nt

302 4285 547 4354 constituenda
571 4281 813 4374 Astrologiae,
838 4297 878 4353 ut
902 4308 978 4353 earn
1000 4310 1018 4352 a
1039 4288 1289 4379 superstitiosis
1339 4303 1457 4358 tamen
1478 4288 1518 4355 in
1539 4287 1703 4380 epicyclis
1724 4289 1769 4356 ad
1787 4289 1944 4358 medium
1966 4309 2125 4378 apogeon
2147 4308 2229 4355 curn
2242 4282 2327 4356 Sole

300 4383 596 4467 divinationibus,
622 4407 708 4476 quas
726 4383 949 4455 Ptolemaeus
966 4381 1289 4485 druscsolmejrovc
1338 4413 1476 4482 semper
1489 4402 1694 4477 congruant.
1726 4386 1909 4459 Postremo
1925 4403 1958 4460 et
1971 4388 2207 4481 Hippocrates
2220 4398 2328 4457 testa-

301 4499 421 4569 rocat,
455 4507 666 4576 separemus.
725 4483 925 4574 Astrologia
948 4508 1029 4576 pars
1047 4501 1099 4557 est
1112 4486 1288 4582 Physices,
1339 4505 1399 4562 tur
1413 4502 1635 4580 tempestates
1649 4489 1793 4559 excitari
1809 4504 1845 4561 et
1856 4490 1987 4561 variari
2002 4491 2039 4559 vi
2053 4491 2233 4583 syderum.
2275 4482 2328 4559 Et

300 4611 390 4682 quae
402 4588 523 4672 docet,
547 4611 635 4685 quos
659 4587 993 4660 effectusastrorum
1014 4589 1135 4658 lumen
1154 4590 1194 4658 in
1216 4591 1287 4660 ele·
1338 4592 1662 4661 dissimilitudinem
1683 4614 1758 4661 non
1779 4592 1894 4662 solum
1912 4593 2118 4681 regionum,
2142 4590 2203 4661 sed
2219 4586 2328 4659 ctiam

298 4691 476 4762 mentiret
491 4690 609 4762 mixtis
625 4689 834 4779 corporibus
849 4684 993 4772 habeat,
1018 4691 1137 4786 qualia
1154 4705 1289 4783 tempe-
1338 4692 1561 4781 ingeniorum
1577 4715 1772 4765 acinorum
1786 4695 1825 4764 in
1840 4693 1990 4765 diversis
2004 4691 2210 4783 regionibus
2224 4691 2332 4760 docet

297 4806 475 4879 ramenta,
517 4817 604 4886 quas
637 4792 879 4878 alterationes,
922 4815 1009 4886 quas
1036 4793 1287 4865 inclinationes
1338 4792 1422 4865 oriri
1448 4816 1468 4863 a
1495 4793 1705 4866 coelestibus
1725 4796 1848 4867 causis.
1899 4792 1997 4865 llaec
2021 4816 2102 4869 cum
2126 4792 2201 4863 sint
2222 4802 2331 4875 certa,

296 4894 423 4984 pariat.
466 4891 512 4964 Et
529 4895 612 4988 quia
626 4893 923 4966 inclinationibus
937 4916 1038 4987 saepe
1051 4919 1186 4981 mores,
1212 4910 1287 4968 stu·
1338 4909 1474 4968 constat
1489 4897 1574 4966 artis
1591 4897 1734 4968 initium
1752 4905 1875 4966 v'erum
1898 4920 1938 4967 ac
1955 4910 2090 4967 certum
2107 4916 2201 4979 esse,
2224 4891 2332 4965 vide-

294 4994 374 5082 dia,
399 4996 564 5082 consilia,
589 5020 689 5067 casus
704 4999 937 5087 respondent,
963 5010 1003 5068 ut
1018 4997 1079 5067 ille
1091 4999 1226 5092 inquit:
1337 5000 1436 5083 licet,
1461 5000 1557 5094 quod
1571 4998 1694 5071 lumen
1712 5000 1859 5070 coeleste
1874 5021 2035 5088 magnam
2050 4997 2124 5066 vim
2142 4990 2275 5065 habeat
2287 4992 2331 5063 in

423 5095 560 5168 Naturae
575 5110 711 5190 sequitur
727 5108 839 5166 semina
855 5109 983 5190 quisque
997 5127 1078 5170 snae.
1338 5101 1519 5170 elementia
1559 5115 1593 5172 et
1627 5102 1746 5171 mixtis
1783 5100 2021 5192 temperandis
2057 5109 2092 5170 el
2123 5093 2332 5166 alterandi&

295 5192 380 5267 ideo
403 5190 536 5267 borum
559 5223 701 5293 quoque
722 5201 994 5288 significationes
1022 5202 1157 5296 aliquas
1180 5223 1286 5271 mon·
1335 5198 1475 5272 Deinde
1489 5215 1525 5273 et
1541 5198 1609 5274 boc
1623 5203 1806 5273 manifesta
1828 5201 2056 5295 temperantia
2076 5212 2244 5283 testastur,
2268 5196 2333 5269 ln-

293 5312 390 5375 strat.
442 5297 552 5390 Quod
583 5300 612 5370 si
643 5303 818 5374 constabit
840 5304 964 5397 sydera
993 5298 1124 5374 habere
1149 5305 1286 5396 sliquos
1336 5325 1420 5372 men
1442 5301 1672 5375 Planetarum
1696 5304 1869 5376 dissimile
1891 5329 1982 5379 esse:
2017 5301 2167 5375 &turni
2187 5298 2333 5372 melan-
