4732 6030
146 286 151 297 ,
221 270 297 348 570
735 238 738 243 ’
778 256 939 336 nucu
969 256 1046 335 nn
1077 254 1358 333 ancorato
1393 252 1662 333 sunvsau.
2188 270 2265 345 seo

221 428 305 517 illos
326 437 553 517 floruissent,
580 431 729 503 minime
750 432 873 503 idonei
897 435 943 504 ad
961 432 1217 528 imperandum
1267 430 1337 502 sibi
1359 431 1397 499 in
1414 429 1508 500 'alios
1531 427 1713 502 vindicare
1733 444 1896 523 possent,
1919 455 2004 505 narn
2026 430 2096 510 hoc
2115 439 2173 512 ius
2196 443 2268 515 im.

221 545 293 617 visi
305 543 469 616 fuissent.
500 535 644 609 Etenim
660 548 701 606 ut
717 559 791 606 non
807 536 846 604 in
863 537 990 630 quovis
1004 537 1081 607 solo
1098 538 1218 627 fruges
1267 532 1358 626 perii
1375 534 1415 601 in
1432 531 1537 604 terris
1558 554 1697 625 semper
1717 533 1804 619 suit,
1829 558 1955 625 cogere
1975 540 2020 608 ad
2043 548 2266 634 parcendum

221 659 439 727 nascuntur,
468 641 518 709 ita
539 662 615 708 non
637 638 772 732 ubique
794 640 882 709 boni
899 639 969 708 viri
992 639 1218 732 proveniunt.
1267 637 1350 706 illos
1377 658 1468 728 quos
1496 635 1568 705 tois
1597 634 1782 706 laboribus
1805 649 1902 727 tegas
1927 654 1961 711 et
1983 664 2118 732 serves,
2154 648 2268 720 Saevi

223 751 296 825 Sed
318 746 371 817 ibi
393 754 531 815 tanturn
550 740 615 811 ubi
637 740 742 810 bonis
771 741 909 832 legibus
930 765 970 811 ac
992 742 1154 813 moribus
1173 741 1217 810 ad
1267 739 1468 810 libertatem
1482 737 1651 808 omnibus
1672 738 1901 832 relinquunt,
1928 743 2143 836 quibusdam
2157 753 2265 823 etiam

224 853 393 924 virtutem
416 867 456 914 ac
471 844 579 914 decus
601 843 794 929 invitatur,
820 856 855 914 et
871 845 1020 916 adsuefit
1041 844 1218 916 iuventus.
1268 841 1363 911 hello
1382 838 1485 911 victis
1507 839 1671 910 amissam
1692 840 1942 915 restituerunt:
1976 860 2012 919 et
2030 873 2112 920 cnm
2134 854 2267 927 faciant

116 1004 118 1009 ,
224 950 317 1042 Quis
334 960 433 1040 putet
448 949 545 1014 enim
560 945 680 1016 Mileti
695 959 756 1016 aut
770 945 890 1017 Sibari
905 946 945 1016 in
960 968 1100 1017 summo
1120 948 1219 1027 luxu,
1268 942 1428 1013 infinitos
1456 954 1635 1033 sumptus,
1666 942 1879 1037 laboresque
1905 950 2080 1021 maximos
2105 956 2269 1043 subeant,

224 1056 321 1125 inter
334 1048 538 1141 turpissima
555 1048 724 1139 exempla,
740 1048 780 1116 in
797 1047 951 1118 maxima
967 1048 1124 1131 licentia,
1144 1049 1219 1119 for·
1269 1045 1370 1116 nulla
1395 1058 1513 1114 tamen
1535 1046 1721 1114 commoda
1737 1045 1895 1116 vicissim
1919 1051 1966 1121 ab
1988 1048 2066 1140 his,
2091 1080 2183 1150 quos
2205 1063 2268 1130 de-

225 1171 296 1229 tem
310 1155 447 1237 virum,
472 1163 534 1222 aut
548 1163 825 1242 temperantem,
846 1164 907 1221 aut
924 1150 1056 1222 iustum
1072 1152 1219 1223 evadere
1269 1148 1441 1231 tendunt,
1466 1145 1645 1238 recipiunt
1658 1147 1733 1218 suis
1748 1148 1903 1222 fortunis
1921 1155 2086 1245 publicos
2104 1175 2265 1253 sumptus

225 1254 409 1354 potuisse?
441 1250 542 1342 Quae
565 1265 637 1323 tam
654 1254 828 1323 excellens
845 1266 991 1339 natura,
1016 1278 1105 1347 quae
1120 1264 1219 1325 tanta
1269 1250 1439 1329 tolerant,
1465 1271 1511 1317 ne
1529 1248 1642 1319 cuivis
1658 1249 1857 1323 libertatem
1878 1254 2064 1347 minuant,
2090 1284 2154 1333 suo
2169 1265 2263 1355 peri-

225 1359 364 1450 ingenii
380 1355 488 1425 visin
502 1354 579 1424 ullo
594 1377 667 1424 esse
682 1356 812 1447 potuit,
834 1352 1221 1448 quaeintert'otvitio-
1270 1353 1351 1424 culo
1373 1350 1536 1421 omnium
1558 1351 1709 1422 salutem
1734 1373 1971 1446 propugnant
2033 1359 2134 1450 Quid
2151 1359 2269 1435 hone-s

224 1486 307 1535 rum
320 1460 504 1530 illecebras
520 1481 594 1527 non
611 1459 922 1550 corrumperetur?
939 1457 1070 1548 'Quare
1081 1481 1221 1529 necesse
1270 1455 1376 1540 stius,
1400 1453 1488 1549 quid
1503 1454 1720 1526 moderatius
1742 1457 1888 1546 cogitari
1905 1473 2038 1551 potest,
2065 1489 2171 1559 quam
2188 1470 2268 1537 sine

221 1580 281 1636 est
316 1561 544 1652 disciplinam
579 1559 687 1630 fuisse
719 1559 760 1631 in
785 1558 986 1631 Suevorum
1020 1561 1223 1633 civitatibus
1271 1556 1463 1649 cupiditate
1483 1579 1580 1626 arma
1601 1568 1742 1641 tenere,
1768 1572 1802 1629 et
1817 1559 1907 1630 alios
1925 1562 1974 1634 ita
1988 1566 2196 1655 defendere,
2226 1583 2268 1640 ut

228 1665 471 1762 probabilem,
502 1685 572 1754 qua
601 1674 770 1755 tanquam
796 1662 834 1730 in
858 1663 944 1733 ludo
969 1661 1153 1758 Principes
1177 1664 1220 1733 ad
1272 1662 1316 1730 de
1336 1660 1501 1729 libertate
1528 1681 1650 1728 eorum
1682 1655 1777 1729 nihil
1801 1659 1990 1735 detrahas?
2026 1665 2267 1742 Athenienses

228 1766 450 1843 honestatem
473 1764 629 1834 instituti
654 1777 756 1850 sunt,
781 1789 922 1858 quaque
942 1767 1087 1836 adducti
1112 1765 1222 1836 exteri
1272 1761 1469 1853 accepimus
1492 1761 1703 1854 aliquandiu
1727 1763 1772 1831 ad
1801 1758 1899 1836 hunc
1924 1768 2069 1839 modum
2092 1769 2263 1842 Graeciae

229 1862 541 1941 iudicarunthanc
557 1865 739 1937 nationem
758 1867 888 1937 virtute
905 1890 945 1938 ac
962 1867 1139 1939 industria
1153 1868 1223 1936 im·
1273 1863 1508 1957 principatum
1536 1863 1708 1950 tenuisse,
1745 1876 1888 1938 utrum
1912 1871 2154 1962 permitterent
2183 1875 2263 1945 aliis

228 1972 320 2066 perii
345 1970 475 2039 molem
497 1968 671 2039 sustinere
696 1991 807 2060 posse.
860 1967 986 2063 Neque
1001 1971 1096 2040 enim
1117 1970 1223 2060 igno·
1273 1966 1475 2037 civitatibus
1495 1964 1712 2052 libertatem,
1744 1967 1812 2059 ipsi
1835 1983 1954 2041 tamen
1977 1972 2015 2042 in
2033 1978 2190 2048 excubiis
2208 2000 2265 2045 es-

229 2075 335 2158 ratis,
359 2072 447 2166 quid
463 2070 670 2162 imponatur
685 2071 804 2141 oneris
826 2097 907 2142 eum
924 2074 992 2144 isto
1015 2073 1137 2157 titulo,
1163 2085 1225 2143 aut
1273 2081 1372 2159 sent,
1397 2090 1533 2161 suoque
1547 2067 1753 2140 discrimine
1769 2095 1894 2142 omnes
1909 2086 2107 2148 tuerentur.
2155 2075 2209 2149 Ea
2227 2078 2266 2147 in

230 2190 405 2272 quantum
420 2174 521 2258 fidei,
547 2187 720 2267 quantum
736 2175 896 2256 consilii,
923 2188 1097 2269 quantum
1112 2174 1224 2245 animi
1273 2195 1312 2242 re
1342 2171 1382 2240 in
1414 2170 1539 2261 primis
1561 2193 1729 2261 magnum
1757 2168 2007 2264 humanitatis,
2047 2180 2208 2253 institiae
2233 2193 2267 2251 et

230 2281 355 2358 robur,
382 2289 551 2370 quantam
568 2277 862 2360 moderationem,
887 2290 1056 2371 quantam
1071 2278 1225 2368 diligen·
1273 2272 1526 2365 temperantiae
1546 2273 1746 2363 exemplum
1770 2298 1855 2347 suae
1878 2281 2057 2370 specimen
2080 2284 2268 2375 sapientis-

230 2383 319 2453 tiam
334 2379 374 2448 in
389 2378 488 2448 omni
508 2401 636 2467 genere
655 2379 815 2468 flagitent
834 2373 997 2450 homines
1020 2381 1065 2450 ab
1082 2404 1142 2465 eo,
1167 2378 1225 2450 cui
1274 2377 1363 2445 sima
1387 2373 1510 2444 civitas
1539 2377 1722 2467 praebuit,
1755 2380 1852 2471 quod
1876 2380 1952 2450 sine
1975 2383 2183 2478 cuiusquam
2209 2386 2267 2453 in-

230 2485 431 2554 lihertatem
447 2503 558 2563 suam,
583 2481 755 2565 fortunas,
780 2480 930 2550 salutem
944 2506 985 2551 ac
1001 2483 1110 2553 vitam
1128 2506 1227 2551 corn·
1275 2478 1462 2549 commodo
1487 2477 1633 2569 publico
1654 2500 1775 2569 pacem
1798 2484 1975 2554 custodiit.
2029 2482 2122 2556 Cum
2146 2498 2265 2556 autem

229 2583 390 2655 mittunt.
430 2579 502 2653 Sed
520 2605 601 2652 cum
617 2604 673 2652 res
687 2582 776 2653 soris
788 2595 915 2672 gestae,
939 2597 974 2654 et
988 2586 1079 2675 leges
1095 2584 1226 2677 quibus
1275 2603 1432 2652 summos
1446 2574 1604 2649 honores
1621 2575 1792 2669 Athenis,
1817 2585 1954 2654 obeam
1972 2608 2111 2657 causam
2127 2589 2265 2681 reliqua

231 2684 332 2758 domi
354 2707 423 2777 par
446 2683 603 2754 stabilita
630 2698 701 2770 est,
727 2707 818 2779 quae
841 2686 985 2778 quidem
1001 2682 1170 2758 hactenus
1186 2687 1225 2755 in
1276 2681 1426 2753 Graecia
1441 2683 1653 2768 decreverit,
1677 2706 1780 2776 saepe
1800 2687 1896 2756 enim
1919 2685 2100 2759 missaeex
2118 2692 2266 2760 servatis

230 2787 385 2882 publicis
408 2785 527 2876 legum
550 2787 733 2858 codicibus
752 2801 891 2874 extant,
917 2789 1113 2861 multorum
1134 2789 1226 2858 alio-
1275 2784 1478 2855 civitatibus
1502 2808 1672 2871 coronae,
1706 2785 1840 2877 positae
1861 2800 2015 2876 statuae,
2047 2793 2128 2863 data
2150 2788 2267 2862 Athe·

230 2915 312 2964 rum
328 2888 440 2960 literis
453 2889 721 2982 praedicentur,
743 2890 845 2961 nolui
863 2885 930 2963 hoc
945 2891 1078 2987 inloco
1092 2892 1226 2961 diutius
1278 2886 1462 2957 niensibus
1478 2886 1621 2968 civitas,
1647 2910 1729 2979 pars
1745 2888 1839 2979 agri,
1863 2890 2008 2963 societas
2029 2915 2210 2964 sacrorum
2232 2910 2268 2965 et

233 2992 459 3067 commorari.
510 2989 669 3084 Propero
701 2992 798 3061 enim
832 2994 875 3063 ad
906 3007 1027 3065 nostra
1054 3008 1248 3086 tempora,
1276 2989 1551 3087 connubiorum,
1565 3003 1599 3061 et
1614 2985 1682 3061 hoc
1696 3012 1807 3078 genus
1823 3007 2030 3064 ornamenta
2046 2996 2128 3066 alia:
2157 2997 2267 3066 debe-

232 3118 325 3191 quae
355 3094 386 3163 si
409 3093 598 3183 diligenter
626 3094 914 3177 considerabitis,
948 3097 1116 3168 videbitis
1143 3120 1227 3189 pro-
1276 3105 1502 3177 musetnos,
1525 3092 1556 3161 si
1575 3116 1649 3162 non
1668 3093 1798 3182 ingrati
1815 3095 2079 3179 essevolumus,
2100 3093 2266 3189 pulcher-

230 3201 324 3270 lecto
349 3195 433 3265 illos
458 3218 534 3263 non
559 3198 673 3266 solum
701 3199 917 3289 respondere
946 3198 1016 3268 iam
1049 3200 1227 3270 maiorum
1276 3196 1408 3266 timum
1433 3195 1644 3265 beneficium
1667 3192 1837 3266 Suevicae
1855 3198 2014 3269 nationis
2043 3199 2269 3293 amplissimis

232 3299 386 3394 gloriae,
417 3299 477 3365 sed
502 3296 607 3365 etiam
632 3299 855 3387 superiorum
880 3302 1006 3370 decora
1025 3300 1130 3391 longe
1145 3303 1227 3371 viu·
1277 3297 1443 3370 laudibus
1468 3290 1607 3371 vehere.
1658 3296 1740 3367 Non
1762 3299 1846 3369 satis
1866 3298 2119 3390 intelligimus,
2156 3327 2272 3396 quau·

233 3425 326 3492 cere,
374 3396 478 3469 Esset
496 3413 614 3469 autem
635 3398 817 3469 inlinitum
839 3414 948 3471 totam
964 3400 1143 3493 Rempub.
1165 3404 1228 3471 de·
1278 3413 1352 3470 tum
1373 3398 1412 3467 in
1437 3421 1521 3489 pace
1537 3398 1623 3468 insit
1637 3398 1743 3486 boni,
1765 3401 1796 3470 si
1816 3401 1979 3493 publicae
2000 3404 2273 3500 tranquillitatis

234 3505 401 3597 pingere,
426 3513 460 3569 et
483 3501 604 3569 omnia
620 3501 802 3586 instituta,
827 3502 990 3596 legesque
1008 3504 1174 3594 pietatem
1189 3503 1227 3571 in
1278 3500 1484 3572 custodibus
1518 3502 1655 3571 nullam
1692 3502 1838 3593 gratiam
1871 3497 2054 3578 habemus.
2120 3505 2271 3596 Quoties

236 3603 399 3679 colendis
416 3602 670 3691 religionibus,
694 3605 916 3675 severitatem
943 3605 982 3675 in
997 3601 1227 3691 cohercendis
1278 3603 1374 3673 enim
1404 3626 1530 3694 parvos
1557 3604 1690 3675 liberos
1716 3606 1884 3698 adspicis,
1917 3607 2056 3700 quoties
2081 3609 2271 3699 coniugem

235 3706 393 3791 delictis,
426 3705 636 3776 bellicarum
660 3731 779 3775 rerum
809 3707 991 3799 peritiam,
1025 3710 1227 3779 animorum
1278 3706 1444 3790 intueris,
1471 3707 1574 3776 toties
1588 3707 1791 3779 meminisse
1805 3720 1839 3779 te
1854 3710 2023 3800 oportuit,
2045 3711 2193 3782 illorum
2211 3712 2272 3781 in-

233 3808 535 3898 magnitudinem,
563 3808 695 3878 civium
711 3809 805 3880 inter
819 3811 914 3901 ipsos
929 3811 1228 3903 aequabilitatem,
1279 3808 1519 3879 columitatem
1548 3809 1668 3903 aliqua
1696 3833 1737 3881 ex
1767 3825 1866 3902 parte
1887 3823 1923 3883 te
1947 3807 2005 3882 his
2026 3814 2172 3893 debere,
2205 3813 2272 3907 qui

234 3934 420 4005 exponere.
474 3909 575 4000 Quae
593 3935 674 3981 cum
698 3912 862 4002 angustia
880 3913 1048 4005 temporis
1071 3927 1228 4006 praeter·
1280 3910 1397 3981 ocium
1413 3910 1517 3979 nobis
1532 3912 1677 3999 faciunt,
1703 3937 1783 3983 cum
1799 3913 1950 3983 aliarum
1966 3910 2191 3985 honestarum
2208 3937 2269 3983 re-

184 4086 187 4091 .
234 4016 376 4086 mittere
392 4026 503 4104 cogat,
523 4038 704 4104 excerpam
719 4039 760 4084 ex
775 4015 922 4109 reliquis
936 4015 1105 4088 laudibus
1118 4040 1228 4088 unam
1279 4036 1360 4083 rum
1382 4013 1635 4103 gerendarum,
1667 4029 1743 4086 tum
1768 4016 1916 4085 alendae
1930 4032 1964 4087 et
1985 4016 2186 4087 educandae
2208 4038 2270 4086 so-

234 4119 416 4213 quandam
439 4128 595 4206 partem,
622 4116 660 4183 in
680 4141 748 4208 qua
764 4116 886 4185 videre
909 4130 981 4204 est,
1008 4138 1113 4212 quam
1137 4121 1229 4189 bene
1280 4115 1383 4189 bolis.
1447 4113 1606 4209 Populus
1626 4115 1813 4191 Romanus
1838 4141 1913 4187 non
1931 4117 2159 4211 saepe'victis
2182 4140 2273 4208 gen·

235 4224 279 4289 de
301 4231 374 4289 tota
399 4215 594 4285 Germania
620 4218 749 4285 mereri
773 4219 951 4289 studeant.
1010 4218 1102 4290 Cum
1125 4221 1229 4290 annis
1280 4219 1376 4289 tibus
1388 4218 1587 4290 libertatem
1602 4243 1664 4289 seu
1682 4215 1916 4311 αὐτονομίαν
1931 4222 2114 4294 concessit.
2155 4207 2274 4290 Gr‘ae-

235 4323 307 4389 iam
321 4319 457 4409 aliquot
473 4317 613 4385 nullum
623 4319 708 4386 satis
719 4341 888 4407 magnum
900 4334 961 4391 aut
974 4321 1116 4390 firmum
1127 4347 1229 4413 prae·
1280 4320 1329 4389 cis
1352 4319 1390 4390 id
1412 4315 1559 4391 honoris
1579 4316 1725 4406 habuit,
1752 4335 1831 4412 post
1853 4323 1988 4392 bellum
2005 4348 2085 4393 cum
2100 4316 2272 4416 Philippo

236 4421 367 4491 sidium
390 4419 429 4486 in
453 4415 648 4487 Germania
678 4433 784 4502 esset,
814 4421 982 4490 adversus
1011 4424 1147 4492 subitos
1170 4436 1229 4494 tu·
1281 4421 1478 4493 Macedone
1509 4435 1646 4513 gestum
1677 4423 1937 4495 immunitatem
1966 4432 2135 4512 donaret,
2168 4438 2204 4495 et
2232 4437 2275 4496 ut

235 4523 382 4602 multus,
408 4533 443 4591 et
457 4518 665 4614 quotidiana
682 4519 888 4603 latrocinia,
920 4520 1080 4594 civitates
1092 4523 1227 4597 Suevo·
1280 4525 1440 4614 singulae
1461 4526 1619 4596 civitates
1642 4525 1715 4596 suis
1732 4526 1868 4615 legibus
1885 4528 2063 4614 viverent,
2089 4528 2274 4619 permitte-

235 4652 317 4697 rum
331 4626 456 4694 foedus
470 4625 565 4694 inter
578 4647 614 4692 se
627 4623 694 4693 rite
711 4637 745 4694 et
757 4621 907 4695 Caesare
920 4642 1043 4699 autore
1058 4629 1229 4698 fecerunt.
1280 4639 1344 4698 ret.
1381 4624 1494 4697 Eade
1510 4651 1566 4712 re,
1591 4651 1671 4696 cum
1688 4630 1900 4699 decretuma
1918 4629 2053 4700 Senatu
2067 4629 2275 4723 populoque

236 4727 279 4801 ld
295 4729 421 4798 foedus
437 4728 500 4798 diu
515 4727 585 4797 iam
602 4739 770 4820 tanquam
787 4727 825 4796 in
842 4730 993 4800 statione
1010 4743 1080 4818 est,
1105 4731 1230 4800 defen·
1280 4727 1447 4799 Romano
1466 4731 1619 4813 sactum,
1655 4728 1699 4801 T.
1721 4730 1895 4821 Quintius
1919 4729 2117 4823 Imperator
2140 4732 2179 4801 in
2203 4731 2277 4803 Ne-

235 4832 373 4903 dendae
408 4830 570 4922 publicae
604 4830 874 4923 tranquillitatis
907 4833 1030 4921 gratia.
1091 4831 1229 4905 Multos
1281 4830 1389 4916 meis,
1412 4855 1484 4924 quo
1508 4855 1549 4901 er
1572 4856 1671 4903 more
1695 4836 1739 4904 ad
1763 4834 2002 4925 spectaculum
2028 4848 2100 4906 tota
2122 4833 2277 4906 Graecia

235 4935 417 5025 improbos
441 4947 537 5003 metu
562 4934 740 5018 continet,
764 4935 936 5026 quosdam
960 4935 1067 5004 etiam
1094 4936 1230 5007 tumul·
1281 4947 1515 5020 convenerat,
1542 4959 1626 5006 voce
1644 4936 1828 5029 praeconis
1844 4935 1986 5006 recitari
2009 4938 2184 5023 iussisset,
2210 4962 2278 5008 arr·

233 5052 291 5110 tus
315 5036 424 5105 armis
438 5050 472 5107 et
484 5036 579 5105 bello
594 5036 811 5127 compressit.
858 5032 1003 5124 Quanta
1018 5052 1135 5108 autem
1153 5041 1230 5109 laus
1281 5036 1484 5130 dissentqne
1501 5039 1738 5127 gratissimum
1761 5038 1989 5130 praeconium
2007 5040 2186 5124 universi,
2210 5039 2276 5111 Dii

237 5154 310 5223 est,
333 5162 442 5208 unam
465 5133 557 5206 hanc
575 5139 757 5208 nationem
779 5139 942 5230 publicae
966 5140 1062 5230 pacis
1083 5141 1227 5211 tutelam
1280 5139 1514 5222 immortales,
1548 5142 1690 5234 quantis
1712 5135 1912 5210 honoribus
1936 5141 2093 5213 adlectus
2116 5139 2278 5232 Impera-

235 5242 431 5334 suscipere‚
456 5253 491 5309 et
514 5240 637 5309 salutis
660 5241 821 5309 omnium
839 5264 942 5311 causa
960 5267 1040 5313 suas
1057 5244 1229 5323 fortunas,
1280 5253 1354 5327 tor,
1385 5267 1491 5335 qnam
1521 5245 1630 5334 gratis
1660 5244 1884 5314 sermonibus
1903 5239 2112 5314 Romanum
2142 5258 2279 5313 nomen

234 5370 337 5418 snam
354 5344 462 5414 vitam
480 5342 716 5411 indiscrimen
734 5344 933 5414 adducere?
955 5344 1025 5416 Sed
1043 5340 1109 5417 hoc
1126 5347 1230 5438 plane
1280 5341 1494 5416 celebratum
1516 5361 1586 5428 est,
1619 5370 1692 5417 esse
1715 5370 1825 5416 unam
1845 5369 1921 5415 eam
1943 5346 2104 5418 interris
2124 5359 2280 5436 gentem,

234 5450 401 5520 divinum
423 5458 493 5532 cst,
527 5446 623 5539 quod
651 5469 730 5514 cum
754 5446 900 5537 publico
930 5447 1009 5519 iure
1040 5447 1230 5540 imperium
1280 5471 1371 5539 quae
1396 5473 1459 5519 sua
1489 5451 1668 5543 impensa,
1704 5472 1770 5531 tuo
1803 5449 1927 5520 labore
1953 5464 1993 5521 ac
2021 5450 2179 5544 periculo
2210 5473 2279 5543 pro
