4732 6030
214 280 260 352 11
731 263 888 339 DECL.
922 262 998 339 Du
1031 266 1289 344 ARTlBUS
1324 267 1733 344 LIBERALIBUS.

2204 271 2254 345 12

214 453 284 533 tio,
308 467 398 540 quae
421 443 495 512 fere
517 440 629 531 capita
644 435 869 508 Geometriae
886 452 980 510 sunt.
1032 438 1127 510 Hinc
1144 444 1207 509 ad·
1228 459 1233 520 t
1258 463 1403 533 parens,
1441 442 1505 512 fati
1535 443 1686 513 conscia.
1751 435 2007 526 Aritbmetica,
2042 438 2251 512 Geometria

213 549 399 624 mirandae
422 539 608 614 bominum
630 540 752 630 generi
776 534 980 624 machinae,
1005 566 1045 610 ac
1068 558 1108 612 ut
1132 539 1207 613 En-

216 651 319 735 doxi,
345 641 540 740 Archytae,
565 637 804 723 Menaechmi,
829 638 1067 728 Archimedis,
1092 643 1206 715 Boetii

213 764 394 830 automata
419 761 656 838 praeteream,
690 757 864 835 quantum
890 746 1107 826 bombarda,
1141 771 1207 816 no·

194 852 321 932 strate
342 854 549 932 inventum,
576 845 713 915 bellicis
730 846 906 917 contulit?
957 845 1062 920 Addo
1076 844 1208 920 Plasti-

215 984 297 1042 cen,
337 972 372 1024 et
401 975 492 1046 quae
524 947 680 1017 nascitur
707 970 726 1015 e
757 947 985 1039 perspectivis
1013 948 1206 1033 Picturam,

213 1077 396 1150 utrunque
423 1047 604 1122 civitatum
631 1048 688 1116 vel
711 1044 991 1138 pulcherrimum
1015 1075 1207 1122 ornamen-

214 1179 304 1236 tum.
354 1155 472 1227 Huius
486 1149 624 1241 generis
639 1164 724 1220 sunt
734 1151 886 1236 celandi,
912 1153 1092 1244 scalpendi
1106 1168 1207 1241 artes,

215 1278 251 1337 et
274 1266 367 1332 inter
390 1280 447 1326 eas
469 1248 765 1343 Calcographica,
790 1277 981 1346 aereasque
1003 1253 1206 1327 Germano·

213 1392 293 1438 rum
309 1357 488 1433 scribendi
503 1355 689 1425 formulae.
742 1351 811 1425 Hic
823 1357 953 1426 artium
969 1380 1096 1439 nexus,
1120 1353 1207 1430 baec

213 1469 314 1557 origo
348 1454 591 1531 ⁴mechanicon
632 1456 772 1525 duabus
814 1459 1037 1550 principibus
1070 1460 1207 1531 artibus

213 1563 452 1642 Aritbmetiea
475 1574 509 1630 et
524 1556 749 1644 Geometria,
774 1554 833 1629 bic
852 1584 937 1631 usus
953 1574 1006 1631 est
1021 1563 1207 1656 utriusque

214 1696 279 1766 per
299 1682 353 1740 tot
376 1662 575 1734 manuarias
600 1674 735 1749 operas.
795 1659 957 1750 Quodsi
979 1665 1024 1732 ad
1048 1665 1205 1736 animum

214 1771 423 1852 transferas,
448 1764 509 1836 Dii
532 1761 639 1845 boni,
660 1786 752 1855 qnae
775 1765 947 1845 suavitas,
973 1769 1067 1858 qnod
1088 1782 1208 1836 nectar

216 1874 424 1947 effundetur
452 1863 728 1955 contemplanti,
763 1864 835 1934 imo
866 1890 957 1959 quae
982 1867 1042 1935 lux
1067 1891 1142 1937 sese
1165 1894 1206 1938 ex

214 1978 279 2047 illo
301 1995 421 2044 rerum
443 1963 530 2038 chao
555 1965 702 2057 aperiet:
729 1960 862 2037 isthaec
887 1982 1042 2036 mentem
1065 1971 1207 2038 sensili-

213 2081 282 2150 bus
302 2072 524 2149 haerentem,
560 2067 681 2137 avellit
702 2069 907 2162 reducitque
929 2071 975 2138 ad
998 2070 1208 2161 intelligibi-

214 2183 284 2251 lem
314 2188 562 2263 aetemamque
591 2184 766 2240 naturam.
819 2170 878 2241 Sic
900 2170 1001 2241 Plato
1029 2170 1208 2267 ἀριθμεῖν

213 2271 481 2375 philosophari,
507 2285 541 2342 et
562 2266 657 2342 θεὸν
680 2266 737 2341 ἀεὶ
753 2275 966 2371 γεομιτρεῖν
981 2277 1206 2346 commodum

214 2383 329 2455 afficta
355 2377 540 2448 notatione
565 2373 673 2456 dixit,
706 2372 744 2442 id
767 2388 837 2458 est,
868 2388 1013 2466 semper*
1029 2390 1206 2447 aeternam

213 2484 289 2555 veri
313 2495 477 2551 naturam
497 2474 729 2563 intelligendo
753 2500 901 2546 versare.
954 2475 1008 2546 De
1025 2475 1207 2549 Arithme-

213 2586 282 2660 tica
297 2579 574 2670 Geometriaque
588 2576 729 2646 obiter:
745 2578 785 2646 in
800 2575 998 2670 colophone
1013 2605 1052 2650 ac
1067 2582 1206 2670 fastigio

215 2688 365 2767 artium,
397 2679 538 2751 Musica
567 2690 602 2747 et
631 2679 860 2749 Astronomia
893 2683 1066 2752 locantur.
1132 2680 1208 2772 Age

214 2790 302 2886 quid
325 2783 465 2856 Musica
494 2779 697 2849 laudatius?
736 2781 903 2870 elegantis
933 2807 971 2851 ea
1003 2781 1209 2854 harmoniae

215 2892 327 2973 ratio,
354 2888 429 2957 sive
442 2882 665 2973 organicam,
690 2882 764 2952 sive
783 2885 981 2954 naturalem
995 2887 1095 2956 velis.
1147 2885 1208 2978 ln·

214 2993 324 3085 signis
354 3003 505 3079 utraque
534 2979 672 3053 honore
701 2990 923 3076 poematum,
954 2987 992 3054 id
1021 2991 1118 3081 qnod
1140 2989 1208 3058 alia

215 3119 294 3167 sum
318 3106 461 3162 acturus
482 3087 654 3156 oratioue.
707 3085 891 3180 Plerisque
914 3089 1048 3177 gratior
1070 3089 1207 3160 Musica

94 3190 99 3198 ⁵
216 3197 304 3269 orbe
323 3193 452 3263 artium
468 3187 638 3271 aliarum,
665 3190 760 3280 quod
777 3185 862 3258 baec
875 3193 919 3259 ad
937 3193 1209 3282 contemplatio-

216 3322 300 3371 nem
325 3293 459 3387 pariter
482 3311 670 3383 moresque
693 3291 893 3363 conferunt.
945 3288 1099 3383 Erigunt
1120 3296 1209 3363 aliae

216 3404 262 3472 ad
284 3394 449 3469 coelestia
468 3404 603 3461 mentes
621 3404 786 3483 nostras,
802 3388 888 3462 baec
905 3416 976 3463 uua
989 3397 1087 3465 coelo
1105 3419 1209 3486 snpe-

216 3526 276 3575 ros
304 3502 348 3568 ad
377 3493 533 3566 bumana
556 3493 716 3563 deducit:
750 3519 821 3586 quo
843 3510 1051 3585 argumento
1078 3512 1209 3568 veteres

216 3604 374 3677 arbitror
388 3597 523 3669 musica
536 3598 638 3683 ‘signa
656 3597 785 3685 passim
801 3594 918 3666 Deum
934 3600 1058 3669 statuis
1075 3624 1207 3690 appeu-

216 3707 328 3788 disse,
354 3698 456 3794 quasi
477 3698 549 3767 illis
574 3695 633 3766 Dii
658 3698 836 3768 conciliati
860 3701 1045 3769 nobiscnm
1067 3726 1209 3771 versen-

216 3824 287 3882 tur.
336 3800 484 3873 Confert
500 3800 674 3882 morihns,
699 3802 797 3892 quod
813 3802 912 3870 nulla
929 3825 985 3870 res
999 3802 1211 3873 familiarior

217 3903 492 4000 tranquillandis
520 3902 757 3997 animantium
786 3904 984 3974 affectibus.
1035 3904 1142 3975 Scitis
1166 3907 1210 3974 de

217 4005 358 4104 Orphei
373 4004 466 4100 Lyra
480 4004 591 4095 qnid?
614 4019 648 4075 et
661 4028 751 4096 quae
763 4000 1007 4097 Pythagoreas
1019 4008 1134 4098 gentis
1150 4008 1209 4076 in-

217 4115 338 4185 stituta
362 4108 516 4186 fuerint,
543 4098 659 4198 ᾠδαῖς
680 4105 848 4196 χρῆσθαι
868 4104 959 4200 πρὸς
973 4113 1103 4202 tepea.
1153 4106 1210 4180 Ex

218 4240 258 4285 ea
281 4209 434 4281 factione
447 4203 567 4274 Clinia
588 4205 735 4272 celebris
758 4205 831 4289 vir,
857 4209 1111 4278 modestissime
1125 4234 1210 4280 usus

219 4311 408 4405 disciplina
421 4306 591 4396 magistri,
616 4306 755 4398 quoties
771 4306 890 4376 auimo
903 4311 1113 4380 turbabatur
1122 4335 1210 4403 qua·

219 4437 361 4509 cunque
384 4432 508 4493 causa,
531 4408 648 4478 statim
673 4409 716 4475 ad
743 4406 871 4501 Lyram
897 4413 1122 4501 properabat:
1150 4436 1211 4481 ro-

132 4542 135 4549 ’
218 4533 320 4612 gatus
342 4512 550 4607 aliquoties,
575 4505 771 4603 quidhoc?
804 4507 1212 4605 nibilresponditprae-

218 4638 272 4695 ter
286 4616 379 4690 hanc
394 4615 556 4685 voculam
572 4603 797 4707 πραύνομαι.
849 4608 967 4708 Atque
980 4611 1018 4683 bi
1033 4630 1115 4686 sunt
1129 4640 1211 4707 pro-

218 4725 295 4819 prie
314 4718 500 4790 Musarum
525 4715 623 4789 soni.
650 4715 713 4807 qui
736 4717 779 4800 ad
805 4711 986 4787 honestam
1011 4719 1103 4788 vitae
1126 4742 1212 4788 con-

219 4824 461 4903 stitutionem,
493 4819 555 4911 qui
585 4818 629 4886 ad
662 4816 828 4887 virtutem
851 4820 1048 4909 pertinent:
1083 4819 1212 4891 Succe-

219 4932 310 5000 dunt
325 4922 486 4993 Musicae
508 4919 706 4991 saltatoriae
723 4934 833 5005 artes,
859 4917 1040 5016 Arcadum
1058 4923 1212 5006 inventa,

219 5033 281 5101 sed
299 5027 440 5116 longior
461 5037 514 5094 est
528 5046 595 5106 res,
622 5046 727 5114 quam
745 5045 763 5090 a
782 5023 885 5092 nobis
902 5024 957 5113 agi
974 5027 1079 5093 modo
1093 5025 1211 5116 possit.

218 5130 373 5223 Reliqua
403 5126 645 5220 cyclopedetae
666 5119 897 5195 Astronomia
925 5139 994 5212 est,
1034 5150 1212 5207 numeros,

221 5230 504 5324 magnitudines,
534 5239 669 5309 motus,
701 5221 945 5312 harmoniam,
981 5228 1091 5299 idest
1115 5253 1212 5298 com-

220 5359 344 5430 pagem
365 5331 486 5422 superi
507 5344 611 5423 atque
635 5328 741 5397 inferi
763 5331 877 5414 orbis,
904 5332 1083 5415 dimensa,
1109 5332 1213 5425 syde-

1259 540 1465 613 harmouica
1488 545 1679 614 ancillariis
1699 544 1900 635 disciplinis
1921 543 2157 612 communiter
2175 544 2249 614 uti·

1259 658 1328 715 tur.
1383 645 1543 736 Longius
1571 643 1663 716 banc
1694 646 1882 740 quadruvii
1909 647 2034 714 seriem
2061 645 2249 724 duxissem,

1258 751 1320 817 sed
1351 742 1440 817 hora
1470 749 1671 832 deficimus,
1713 749 1853 840 agitque
1885 772 1959 815 rem
1991 771 2067 815 eam
2100 747 2251 837 publicis

1258 844 1390 920 sobolis
1422 851 1582 943 quotidie
1606 844 1798 920 Iohannes
1824 842 1979 951 Stoffler
2001 843 2252 940 Philosophus,

1259 952 1467 1036 autoritate,
1500 953 1588 1035 lide,
1619 952 1801 1045 literisque
1822 948 2083 1022 Mathematum
2104 974 2252 1020 venera·

1259 1054 1353 1127 bilis.
1406 1052 1456 1124 At
1484 1050 1552 1123 hae
1581 1068 1735 1149 quatuor
1765 1067 1875 1135 artes,
1909 1065 2063 1146 quatuor
2093 1051 2179 1122 item
2210 1053 2250 1121 in

1258 1154 1352 1249 Lyra
1368 1154 1541 1226 Mercurii
1557 1153 1768 1240 chordulae,
1795 1178 1896 1225 suum
1912 1177 2072 1248 quaeque
2086 1153 2252 1237 stridens,

1258 1257 1375 1347 prima
1396 1280 1432 1326 se
1455 1254 1713 1352 Terpsichorae
1733 1258 1856 1340 debet,
1887 1256 2026 1326 ordinis
2046 1279 2087 1325 ac
2109 1256 2252 1326 numeri

1259 1359 1402 1443 artifici,
1428 1356 1535 1433 habet
1550 1363 1645 1430 enim
1662 1383 1681 1430 a
1696 1354 1815 1430 choris
1831 1381 1961 1428 nomen
1975 1355 2063 1430 Dea.
2115 1355 2252 1428 Secun-

1261 1463 1306 1532 da
1330 1457 1497 1544 Thaliae,
1531 1464 1703 1557 qnoniam
1736 1461 1861 1530 floreat
1882 1460 2017 1530 exculta
2040 1463 2281 1558 ysopscpu‘tr'

1259 1564 1455 1633 commodis
1468 1565 1550 1635 vita.
1600 1564 1775 1635 Musieam
1791 1557 1899 1633 Erato
1917 1561 2074 1633 iucunda
2090 1561 2180 1648 regit
2197 1562 2252 1631 af-

1259 1666 1377 1734 fectio.
1428 1658 1571 1739 Eminet
1593 1668 1688 1737 inter
1708 1664 1820 1734 socias
1841 1664 2034 1734 clarissima
2056 1663 2095 1732 in
2115 1659 2253 1732 Home·

1260 1769 1352 1836 ricae
1368 1765 1504 1839 Dianae
1519 1771 1665 1839 modum
1685 1765 1838 1850 Urania,
1863 1765 2060 1857 principem
2076 1779 2252 1835 astrorum

1260 1870 1441 1937 scientiam
1470 1874 1597 1941 decora
1618 1871 1784 1941 reterens.
1842 1867 1984 1958 Septem
2007 1862 2158 1936 chordas
2181 1891 2252 1935 un-
2309 1876 2310 1879 ’

1259 1970 1389 2039 merari
1410 1972 1651 2044 adulescentes
1674 1969 1844 2054 audistis,
1878 1995 1943 2039 nec
1966 1969 2136 2039 discretae
2155 1967 2251 2063 Lyra

1259 2095 1363 2140 voces
1387 2075 1604 2159 redduntur,
1640 2075 1759 2166 plures
1780 2084 1953 2165 quatuor,
1986 2084 2056 2139 tres
2079 2070 2253 2140 orationis

1260 2174 1411 2242 funicnli
1442 2198 1648 2245 communes
1678 2173 1892 2266 quadruvio.
1966 2169 2132 2259 Quatuor
2163 2173 2252 2242 aliae

1260 2270 1411 2344 chordae
1434 2279 1541 2347 rebus
1564 2277 1638 2346 suis
1660 2275 1872 2363 discrepant.
1920 2269 2004 2342 Nou
2027 2274 2190 2363 confingo
2206 2273 2253 2342 li·

1260 2392 1381 2448 center
1395 2373 1482 2449 baec
1500 2379 1698 2461 auditores,
1722 2388 1765 2445 nt
1781 2375 1837 2443 illi
1853 2371 2054 2446 Atticorum
2069 2368 2254 2470 κοροπλά-

1259 2478 1341 2550 θοιε
1373 2477 1569 2550 Platonicis
1597 2503 1739 2575 quoque
1768 2478 1945 2548 veteribus
1977 2477 2069 2548 ratio
2092 2478 2253 2568 sapiendi

1260 2582 1341 2650 talis
1357 2582 1445 2667 fnit,
1470 2597 1593 2653 autore
1610 2573 1813 2652 Plutarcho.
1863 2575 1912 2650 Et
1928 2581 1972 2649 de
1989 2589 2161 2671 quaterno
2178 2579 2252 2673 Ly-

1260 2706 1320 2752 rae
1350 2698 1535 2777 systemate
1564 2707 1654 2777 qnae
1683 2682 1881 2773 disputavi,
1926 2680 2130 2773 Terpandri
2160 2696 2254 2767 sunt,

1261 2785 1312 2855 ait
1326 2785 1405 2854 ille:

1363 2895 1452 3005 ᾔμιῖς
1471 2921 1519 2963 τοι
1539 2895 1731 2985 τιτράγηρην
1753 2895 2010 2982 ἀποστρέψαντες
2029 2893 2140 2980 ἀοιδήν

1361 2980 1521 3072 επτατόνῳ
1543 2984 1690 3072 φόρμιγγι
1711 2983 1799 3062 νίοος
1818 2980 2029 3068 μιλεδῆοομεν
2048 2979 2174 3065 ὕμνους.

1362 3078 1493 3163 Septena
1506 3086 1567 3143 iam
1581 3084 1660 3145 forte
1675 3082 1765 3164 chely
1779 3102 1859 3144 nova
1874 3086 2007 3142 cumina
2020 3091 2131 3156 valent,

1363 3179 1505 3261 Quatuor
1520 3197 1551 3246 et
1566 3185 1704 3246 ᾱίιιὶοοιι
1719 3184 1819 3244 modis
1834 3186 1975 3263 punxisse
1990 3185 2116 3246 iuvabit.

1262 3293 1337 3364 lam
1367 3319 1433 3380 ne,
1466 3318 1557 3387 quae
1584 3293 1759 3365 Mercurii
1788 3293 1834 3361 sit
1860 3288 1954 3383 Lyra
1987 3293 2132 3374 tenetis,
2165 3306 2254 3384 quot

1261 3391 1432 3480 chordae,
1457 3408 1547 3489 quot
1561 3395 1678 3466 artes?
1728 3391 1775 3464 E:
1790 3391 1915 3463 Musas
1930 3391 2058 3460 artium
2076 3393 2254 3483 praesides

1261 3499 1437 3589 appellare
1458 3521 1535 3568 sum
1558 3499 1694 3568 solitus.
1746 3494 1833 3564 lllae
1850 3473 1935 3562 iero
1950 3491 2063 3586 quid?
2092 3489 2252 3582 -Gonge-

1262 3601 1359 3670 nitus
1389 3597 1576 3670 hominum
1605 3597 1734 3669 animis
1762 3598 1871 3666 ardor
1894 3609 1927 3665 ct
1951 3609 2094 3664 strenua
2116 3593 2252 3664 sciendi

1260 3703 1401 3794 cupido.
1455 3701 1572 3771 Testis
1586 3699 1852 3793 antiquissimus
1869 3710 1965 3766 vates
1976 3692 2166 3788 Orpbeus,
2192 3699 2254 3788 qni

1262 3801 1386 3873 Musas
1402 3799 1536 3896 hymno
1552 3827 1700 3887 canens,
1725 3801 1860 3894 inquit:

1363 3911 1478 3998 Πᾶσης
1499 3917 1639 3999 παιδείης
1659 3914 1775 4002 ἀρετὴν
1796 3916 1945 3999 γεννῶσαν
1966 3909 2131 3991 ἄμεμπτον

1364 4000 1547 4087 &placemus
1567 4001 1690 4087 ψυχῆς,
1719 3999 1860 4072 διανοίας
1880 3994 2111 4083 ὀρθοδότειραι

1261 4106 1341 4178 Hoc
1366 4122 1435 4194 est,
1464 4109 1494 4178 si
1515 4109 1755 4177 venerandam
1775 4098 1917 4193 Orphei
1939 4103 2154 4174 maiestatem
2178 4128 2253 4173 car-

1263 4212 1359 4280 mine
1374 4211 1457 4280 licet
1472 4225 1594 4279 nostro
1611 4207 1809 4276 imitemur:

1362 4316 1490 4380 Munera
1504 4330 1601 4378 restra
1615 4313 1698 4378 Dese
1714 4320 1809 4377 virtus
1824 4327 1854 4377 et
1868 4318 1964 4396 gloria
1978 4334 2080 4390 verax,

1366 4416 1512 4503 Quasque
1527 4432 1602 4480 artes
1617 4423 1678 4500 agit
1692 4419 1842 4479 humanae
1856 4423 1902 4479 ris
1916 4417 2032 4478 fervida
2048 4419 2167 4491 mentis,

1365 4520 1431 4585 Vos
1447 4525 1541 4583 animi
1555 4523 1657 4584 dulces
1673 4525 1764 4583 etiam
1779 4542 1953 4582 veneramur
1967 4523 2102 4579 alumnas

1366 4621 1535 4686 Aeternum
1549 4630 1623 4686 recti
1638 4627 1747 4707 quibus
1763 4628 1911 4686 insevistis
1927 4641 2070 4681 amorem.

1264 4716 1398 4789 Causae
1421 4721 1552 4791 artium
1574 4745 1724 4790 nurnero
1749 4718 1875 4789 Musae
1896 4730 2048 4808 septem,
2083 4718 2173 4784 duae
2194 4735 2255 4782 su-

1267 4836 1431 4911 persunt,
1466 4822 1565 4894 Cleio
1597 4836 1632 4893 et
1657 4820 1838 4912 Calliope,
1870 4820 2001 4913 quibus
2032 4838 2184 4910 aequum
2215 4815 2256 4883 iu

1266 4946 1388 4992 omnes
1422 4925 1541 4993 literas
1574 4925 1645 4994 ius:
1699 4919 1867 4992 historiae
1901 4919 2020 5000 Clcio,
2070 4916 2257 5006 Calliopen

1266 5018 1420 5116 poemati
1437 5028 1668 5119 praeficimus.
1720 5022 1851 5096 Omnis
1864 5023 2002 5113 generis
2012 5021 2139 5110 scripta
2150 5043 2260 5095 usur„

1267 5141 1352 5217 pant
1364 5123 1512 5200 historia
1527 5143 1561 5200 et
1575 5133 1711 5220 poema,
1735 5126 1870 5196 necalii
1884 5124 2013 5195 maiori
2022 5125 2122 5212 fruge
2130 5145 2258 5212 opera-

1266 5253 1309 5298 ve
1332 5231 1500 5319 leguntur
1521 5227 1705 5313 authores,
1731 5253 1837 5322 qnam
1860 5225 2031 5299 Historici
2053 5249 2094 5294 ac
2113 5220 2255 5295 Poetae.

1267 5330 1521 5404 Adulescentes
1536 5334 1705 5403 animose
1720 5331 1920 5420 vulgarium
1937 5327 2138 5399 studiorum
2152 5327 2257 5396 sorde

221 5463 301 5511 rum
322 5435 526 5540 affectiones
543 5456 583 5502 ac
597 5431 772 5502 iullnxum
788 5433 985 5524 complexa,
1011 5431 1214 5503 Medicinae
1267 5435 1435 5521 evellunt,
1461 5437 1609 5529 locoque
1622 5434 1779 5504 referunt
1795 5434 1943 5518 excelso,
1969 5431 2038 5499 iam
2055 5429 2141 5498 viris
2151 5427 2258 5519 digna
