4732 6030
161 306 239 381 aar
336 385 339 392 f
578 244 581 250 ⁸
757 294 921 371 nucu
955 288 1610 413 DECASP.CRUC1GERO.
2124 298 2308 371 aas.⁴

264 470 389 545 Edidit
410 485 444 543 et
466 470 628 565 proprias
646 470 926 550 lucubrationes,
960 468 999 537 in
1023 467 1153 562 quihus
1306 462 1360 533 Ac
1381 462 1462 532 talis
1493 486 1572 532 cum
1605 476 1709 548 esset,
1742 464 1887 553 vestigia
1910 464 1977 537 Dei
2001 468 2039 537 in
2071 484 2197 541 natura

162 579 299 671 aliquot
310 574 470 646 Psalmos
486 570 764 661 etEvangelium
776 595 798 642 a
809 567 967 641 lohanne
984 571 1153 662 scriptum
1205 565 1311 635 etiam
1329 566 1483 635 libenter
1498 563 1761 649 considerabat,
1786 590 1826 636 ac
1843 589 1945 658 saepe
1961 569 2097 640 dictum
2112 569 2196 642 Pla-

162 692 320 759 euarrat,
350 678 390 745 in
404 674 646 770 quibusvidet
660 675 819 744 eruditus
834 688 868 743 et
878 674 1016 764 sapiens
1032 673 1154 755 lector,
1205 668 1298 738 tonis
1318 667 1515 758 repetebat,
1548 679 1684 756 gratam
1704 668 1750 736 de
1763 663 1839 738 Deo
1864 670 1992 739 lamam
2008 672 2047 740 in
2060 673 2196 745 artibus

161 804 234 851 non
251 780 434 849 ambitiose
457 802 537 847 eum
562 777 685 846 ludere
698 776 873 865 lingendis
886 775 1080 866 peregrinis
1096 773 1150 841 in·
1204 792 1358 860 sparsam
1388 793 1469 840 esse.
1530 764 1577 838 Et
1605 769 1694 839 illud
1728 766 1933 840 Paulinum:
1969 771 2060 842 Tam
2084 800 2195 868 prope

159 881 493 974 terpretationibus,
518 901 592 948 non
609 878 794 947 offundere
809 878 995 967 caliginem
1011 875 1153 945 lectori·
1203 874 1322 942 adesse
1344 868 1479 955 Deum,
1513 872 1586 940 scre
1609 883 1650 940 ut
1671 871 1836 942 manibus
1852 876 2062 944 contrectari
2079 881 2196 967 possit.

159 985 227 1055 bus
248 983 415 1072 ambiguo
435 994 473 1050 et
496 981 692 1072 improprio
715 1003 892 1049 sermone:
916 979 975 1049 sed
1000 965 1154 1070 propriis
1205 971 1356 1046 Cernere
1375 997 1412 1042 se
1432 973 1551 1067 inquit
1571 973 1804 1064 praesentiam
1824 973 1893 1045 Dei
1910 976 1947 1044 in
1963 990 2109 1064 natura,
2134 981 2195 1073 qui
2231 995 2234 999 ·

160 1087 297 1168 verbis,
328 1097 362 1152 et
390 1081 574 1174 perspicue
598 1082 740 1152 unicam
764 1081 921 1151 nativam
943 1079 1152 1150 sententiam
1203 1098 1348 1168 prorsus
1370 1088 1409 1144 ut
1429 1076 1554 1146 artifex
1577 1089 1670 1146 certo
1696 1076 1845 1146 consilio
1863 1078 2012 1167 singulis
2027 1082 2197 1152 membris

160 1188 340 1258 evolutam
367 1184 557 1256 illustrare.
619 1181 666 1254 Ut
694 1207 829 1263 mores,
863 1182 912 1252 ita
940 1183 1054 1252 oratio
1084 1179 1152 1249 fuit
1204 1201 1267 1247 sua
1291 1176 1422 1247 auxilia
1448 1177 1627 1263 attribuit,
1660 1193 1695 1248 et
1715 1180 1883 1248 adversus
1896 1180 2034 1269 singula
2050 1185 2195 1254 morbo.

159 1289 319 1380 placida,
365 1299 457 1357 recta
490 1299 524 1355 et
552 1297 660 1355 casta:
701 1288 762 1355 sed
786 1299 904 1356 tamen
928 1285 1087 1375 copiosa,
1119 1294 1153 1350 et
1203 1304 1284 1350 rum
1305 1301 1432 1369 genera
1453 1279 1644 1369 peculiaria
1663 1278 1836 1370 praesidia
1853 1294 1887 1352 et
1900 1284 2055 1352 remedia
2071 1288 2197 1355 condi-

160 1391 313 1484 quadam
339 1388 555 1479 parsimonia
586 1398 733 1456 ornatus
762 1399 796 1456 et
825 1386 1020 1466 luminum,
1062 1407 1152 1478 qnae
1204 1382 1268 1451 dit.
1329 1378 1505 1450 Convinci
1529 1380 1633 1449 etiam
1664 1376 1827 1451 homines
1850 1376 2006 1469 dicebat,
2040 1409 2086 1455 ne
2114 1412 2194 1458 casu

160 1513 288 1581 magno
314 1490 451 1559 delectu
476 1489 662 1574 miscebat,
698 1484 852 1558 Atticam
876 1487 975 1555 illam
999 1488 1150 1556 formam
1203 1484 1402 1564 existiment
1422 1476 1518 1551 hunc
1540 1484 1715 1551 mundum
1738 1507 1779 1551 ex
1797 1479 1885 1554 chao
1911 1500 2041 1556 temere
2058 1491 2196 1562 conflu-

160 1594 323 1673 oe-f‘f‘ffl&
590 1598 592 1601 ’
1157 1624 1163 1629 -
1203 1585 1311 1655 xisse:
1339 1584 1526 1677 quiaordo
1547 1583 1586 1652 in
1609 1584 1783 1669 numeris,
1809 1585 1847 1653 in
1863 1585 2067 1658 discrimine
2085 1585 2198 1662 hone-

261 1742 395 1833 Magn,¹
416 1741 493 1811 laus
516 1755 550 1811 e,
569 1737 656 1812 haec
676 1754 728 1811 es,
745 1740 904 1834 pietatis,
930 1740 1152 1823 eruditionis,
1203 1700 1338 1804 storum
1353 1699 1387 1756 et
1400 1685 1582 1787 ¹turpium,
1608 1685 1645 1753 in
1662 1687 1818 1757 motibus
1838 1688 2065 1774 coelestibus,
2086 1694 2123 1761 in
2142 1695 2196 1763 vi.

158 1845 386 1940 prudentiae,
419 1843 618 1933 gravitatis,
654 1843 726 1912 imo
750 1856 784 1913 et
805 1842 960 1932 Spiritus
977 1842 1091 1912 sancti
1113 1842 1152 1908 in
1202 1790 1736 1959 {32:533affaretur
1758 1802 1913 1860 “limem
1936 1805 2114 1862 ”demam
2139 1820 2197 1865 ar·

159 1974 199 2019 ⁰⁰
215 1945 443 2038 ⁵ig⁰ffi⁶³²i⁰’
469 1947 563 2037 qu⁰d
583 1969 663 2062 eum
684 1944 722 2062 in
738 1939 796 2012 his
817 1942 973 2011 di⁵⁵idii⁸
988 1943 1152 2059 pullicis’
1306 1986 1533 2078 Adiungebat
1546 1987 1655 2078 igitur
1668 1990 1712 2058 ad
1729 2005 1880 2062 caeteras
1895 2007 1986 2064 artes
2002 1992 2197 2069 mathema·

148 2062 249 2141 ›q'uae
271 2063 309 2118 ut
331 2048 388 2127 lit,
422 2047 542 2115 laxant
557 2046 766 2136 disciplinae
786 2045 924 2128 frenos,
951 2045 1055 2114 multr
1072 2066 1153 2135 pas-

160 2153 227 2220 sim
243 2172 354 2218 novas
376 2147 563 2238 opiniones
584 2146 779 2216 ambitione
798 2159 859 2215 aut
880 2145 1080 2217 curiositate
1098 2145 1152 2234 gi·
1202 2107 1278 2164 mm
1306 2091 1629 2263 sindg’dqssmmm
1652 2106 1754 2210 ΜΨ
1776 2095 1976 2213 ἀθέΰὸῑπέῗ
1992 2099 2085 2186 ³P¹¹d
2103 2096 2197 2220 3⁰¹:-

1203 2216 1341 2262 nemm.
1423 2215 1441 2259 e
1518 2215 1560 2262 uc
1576 2194 1747 2263 decennio
1764 2206 1903 2266 tantum
1920 2221 1969 2266 ers
1986 2222 2112 2289 operae
2131 2216 2195 2272 trr-

160 2264 325 2343 gnflffllls
351 2251 426 2340 59⁸⁸
447 2271 585 2340 ⁸²¹⁰?er
608 2249 653 2316 ab
670 2248 836 2316 ⁰¹¹³¹¹¹b¹¹⁸
855 2248 1035 2316 summm
1051 2249 1151 2316 ἴδηθ’
1202 2295 1301 2378 buit,
1333 2308 1372 2366 ut
1397 2293 1491 2365 inter
1512 2293 1661 2364 artifices
1689 2297 1868 2366 numerari
1892 2303 2062 2388 potuerit,
2098 2307 2193 2395 quod

159 2353 311 2425 ticorum
341 2346 470 2420 horum
498 2344 705 2434 abhorruit,
739 2362 773 2417 et
802 2362 917 2418 custos
942 2348 1011 2418 suit
1033 2349 1152 2419 incer·
1202 2398 1444 2466 eoadfimare
1486 2419 1604 2466 ossum
1696 2398 1824 2465 iacun,
1866 2423 1905 2467 ,0
1932 2403 2158 2474 ,ersom-„qm

159 2467 285 2546 ruptae
310 2452 510 2536 doctrinae,
543 2451 686 2544 quaein
707 2445 856 2520 Lutheri
874 2449 1153 2520 confessionibus
1202 2494 1331 2569 horum
1362 2420 1561 2568 studigmm
1592 2421 1718 2584 ,Saga
1749 2424 1938 2569 interpngs
1972 2431 2195 2575 familiarjtz

158 2577 318 2648 “prem
333 2566 396 2625 est·
1202 2600 1328 2685 fuerit,
1354 2612 1388 2668 et
1410 2599 1591 2688 ingenium
1616 2598 1728 2688 ipsius
1743 2598 1954 2691 introspexi,
1980 2617 2014 2672 et
2032 2628 2196 2696 progres-

164 2735 167 2742 ·
259 2702 308 2776 Et
329 2704 412 2798 quia
435 2706 579 2796 prodest
601 2718 718 2773 extare
741 2705 785 2773 ad
810 2716 969 2793 posteros
992 2704 1149 2774 testimo·
1203 2725 1261 2771 sus
1285 2702 1359 2770 eius
1383 2700 1469 2770 vidi.
1526 2697 1614 2770 Erat
1629 2700 1667 2768 in
1684 2724 1730 2773 eo.
1741 2714 1775 2770 et
1794 2703 1944 2774 aviditas
1958 2706 2137 2793 discendi,
2161 2723 2195 2779 et

158 2811 260 2881 nium
285 2808 416 2899 ipsius,
447 2806 664 2875 recitandam
684 2826 758 2872 esse
773 2807 894 2874 censui
911 2819 946 2875 et
961 2807 1153 2875 confessio·
1204 2804 1361 2874 celeritas
1389 2804 1426 2871 in
1451 2803 1698 2893 percipiendo,
1728 2816 1764 2872 et
1791 2803 1914 2875 iudicii
1935 2808 2131 2895 rectitudo,
2161 2824 2195 2881 et

159 2937 240 2983 nem
260 2908 393 3002 ipsius,
424 2928 527 2994 saepe
549 2904 734 2992 repetitam
752 2928 830 2973 curn
849 2920 1060 2995 aegrotaret,
1088 2931 1152 2976 au·
1203 2905 1334 2974 laboris
1356 2905 1563 2988 tolerantia,
1592 2916 1626 2972 et
1653 2905 1848 2974 constantia
1876 2909 2006 2991 animi,
2041 2936 2109 3004 qua
2128 2912 2196 2979 im-

158 3012 339 3085 dientibus
370 3005 492 3074 multis
521 3003 733 3073 Ductoribus
768 3017 802 3072 et
832 3004 973 3093 collegis
1009 3008 1150 3075 nostris.
1204 3031 1342 3075 morare
1369 3001 1544 3073 inchoatis
1569 3005 1751 3075 laboribus
1775 3007 1973 3078 innumeris
1998 3025 2034 3082 et
2055 3036 2196 3101 geome-

160 3108 373 3186 Adfirmavit
391 3104 486 3174 enim
501 3104 702 3194 saepissime
718 3127 755 3173 se
775 3117 849 3174 toto
865 3121 1003 3195 pectore
1017 3109 1151 3199 ample·
1203 3108 1289 3177 trica
1311 3107 1506 3177 subtilitate
1528 3120 1672 3196 poterat.
1733 3104 1820 3178 Erat
1834 3112 2004 3181 adsiduus
2019 3114 2057 3182 in
2072 3111 2195 3184 Eucli-

159 3216 208 3287 cti
241 3229 452 3280 consensum
481 3205 663 3275 doetrinae
701 3207 739 3273 in
774 3208 940 3276 omnibus
975 3210 1152 3295 articulis,
1202 3209 1257 3276 dis
1273 3207 1636 3279 demonstrationibus
1652 3209 1906 3296 investigandis
1920 3226 1953 3281 et
1969 3216 2144 3284 eruendis.

160 3336 264 3409 quem
296 3333 367 3380 una
397 3330 504 3388 voce,
537 3331 617 3375 cum
644 3303 799 3377 buthero
826 3322 859 3377 ct
886 3323 1024 3398 pastore
1045 3306 1152 3380 huius
1304 3308 1417 3400 Saepe
1441 3333 1522 3379 cum
1545 3331 1669 3397 magna
1696 3333 1775 3400 pars
1798 3312 1868 3381 diei
1895 3316 2082 3386 tribuenda
2108 3332 2195 3387 esset

157 3413 335 3487 Ecclesiae
349 3433 474 3479 sonare
488 3408 613 3480 solitus
628 3409 686 3478 sit:
712 3433 817 3503 seque
828 3404 924 3479 hunc
938 3435 1148 3482 consensum
1203 3410 1281 3479 aliis
1295 3410 1525 3494 lectionibus,
1551 3425 1613 3481 aut
1630 3411 1865 3501 reipublicae,
1890 3428 2008 3483 tamen
2032 3419 2071 3485 in
2086 3442 2193 3508 pran-

159 3520 203 3589 ad
233 3512 350 3584 Deum
380 3525 414 3581 et
443 3511 555 3580 lilium
572 3506 672 3593 *Dei,
705 3524 740 3579 et
768 3513 810 3579 ad
839 3509 1095 3601 Prophetarum
1118 3529 1151 3584 et
1202 3512 1272 3581 diis
1294 3525 1327 3581 et
1349 3513 1468 3582 coenis
1483 3508 1668 3581 Euclidem
1688 3514 1882 3582 collocabat
1899 3515 1936 3583 in
1955 3540 2132 3603 mensam,
2161 3534 2194 3589 et

159 3615 414 3712 Apostolorum
431 3610 723 3682 consuetudinem
737 3623 940 3682 constanter
960 3614 1150 3684 allaturum
1202 3613 1240 3680 in
1263 3636 1342 3680 eum
1365 3612 1476 3681 oculis
1501 3625 1536 3681 et
1565 3625 1682 3680 mente
1705 3613 1866 3696 intuens,
1902 3617 2069 3706 pingebat
2101 3622 2196 3692 inter

162 3744 246 3792 esse.
297 3715 371 3786 Nec
388 3715 551 3786 dubitare
566 3735 619 3792 se,
646 3706 738 3780 hanc
761 3727 962 3802 perpetuam
981 3737 1053 3783 esse
1070 3738 1152 3783 sen·
1203 3715 1380 3781 edendum
1403 3735 1571 3780 numeros
1591 3726 1652 3784 aut
1676 3713 1803 3801 figuras
1821 3718 2114 3790 demonstrationi
2131 3747 2192 3790 ne-

158 3823 307 3895 tentiam
330 3813 523 3888 catholicae
536 3810 714 3884 Ecclesiae
734 3809 821 3893 Dei,
847 3839 952 3907 quam
976 3817 1151 3906 professus
1203 3814 1378 3882 eessarias.
1443 3808 1563 3881 Amici
1602 3813 1835 3904 intentionem
1876 3820 2092 3892 admirantes
2131 3847 2193 3914 per

161 3940 260 3996 esset.
312 3915 480 3989 Inchoata
502 3928 555 3985 est
578 3915 622 3984 ab
646 3938 686 3984 eo
711 3916 887 3985 enarratio
910 3918 1062 4011 symboli
1085 3915 1151 3986 Ni·
1202 3915 1320 3986 iocum
1335 3914 1501 3982 dicebant
1507 3964 1522 4000 ,
1556 3907 1649 3982 hanc
1666 3914 1899 3985 intentionem
1918 3916 2192 3995 Archimedeam

161 4027 257 4108 ceni,
296 4023 336 4091 in
367 4044 435 4114 qua
459 4017 563 4088 initio
592 4016 756 4086 adfirmat
779 4039 814 4083 se
835 4018 1035 4110 symbolum
1059 4018 1150 4088 illud
1203 4036 1288 4103 esse.
1344 4013 1512 4103 Legimus
1538 4013 1633 4082 enim
1655 4011 1904 4090 Archimedem
1929 4020 2025 4095 inter
2055 4049 2193 4115 ungen-

162 4123 341 4216 amplecti:
367 4122 498 4192 deinde
512 4116 870 4189 illustratdoctrinam
886 4119 930 4188 de
945 4119 1151 4211 tribusper-
1202 4119 1307 4195 dum,
1337 4114 1437 4209 quasi
1458 4115 1610 4186 oblitum
1633 4130 1768 4189 caetera
1790 4122 1943 4209 stetisse,
1970 4128 2096 4219 etipse
2113 4130 2192 4198 oleo

162 4225 278 4312 sonis,
318 4221 506 4312 diligenter
541 4220 705 4290 universa
737 4219 946 4312 antiquitate
973 4217 1152 4308 Ecclesiae
1203 4217 1357 4309 pinxisse
1371 4217 1511 4307 figuras.
1562 4216 1908 4321 lamqueinpeyolip
1925 4220 2193 4312 σύνταξειΡιο.

163 4327 412 4401 considerata.⁴
452 4321 572 4411 Quare
588 4335 622 4392 et
636 4321 723 4392 alibi
742 4322 863 4391 doctos
884 4335 916 4391 et
928 4322 1041 4392 bonos
1057 4324 1152 4393 viros
1202 4319 1327 4416 lernaei
1357 4319 1577 4390 versabatur:
1610 4321 1672 4391 ubi
1702 4347 1781 4393 cum
1808 4328 2103 4406 animadverteret
2125 4328 2192 4401 Al·

163 4453 240 4500 eam
259 4424 541 4497 lucubrationem
558 4425 724 4514 probasse
745 4422 830 4495 scio.
881 4420 1044 4518 Denique
1062 4420 1151 4494 mihi
1202 4418 1396 4514 phonsinas
1418 4421 1555 4492 tabulas
1576 4424 1738 4494 conditas
1759 4451 1800 4496 ex
1816 4430 1920 4499 certis
1933 4433 2193 4504 observationi-

162 4525 431 4602 familiarissimi
452 4547 631 4594 sermones
651 4527 762 4615 ipsius
781 4524 860 4594 noti
882 4541 981 4611 sunt,
1013 4526 1052 4596 in
1071 4528 1151 4620 qui·
1202 4527 1269 4595 bus
1288 4537 1371 4593 ante
1391 4547 1504 4593 annos
1524 4525 1596 4593 lere
1620 4539 1794 4597 trecentos
1818 4531 2052 4624 discreparee
2073 4535 2193 4607 Ptole-

162 4636 231 4704 bus
246 4629 365 4701 omnia
379 4622 558 4698 Ecclesiae
571 4638 726 4716 tempora
742 4628 938 4718 repetebat,
965 4642 999 4698 et
1016 4652 1152 4699 errores
1202 4626 1342 4710 maicis,
1376 4650 1442 4695 nec
1466 4626 1545 4692 illas
1567 4638 1684 4695 tamen
1708 4651 1788 4698 cum
1810 4634 1922 4702 nostri
1944 4639 2112 4727 temporis
2127 4637 2193 4708 ob-

162 4735 320 4816 taxabat,
351 4751 503 4823 quorum
524 4725 587 4794 alii
609 4725 687 4794 aliis
710 4730 929 4818 temporibus
942 4731 979 4798 in
995 4727 1151 4800 Ecclesia
1202 4727 1461 4798 servationibus
1502 4748 1714 4814 congruere,
1765 4731 1868 4801 valde
1913 4749 2036 4827 optare
2078 4740 2193 4830 coepit

162 4835 308 4930 grassati
328 4843 431 4917 sunt,
462 4826 568 4901 multi
589 4826 693 4895 etiam
712 4829 864 4900 subinde
879 4832 1153 4924 repullularunt.
1202 4827 1486 4899 emendationem
1508 4827 1727 4900 tabularum:
1753 4855 1844 4925 quae
1857 4847 1899 4904 ut
1914 4835 2052 4910 institui
2068 4856 2194 4934 posset,

162 4937 264 5010 Serio
287 4935 391 5005 etiam
421 4933 544 5002 oderat
570 4922 765 4999 cothurnos
791 4943 826 5000 et
854 4935 1019 5023 ambigua
1049 4934 1153 5019 dicta,
1202 4928 1318 5018 Reges
1341 4941 1376 4999 ct
1397 4925 1580 5020 Principes
1602 4932 1646 5001 ab
1671 4925 1745 5017 his,
1777 4934 1839 5027 qui
1864 4939 2050 5012 autoritate
2067 4943 2194 5029 valent,

163 5038 295 5133 quibus
310 5058 411 5126 saepe
426 5035 588 5106 turbatae
603 5042 685 5100 sunt
695 5025 882 5100 Ecclesiae.
935 5034 1085 5124 Quoties
1100 5034 1153 5105 vi·
1203 5026 1373 5102 hortandi
1387 5044 1506 5112 erant,
1533 5043 1575 5101 ut
1589 5029 1842 5106 artificibusad
1858 5061 1935 5108 mm
1951 5065 2024 5112 rem
2040 5046 2195 5130 delectis,

161 5142 200 5213 di
222 5149 439 5231 gementem,
469 5132 662 5229 siquando
686 5154 797 5201 novas
818 5131 965 5205 insidias
986 5138 1076 5208 strui
1092 5161 1153 5206 ve-
1203 5146 1365 5224 snmptus
1382 5133 1603 5222 praeberent.
1654 5131 1816 5230 Cumque
1833 5141 2120 5217 observationum
2141 5163 2195 5218 te-

163 5243 259 5315 ritati
276 5238 453 5312 audiebat.
504 5234 577 5306 Nec
596 5245 735 5305 tantum
750 5257 818 5304 vox
838 5234 1052 5308 inducendo
1068 5262 1153 5309 con·
1203 5234 1370 5306 stimonia
1397 5235 1590 5327 necessaria
1620 5259 1695 5307 esse
1721 5236 1954 5336 intelligeret,
1982 5272 2039 5317 me
2070 5248 2196 5334 oravit,
2263 5236 2269 5265 ⁵

161 5346 312 5437 genebat
333 5362 414 5412 cum
436 5334 593 5410 Ecclesia
616 5334 701 5420 Dei,
731 5338 791 5405 sed
808 5336 913 5408 etiam
932 5353 1070 5431 pectus,
1096 5340 1153 5411 in·
1202 5350 1245 5408 ut
1262 5334 1428 5425 fabricari
1449 5332 1631 5408 machinas
1654 5363 1831 5429 curarem,
1860 5359 1895 5419 et
1918 5370 1975 5415 me
1997 5351 2196 5442 sumptibus

161 5446 321 5529 ventio,
344 5465 460 5513 mores
475 5437 702 5522 celebrabant
715 5432 843 5510 Deum.
1203 5440 1248 5510 ad
1264 5438 1366 5512 iuvit.
1391 5528 1394 5535 ¹
1416 5435 1540 5533 ltaque
1557 5441 1696 5613 rngrlqs
1709 5466 1773 5515 seu
1790 5443 2065 5548 instmmentum
2079 5454 2197 5544 paral.
