4732 6030
105 186 184 279 ota
482 202 486 209 ·
762 182 924 280 nncr.
962 201 1040 278 nn
1069 198 1465 280 antsrornnn
2045 212 2121 299 ssu

208 372 427 447 Deliberanti
441 388 557 447 autem
572 370 663 444 mihi
687 376 734 444 de
754 389 960 463 argumento
984 373 1085 470 (nam
1135 372 1233 442 nitus
1248 395 1285 442 se
1299 375 1480 444 doctrinae
1494 373 1620 442 studiis
1634 374 1787 448 dederet.
1844 374 1993 451 Audivit
2010 382 2119 472 igitur

105 479 146 546 in
161 490 257 548 tanta
271 500 388 547 rerum
409 476 669 567 copialnecesse
689 491 740 548 est
764 476 851 545 alias
871 476 976 545 aliam
999 500 1083 566 pro·
1136 472 1340 558 Platonem,
1364 487 1482 544 necut
1494 475 1590 543 canis
1606 497 1624 543 e
1639 471 1722 545 Nilo
1738 477 1828 547 bibit
1840 479 1998 568 fugiens,
2024 486 2115 554 cele-
2135 500 2139 507 ·

105 579 194 669 poni
211 577 406 661 materiam,
430 600 494 645 nec
509 577 616 645 simul
631 577 707 646 dici·
720 577 840 646 omnia
854 587 1018 668 possunt)
1030 575 1085 644 vi-
1136 573 1222 642 riter
1247 574 1391 666 reliquit
1417 576 1613 644 doctorem:
1647 576 1721 662 ,sed
1758 590 1913 667 ternpore
1936 596 1980 652 et
2009 585 2114 675 longa

108 702 184 746 sum
200 691 250 746 est
265 679 308 745 de
320 675 522 747 Aristotelis
538 678 608 749 vita
622 690 656 747 et
665 672 895 770 Philosophia
913 679 1083 769 quaedam
1136 674 1322 743 collatione
1338 675 1589 745 sententiarum
1606 699 1694 765 opus
1718 699 1792 746 esse
1813 678 1952 753 sciebat.
2004 682 2115 755 Vide·

106 780 231 848 dicere.
289 775 437 847 Prodest
459 777 570 863 enim,
600 777 738 848 deditos
761 773 917 848 honestis
939 778 1085 861 artibus,
1136 776 1197 844 bat
1216 776 1409 865 plurimum
1433 779 1599 845 interesse
1623 778 1717 846 iuter
1738 792 1904 872 tyronum
1929 793 1963 851 et
1983 786 2116 871 perito·

106 879 160 947 sui
176 900 340 969 quenque
355 878 491 967 generis
505 879 653 947 artifices
666 901 789 958 nosse,
822 893 992 949 eteorum
1010 892 1083 947 stu·
1135 899 1215 944 rum
1239 876 1379 948 iudicia.
1430 876 1614 946 Platonem
1636 878 1744 965 igitur
1766 903 1878 947 annos
1901 879 2039 950 circiter
2061 885 2116 951 vi-

105 980 163 1047 dia
179 991 214 1046 et
231 977 363 1046 iudicia
379 977 612 1050 considerare.
653 978 705 1050 Ac
720 979 751 1047 si
768 978 928 1068 voluptas
944 979 1085 1069 quaeri·
1137 975 1224 1063 giuti
1240 977 1397 1062 audivit,
1422 981 1620 1066 expendens
1636 979 1797 1062 interim,
1827 1003 1868 1048 ac
1887 994 1926 1049 ut
1941 980 2041 1051 Plato
2062 984 2116 1051 fa·
2236 994 2242 1005 ‘

105 1092 183 1162 tur,
208 1100 271 1146 vos
286 1100 408 1147 omnes
422 1078 571 1168 experiri
595 1074 662 1147 hoc
683 1080 854 1160 arbitror,
886 1074 977 1148 nihil
1003 1079 1084 1147 dul·
1136 1100 1212 1144 cere
1226 1078 1342 1156 iubet,
1368 1100 1508 1148 sursum
1529 1102 1569 1147 ac
1590 1079 1753 1148 deorsum
1777 1080 1961 1170 opiniones
1987 1084 2115 1152 obscu-

105 1179 180 1248 cius
198 1200 271 1246 esse
296 1202 401 1270 quam
425 1191 543 1247 mente
566 1178 696 1249 intueri
720 1180 815 1248 viros
838 1180 1085 1250 antecellentes
1136 1177 1245 1246 riores
1262 1179 1426 1262 volvens,
1453 1194 1487 1248 et
1503 1179 1684 1248 conferens
1700 1192 1855 1248 veterum
1871 1183 2011 1273 scripta.
2044 1182 2113 1252 Le-

103 1279 257 1362 virtute,
290 1278 328 1345 in
345 1278 586 1371 quibusquasi
605 1281 716 1367 ipsam
740 1281 912 1350 virtutum
936 1281 1083 1368 effigiem
1135 1278 1224 1366 gisse
1239 1278 1333 1345 enim
1348 1303 1428 1348 eum
1445 1280 1612 1369 plurima,
1639 1294 1672 1349 et
1687 1279 1796 1370 ipsius
1812 1279 1894 1350 libri
1910 1285 2115 1367 ostendunt,

103 1392 259 1469 spectare
274 1401 339 1447 nos
356 1381 535 1450 sentimus.
596 1379 793 1470 Sapientis,
827 1381 929 1460 iusti,
962 1380 1083 1448 mode-
1135 1379 1198 1470 qni
1211 1392 1368 1447 veterum
1382 1381 1475 1449 dicta
1492 1391 1563 1448 tam
1579 1380 1687 1449 multa
1705 1381 1902 1461 continent,
1936 1396 1976 1451 ut
1997 1396 2114 1473 poste-

102 1478 191 1563 rati,
223 1481 430 1560 constantis,
462 1480 608 1549 benefici
629 1480 799 1570 principis
820 1482 1011 1569 imaginem
1030 1493 1085 1549 at·
1135 1478 1185 1546 ris
1208 1500 1273 1569 pro
1295 1474 1508 1550 bibliotheca
1532 1474 1687 1548 habendi
1711 1481 1799 1550 sint:
1838 1496 1872 1550 et
1892 1484 2114 1572 praedicabat

103 1603 173 1671 que
189 1580 303 1648 ideam
319 1581 529 1668 cogitamus,
554 1604 633 1649 cum
651 1575 849 1668 Augustum
874 1582 977 1651 uobis
998 1604 1084 1673 pro-
1134 1575 1235 1649 Plato
1250 1579 1346 1670 ipse,
1370 1582 1437 1671 qui·
1448 1577 1651 1659 Aristoteli,
1683 1596 1828 1670 propter
1844 1584 2114 1654 tantamlectio·

102 1680 285 1769 ponimus:
309 1702 349 1748 ac
365 1680 507 1749 interim
523 1681 643 1773 quales
657 1680 727 1748 sint
741 1681 823 1750 illae
839 1684 955 1764 dotes,
981 1681 1084 1771 quale
1135 1679 1192 1746 nis
1209 1680 1430 1764 varietatem,
1452 1681 1579 1750 tribuit
1595 1681 1734 1751 lectoris
1749 1706 1890 1753 nomen.
1972 1720 1977 1727 -

102 1779 223 1848 lumen
239 1779 284 1848 sit
297 1781 477 1869 sapientia,
492 1780 808 1873 qualisaequalitas
821 1783 966 1860 iustitia,
981 1781 1084 1871 quale
1237 1778 1348 1850 Multi
1362 1792 1478 1849 autem
1500 1781 1636 1849 nobiles
1655 1781 1723 1848 viri
1749 1805 1789 1850 ex
1814 1795 1886 1853 tota
1906 1780 2052 1853 Graecia
2079 1796 2112 1853 et

101 1881 241 1948 frenum
271 1881 453 1949 variorum
485 1882 685 1951 adfectuum
719 1882 791 1951 siut
820 1880 1016 1949 moderatio
1050 1894 1085 1950 et
1135 1875 1276 1962 Sicilia,
1313 1892 1398 1947 tunc
1420 1875 1570 1950 Athenis
1599 1880 1780 1949 doctrinae
1801 1883 1915 1952 studia
1938 1885 2112 1962 colebant,

103 1981 298 2048 constantia
315 1994 526 2069 reputemus.
582 1975 677 2067 Ergo
707 1980 737 2047 si
759 1980 923 2071 voluptas
944 1992 1083 2049 tanturn
1135 2002 1286 2068 quorum
1307 1978 1514 2048 liberalitate
1530 1980 1905 2066 iuvabantureruditi,
1929 2007 1975 2053 ne
1991 1984 2114 2066 victus,

102 2075 169 2147 hac
184 2080 765 2173 commemorationequaereretur,
783 2094 899 2148 tamen
915 2074 1001 2148 haec
1017 2074 1083 2148 ho-
1134 2100 1179 2146 ne
1195 2078 1300 2162 libri,
1325 2103 1370 2147 ne
1384 2094 1591 2149 ornamenta
1607 2076 1726 2149 schola
1742 2083 1910 2154 deessent.
1961 2081 2114 2174 Fuitque

102 2191 200 2247 nesta
216 2192 249 2248 et
267 2175 410 2248 homine
425 2181 530 2269 digna
547 2180 751 2262 oblectatio,
786 2203 860 2249 non
876 2179 1083 2267 negligenda
1135 2177 1298 2267 inprimis
1319 2179 1506 2247 familiaris
1528 2176 1711 2249 Aristoteli
1726 2178 1908 2250 Eudemus
1922 2181 2113 2275 Syracusa-

103 2291 201 2349 csset.
263 2279 366 2349 Nunc
392 2304 472 2347 cum
505 2281 550 2349 ad
584 2276 675 2349 hauc
710 2281 917 2351 suavitatem
949 2281 1083 2351 utilitas
1133 2299 1218 2361 nus,
1243 2278 1342 2347 cuius
1358 2279 1508 2364 virtute,
1532 2280 1678 2367 opibus,
1703 2280 1907 2365 autoritate,
1932 2283 2111 2351 valdead-

101 2400 227 2466 magna
259 2380 421 2463 accedat,
472 2375 638 2451 historiae
669 2403 879 2472 magnorum
921 2380 1079 2449 virorum
1132 2378 1227 2447 intus
1248 2392 1300 2447 est
1314 2377 1428 2463 Dion,
1455 2400 1535 2448 cum
1556 2395 1745 2471 tyrannum
1759 2379 1969 2474 Dionysium
1996 2406 2036 2451 ex
2052 2381 2112 2453 Si-

102 2479 214 2549 multo
232 2480 371 2548 avidius
396 2484 610 2570 appetendae
633 2493 726 2552 sunt.
789 2478 950 2550 Breviter
974 2481 1082 2569 igitur
1133 2478 1212 2546 cilia
1229 2479 1433 2560 eiiceret‚<et
1447 2481 1643 2546 libertatem
1660 2481 1792 2566 patriae
1809 2483 1990 2549 restituere
2005 2506 2112 2550 cona-

102 2581 146 2647 de
161 2579 233 2648 vita
248 2576 469 2666 Aristotelis,
493 2595 612 2672 postea
626 2582 670 2649 de
686 2602 814 2670 genere
830 2574 1080 2672 Philosophiae
1132 2593 1241 2648 retur.
1291 2578 1502 2670 Quanquam
1524 2579 1632 2664 igitur
1647 2576 1854 2647 Aristoteles
1877 2592 1962 2649 tunc
1984 2581 2022 2646 in
2048 2582 2109 2649 illo

102 2681 227 2750 dicam.
1133 2679 1280 2768 collegio
1305 2679 1423 2748 omnia
1447 2678 1737 2768 eruditescripta
1762 2678 1964 2761 evolvebat,
2006 2693 2039 2748 et
2071 2681 2110 2748 in

202 2777 313 2848 Natus
329 2793 380 2850 est
389 2776 593 2849 Aristoteles
608 2782 645 2848 in
655 2780 875 2866 Macedonia,
901 2797 997 2873 patre
1007 2806 1080 2850 me·
1133 2781 1327 2870 disciplinis
1343 2780 1520 2857 omnibus,
1544 2802 1632 2870 quae
1643 2794 1803 2849 naturam
1815 2780 2039 2869 patefaciunt,
2056 2803 2111 2849 se-

101 2881 180 2948 dico
206 2881 295 2967 regis
318 2880 507 2970 Amyntae.
576 2879 629 2948 Ac
649 2881 843 2948 multorum
872 2883 1080 2949 testimoniis
1132 2881 1217 2949 dolo
1232 2881 1452 2950 elaborabat:
1477 2893 1593 2948 tamen
1609 2878 1689 2948 vivo
1705 2877 1853 2948 Platone
1868 2880 2026 2947 noudum
2045 2904 2113 2969 pu-

102 2992 248 3063 constat‚
274 3001 383 3065 genus
399 2978 473 3044 eius
489 2975 757 3065 abHippocrate
774 2990 892 3048 ortum
909 3002 992 3061 esse,
1019 2981 1081 3069 qui
1131 2981 1223 3049 blice
1248 2981 1385 3061 docuit,
1425 2982 1480 3047 vel
1509 2991 1654 3069 propter
1679 2979 1837 3048 Platonis
1869 2981 2112 3063 reverentiam,
2221 3054 2224 3061 ,

101 3093 136 3149 et
150 3081 224 3167 ipse
237 3080 276 3144 in
294 3073 476 3144 Thessalia
492 3076 554 3143 diu
570 3077 677 3154 vixit,
708 3092 741 3147 et
764 3080 912 3168 posteris
936 3080 1008 3147 suis
1028 3079 1081 3146 ibi
1132 3078 1187 3147 vel
1202 3083 1297 3171 qnod
1317 3103 1397 3148 vere
1411 3079 1461 3147 ita
1477 3079 1638 3160 sentiret,
1671 3092 1818 3148 aetatem
1837 3102 1934 3147 suam
1952 3082 2111 3151 nondum

99 3180 218 3248 sedem
235 3200 275 3244 ac
288 3175 505 3245 domicilium
520 3175 711 3274 constituit.
738 3177 849 3247 Vetus
862 3192 979 3249 autem
995 3201 1080 3247 con·
1131 3179 1214 3248 satis
1229 3179 1427 3249 autoritatis
1441 3180 1485 3247 ad
1501 3179 1698 3248 docendum
1715 3180 1863 3251 adferre.

101 3277 250 3346 suetudo
266 3276 353 3362 fuit,
378 3275 416 3341 in
433 3275 574 3344 familiis
589 3276 762 3347 artificum
780 3279 925 3347 retineri
941 3292 975 3349 et
997 3303 1081 3369 pro·
1232 3278 1338 3368 Quod
1356 3303 1437 3347 vero
1453 3279 1675 3366 multiaiunt
1689 3279 1900 3347 simultatem
1919 3281 2011 3350 inter
2027 3278 2111 3348 Pla-

100 3377 222 3467 pagari
246 3377 355 3446 avitas
376 3388 477 3444 artes.
536 3374 589 3444 lta
611 3378 807 3447 medicinae
827 3380 1078 3468 pussessionem
1132 3392 1250 3448 tonem
1282 3394 1316 3449 et
1344 3376 1439 3449 hunc
1461 3381 1588 3458 foisse,
1631 3378 1695 3447 etsi
1720 3401 1793 3445 non
1815 3379 1928 3448 libero
1949 3376 2113 3449 homines

99 3477 325 3567 Hippocratis
347 3476 531 3566 posteritas
551 3477 612 3545 diu
635 3479 793 3548 retinuit.
852 3475 901 3549 Et
921 3476 1079 3549 Galenus
1130 3480 1296 3550 omnibus
1309 3479 1417 3563 vitiis,
1440 3492 1555 3548 tamen
1574 3501 1635 3565 ego
1650 3479 1773 3545 iudicii
1786 3479 2109 3548 dissimilitudinem

100 3579 236 3671 inquit:
278 3576 362 3646 Iden
393 3576 456 3644 diu
484 3597 557 3643 non
589 3598 660 3643 esse
688 3580 833 3666 scriptas
861 3572 1080 3663 Anatomias,
1130 3580 1173 3646 de
1191 3581 1303 3649 forma
1321 3578 1500 3648 doctrinae
1516 3579 1669 3648 arbitror
1683 3579 1759 3646 sine
1772 3579 1845 3646 odii
1860 3581 2110 3649 etanimorum

99 3680 195 3774 quod
214 3676 433 3748 institutione
443 3675 631 3744 domestica
648 3676 689 3741 ad
706 3676 941 3764 inspiciendas
954 3679 1079 3746 sectiu-
1130 3678 1325 3747 offensione
1341 3679 1463 3747 fuisse:
1485 3690 1525 3746 ut
1542 3700 1643 3768 saepe
1656 3678 1935 3748 coniunctissimi
1949 3674 2113 3748 homines

101 3803 165 3849 nes
185 3779 356 3849 artificum
381 3776 484 3845 liberi
507 3776 592 3842 olim
616 3776 806 3845 adsuefacti
827 3774 907 3848 sint.
960 3775 1079 3863 Quare
1131 3778 1169 3845 in
1186 3792 1330 3861 senatu,
1355 3777 1554 3845 indicenda
1571 3777 1762 3857 sententia,
1787 3780 1864 3845 sine
1882 3780 1954 3846 ulla
1973 3778 2109 3847 acerbi-

101 3895 190 3950 etex
203 3879 313 3950 veteri
325 3876 386 3948 illa
402 3875 674 3958 consuetudine,
697 3888 785 3945 etex
802 3876 927 3945 studiis
943 3873 1080 3946 Aristo·
1131 3889 1200 3945 tate
1216 3878 1443 3947 dissentiunt.
1494 3874 1566 3943 Nec
1580 3878 1647 3944 fuit
1670 3878 1757 3943 adeo
1780 3872 1886 3943 hebes
1903 3874 2111 3945 Aristoteles

100 3982 199 4063 telis,
245 4002 334 4073 quae
356 3990 473 4068 postea
496 3989 612 4044 secuta
633 3990 737 4057 sunt,
782 3975 934 4046 iudicari
955 3989 1081 4067 potest,
1132 3990 1263 4043 utnon
1293 3973 1505 4043 intellexerit
1528 3972 1689 4041 Platonis
1720 3974 1885 4043 virtutes:
1925 3998 1991 4043 nec
2019 3977 2109 4045 adeo

102 4080 199 4148 domi
215 4081 470 4148 adolescentem
486 4072 710 4167 Hippocratis
726 4076 884 4145 doctrina
902 4076 1078 4147 imbutum
1131 4078 1274 4157 ferreus,
1299 4086 1338 4142 ut
1355 4095 1430 4140 non
1445 4086 1671 4142 veneraretur
1687 4095 1756 4141 eas.
1784 4074 1890 4144 Nulla
1906 4076 1975 4144 fuit
1990 4077 2107 4144 cuius·

102 4202 186 4249 esse.
236 4177 325 4248 Nam
342 4204 361 4247 a
377 4193 474 4269 patre
496 4178 707 4247 destinatum
730 4197 802 4244 esse
826 4177 980 4246 medicae
1001 4176 1082 4260 arti,
1132 4197 1237 4265 quam
1252 4174 1452 4266 eloquentia
1476 4187 1591 4256 tauta,
1617 4173 1715 4242 cuius
1737 4188 1854 4245 extent
1879 4189 2109 4246 monumenta

102 4281 186 4348 inde
200 4278 359 4368 adparet,
384 4281 478 4371 quod
500 4278 621 4346 scribit
636 4270 840 4345 Athenaeus
862 4275 923 4351 tib.
938 4278 973 4350 8.
994 4278 1080 4346 ado-
1132 4275 1170 4342 in
1185 4274 1315 4359 literis,
1336 4287 1470 4367 quanta
1483 4287 1535 4344 est
1549 4273 1717 4344 Platonis.
1760 4273 1833 4346 Res
1845 4277 2000 4346 continet
2014 4277 2107 4344 mul-

101 4382 287 4449 lescentem
302 4373 451 4447 Athenis
466 4373 771 4467 pharmacopolam
788 4376 907 4449 fuisse.
1131 4389 1184 4446 tas
1208 4374 1463 4467 sapientissime
1488 4374 1673 4464 cogitatas,
1712 4376 1843 4445 deinde
1871 4377 2041 4466 splendor
2069 4376 2108 4444 in

206 4477 314 4546 Venit
326 4494 441 4547 autem
457 4473 613 4547 Athenas
634 4492 736 4547 natus
761 4499 873 4546 annos
897 4479 1080 4566 septende·
1131 4476 1346 4565 expositione
1374 4489 1494 4546 tantus
1521 4491 1591 4561 est,
1627 4487 1668 4547 ut
1697 4477 1842 4568 quidam
1869 4491 2002 4547 veteres
2033 4500 2107 4545 nun

102 4581 183 4651 cim.
233 4575 366 4646 Didicit
379 4579 488 4666 igitur
501 4577 700 4646 adolescens
713 4572 905 4671 Physicen,
935 4579 1080 4647 morbo-
1131 4578 1250 4668 inepte
1278 4576 1455 4658 dixerint,
1496 4574 1632 4659 lovem,
1670 4576 1700 4644 si
1729 4578 1912 4648 locuturus
1934 4590 2021 4646 esset
2040 4602 2108 4645 no-

101 4705 183 4750 rum
199 4700 320 4750 causas
335 4690 369 4746 et
384 4677 547 4760 remedia,
565 4678 763 4765 plantarum
777 4692 810 4748 et
824 4679 972 4747 aliarum
986 4678 1080 4746 mul-
1130 4676 1285 4763 hiscum,
1324 4675 1484 4746 Platonis
1516 4699 1678 4743 sermone
1708 4700 1854 4746 usurum
1881 4699 1967 4750 esse.
2027 4674 2107 4746 Hoc

103 4795 217 4851 tarum
234 4803 350 4848 rerum
366 4777 560 4847 salubrium
578 4789 731 4847 naturas.
767 4777 864 4849 Haec
880 4778 1078 4847 rudimenta
1130 4791 1267 4849 tantum
1283 4778 1398 4856 decus,
1413 4776 1493 4845 talis
1506 4788 1632 4843 natura
1646 4776 1759 4867 qualis
1774 4776 1812 4843 in
1819 4772 2008 4846 Aristotele
2022 4790 2107 4860 erat,

101 4905 309 4970 generosum
325 4880 503 4957 animum,
523 4877 580 4945 cui
595 4888 718 4945 natura
738 4902 832 4948 acres
855 4881 897 4948 ad
915 4872 1079 4947 Philoso-
1128 4872 1226 4948 haud
1243 4875 1351 4945 dubie
1367 4890 1400 4944 et
1415 4876 1614 4945 mirabatur
1627 4888 1662 4945 ct
1677 4877 1838 4962 amabat,
1861 4890 1972 4945 utres
1987 4891 2105 4946 osten-

101 4978 221 5073 phiam
244 4984 396 5074 impetus
418 4979 608 5061 inseverat,
632 4976 734 5046 facile
756 4983 1006 5049 accenderunt:
1039 4991 1080 5048 ut
1129 4977 1192 5044 dit.
1231 4974 1310 5045 Etsi
1327 4977 1423 5045 enim
1436 4975 1618 5047 Platonica
1632 4978 1803 5067 quaedam
1820 4978 1964 5062 refutat,
1988 4991 2106 5048 tamen

101 5107 182 5152 cum
197 5082 348 5151 venisset
361 5076 536 5162 Athenas,
561 5101 650 5171 quae
670 5091 755 5146 tunc
778 5094 876 5148 erant
897 5078 1078 5149 doctrinae
1128 5078 1257 5147 multas
1273 5078 1319 5145 ab
1336 5078 1589 5159 eo'sententias‚
1616 5076 1725 5144 mult-a
1741 5093 1947 5149 ornamenta
1963 5092 2105 5148 mutua-

101 5182 341 5266 domicilium,
385 5207 423 5250 ac
445 5179 698 5270 disputationes
722 5179 940 5249 eruditorum
967 5182 1079 5267 degu—
1128 5189 1206 5249 tur.·
1247 5175 1523 5257 Dicituretiam,
1554 5190 1594 5247 ut
1608 5177 1857 5265 gratitudinem
1873 5203 1972 5250 snam
1989 5180 2106 5247 decla·

102 5297 240 5368 stasset,
271 5284 416 5375 propius
429 5283 582 5374 aspicere
596 5295 760 5352 naturam
773 5292 931 5371 cuperet,
964 5295 997 5352 et
1015 5304 1074 5371 pe-
1126 5289 1240 5358 raret,
1272 5302 1369 5349 aram
1388 5277 1548 5357 Platoni,
1577 5292 1618 5348 ut
1638 5273 1763 5351 heroas
1780 5278 1905 5350 Graeci
1932 5281 2106 5362 colebant,
