4732 6030
98 221 104 232 ’
194 248 270 326 sss

197 445 274 507 sus,
307 445 414 514 quam
440 416 548 493 hodie
574 431 700 488 vocant
731 414 923 507 Algebram
951 419 1091 489 arabico
1118 441 1186 487 no·

197 526 305 597 mine.
357 522 474 595 Huius
496 521 659 614 equidem
682 521 766 591 artis
789 515 1048 612 pulcherrimae
1076 521 1187 590 multa

197 628 392 717 fragmenta
408 624 535 715 passim
552 620 673 692 Latini
694 636 930 704 contrectant,
958 622 1188 714 paucissimos

199 744 316 800 autem
342 726 476 814 egregie
499 721 632 794 Doctos
662 726 805 795 offendo
832 739 952 794 nostra
984 737 1188 815 tempestate

198 845 278 922 post
310 825 480 896 loannem
513 831 557 895 de
583 823 811 911 Blanchinis,
851 829 967 896 virum
1000 829 1186 918 optimum.

198 929 359 1000 Habetur
375 931 517 997 demum
535 932 627 1019 apud
642 944 782 999 nostros
799 929 1096 1021 quadripartitum
1120 953 1188 997 nu-

198 1030 504 1121 merorum‚'0pus
519 1031 656 1120 insigne
674 1032 878 1110 admodum,
905 1031 988 1100 item
1006 1026 1189 1119 Algorith-

198 1157 278 1204 mus
300 1134 577 1215 demonstratus,
604 1145 639 1202 et
660 1132 894 1202 Arithmetica
912 1131 1049 1211 boetii,
1076 1131 1189 1200 intro-

199 1235 319 1307 ductio
347 1258 388 1303 ex
411 1230 549 1303 Graeco
573 1229 789 1306 Nicomacho
817 1247 966 1326 sumpta.
1026 1232 1189 1302 Barlaam

198 1349 376 1429 postremo
412 1333 570 1405 Graecus
610 1337 882 1430 computativam
919 1360 1018 1406 suam
1059 1337 1096 1403 in
1130 1358 1190 1404 sex

198 1439 301 1509 libris
325 1432 602 1507 Theorematum
639 1439 714 1530 lege
744 1438 997 1529 conscriptam,
1028 1440 1189 1506 nondum

200 1546 245 1613 ad
277 1539 425 1612 Latinos
454 1541 649 1610 transmisit
680 1535 962 1610 Mathematicos.
1020 1539 1190 1610 Stetimus

200 1641 271 1715 huc
284 1665 397 1734 usque
418 1641 510 1710 circa
524 1641 728 1734 disciplinas
749 1643 949 1735 primarias,
984 1665 1074 1734 quae
1091 1642 1191 1708 vide-

199 1748 283 1817 licet
297 1742 494 1814 absolutam
509 1746 794 1836 contemplantur
806 1744 1049 1837 quantitatem.
1087 1741 1191 1812 Nunc

200 1851 246 1918 ad
270 1844 494 1917 secundarius
519 1847 708 1927 descendo,
734 1871 822 1940 quae
843 1847 936 1915 circa
958 1845 1190 1938 quantitatem

200 1961 379 2020 contracto
397 1948 549 2038 quodam
566 1949 673 2017 modo
690 1961 894 2033 versantur,
921 1970 1044 2018 suaves
1062 1948 1191 2015 mirum

200 2053 240 2121 in
265 2051 410 2119 modum
438 2061 472 2118 et
494 2049 582 2119 scitu
604 2050 888 2122 iucundissimae.
950 2049 1192 2137 Quemadmo-

201 2156 288 2224 dum
308 2149 403 2219 enim
427 2150 645 2220 diversarum
668 2177 786 2222 rerum
809 2150 1024 2243 simplicium
1049 2173 1192 2240 compa-

200 2255 281 2345 gine
305 2264 403 2342 grata
426 2255 598 2343 quaedam
625 2255 736 2344 surgit
757 2253 959 2342 temperies:
993 2253 1040 2320 ita
1063 2275 1191 2320 unam-

200 2377 366 2451 quanque
382 2347 508 2423 harum
525 2357 722 2444 promiscua
736 2356 863 2424 obiecti
879 2354 934 2424 sui
955 2352 1191 2422 consideratio

201 2455 397 2527 intellectui
422 2456 754 2527 desideratissimam
788 2457 911 2540 efficit,
944 2455 1065 2547 quales
1092 2467 1190 2523 sunt:

200 2555 451 2642 Astronomia,
484 2582 574 2651 quae
603 2558 883 2648 magnitudinem
916 2557 1085 2625 mobilem
1111 2579 1191 2645 per-

24 2647 36 2655 ,
146 2697 149 2700 >
200 2673 343 2744 tractat,
376 2657 533 2744 Musica,
559 2683 650 2753 quae
672 2683 840 2731 numeros
865 2682 1012 2728 sonoros
1033 2672 1192 2728 contem-

200 2764 336 2857 platur;
370 2760 612 2852 Perspectiva,
647 2788 737 2856 quae
763 2763 891 2831 lineam
915 2760 1081 2830 radialem
1106 2784 1191 2828 con-

200 2878 336 2938 trectat.
388 2858 573 2933 Accedunt
595 2862 741 2955 insuper
772 2864 860 2933 aliae
886 2864 1004 2932 minus
1035 2862 1191 2944 usitatae,

199 2980 306 3039 utest
326 2966 471 3035 scientia
492 2968 535 3034 de
559 2967 794 3056 ponderibus,
821 2968 865 3034 de
885 2988 996 3058 aquae
1017 2964 1191 3047 ductibus,

202 3069 247 3137 de
267 3068 500 3157 proportione
521 3069 747 3138 velocitatum
766 3070 805 3137 in
827 3069 1003 3149 motibus,
1030 3081 1063 3135 et
1079 3079 1191 3135 caete-

200 3191 274 3239 rae.
327 3166 426 3237 lnter
447 3191 569 3235 omnes
592 3184 707 3238 autem
724 3165 826 3238 hasce
843 3169 1048 3260 disciplinas
1064 3164 1190 3238 Astro-

201 3268 324 3340 nomia
348 3270 461 3336 instar
477 3266 688 3356 Margaritae
709 3295 782 3338 non
807 3274 915 3338 modo
939 3294 1076 3339 sorores
1098 3293 1191 3359 suas,

855 253 1016 327 DECL.
1067 252 1141 327 DE
1183 251 1558 329 ALFRAGANO.

2158 268 2236 346 ⁶36

1240 434 1309 490 teus
1332 440 1453 487 versus
1482 417 1621 487 mutari.
1670 416 1811 488 Deinde
1835 417 2060 495 Ptolemaeus
2089 428 2238 508 inventa

1240 521 1436 613 priscorum
1453 542 1653 603 resumens,
1677 534 1712 590 et
1727 522 2074 600 considerationibus
2087 535 2161 606 suis
2178 561 2240 608 ac-

1240 624 1485 706 commodans,
1511 636 1646 691 moturu
1672 617 1878 691 huiusmodi
1903 626 1940 694 in
1966 645 2107 704 centum
2130 640 2239 710 aunis

1240 747 1437 815 perunum
1468 727 1615 813 gradum
1637 725 1906 814 pronunciavit,
1934 739 2236 822 quemadmodum

1241 826 1279 893 in
1304 827 1449 917 septima
1466 827 1620 895 dictione
1641 849 1690 896 ca.
1707 831 1743 898 8.
1768 828 1902 897 intueri
1922 833 2016 909 licet.
2067 838 2236 917 Succedit

1241 922 1370 996 Theon
1383 923 1658 1005 Alexandrinus,
1684 945 1939 1002 commentator
1954 932 2146 1013 Ptolemaei
2160 947 2234 1016 cla-

1241 1029 1420 1112 rissimus,
1462 1030 1561 1098 cuius
1591 1023 1708 1098 adhuc
1733 1030 1860 1122 scripta
1893 1059 1998 1109 nemo
2024 1043 2125 1114 docte
2150 1049 2235 1118 satis

1242 1131 1437 1200 traduxisse
1460 1131 1626 1199 creditur.
1678 1130 1816 1202 Multos
1838 1137 1992 1232 denique
2021 1137 2128 1215 huius
2150 1151 2236 1219 artis

1242 1255 1383 1321 graecos
1398 1229 1620 1301 Professores
1639 1233 1781 1303 silentio
1805 1246 2081 1324 praetereundos
2101 1268 2237 1337 censeo,

1242 1358 1288 1403 ne
1303 1333 1445 1403 fastidio
1464 1335 1679 1402 afficiamini.
1712 1331 1847 1407 Arabes
1864 1355 2043 1430 praeterea
2061 1366 2234 1443 quantum

1242 1437 1281 1504 in
1301 1430 1369 1505 hoc
1390 1459 1517 1523 genere
1536 1437 1664 1505 artium
1686 1438 1882 1524 valuerint,
1917 1456 2021 1516 testes
2041 1455 2236 1527 ostendunt

1243 1538 1442 1626 dignissimi
1456 1534 1703 1627 Albateguius,
1728 1562 1837 1631 quem
1859 1543 2009 1617 latinum
2032 1552 2116 1623 lecit
2132 1553 2236 1627 Plato

1243 1641 1387 1732 quidam
1416 1639 1641 1714 Tiburtinus.
1705 1638 1793 1710 ltem
1820 1640 1942 1715 Gebar
1968 1647 2234 1743 Hispalensisa

1244 1741 1404 1811 Gerardo
1439 1743 1594 1833 quodam
1624 1739 1856 1813 Cremonensi
1891 1750 2092 1840 traductus,
2123 1782 2231 1849 quem

1244 1840 1412 1913 Albertus
1429 1842 1582 1932 Magnus
1600 1843 1637 1910 in
1652 1845 1794 1935 speculo
1809 1853 2041 1924 astronomiae
2054 1873 2230 1929 correcto-

1243 1969 1317 2013 rem
1330 1944 1520 2015 Ptolemaei
1538 1968 1661 2013 vocare
1678 1971 1751 2014 non
1766 1947 1945 2032 formidat,
1963 1958 2057 2046 quod
2073 1959 2112 2027 in
2127 1983 2230 2050 prae.

1242 2046 1376 2115 fatione
1402 2069 1463 2114 sna
1485 2049 1651 2114 tredecim
1674 2047 1865 2119 Ptolemaei
1887 2077 2025 2125 errores
2049 2064 2236 2133 emendare

1243 2149 1468 2238 polliceatur:
1509 2149 1609 2217 cuius
1652 2150 1819 2218 volumen
1856 2176 1984 2224 novem
2021 2171 2233 2233 tractatuum

1243 2273 1348 2343 quam
1373 2244 1560 2341 pulchrum
1586 2263 1690 2342 atque
1714 2253 1801 2321 utile
1825 2255 1966 2337 existat,
1992 2261 2136 2334 dicendi
2160 2289 2235 2335 non

1244 2364 1296 2420 est
1312 2374 1408 2419 nunc
1423 2352 1529 2420 locus.
1565 2352 1759 2441 Alfregano
1776 2354 1940 2449 deinceps
1954 2365 2088 2433 nudam
2102 2364 2231 2437 Astro-

1243 2453 1384 2521 nomiae
1416 2454 1582 2523 scribenti
1616 2449 1800 2524 historiam
1829 2456 1991 2548 ingentes
2023 2460 2232 2539 habebimus

1243 2553 1389 2644 gratias,
1414 2556 1445 2622 si
1460 2556 1749 2626 doctrinam‘eius
1771 2562 1995 2635 senserimus.
2047 2566 2156 2638 lndos
2170 2572 2234 2641 de·

1243 2680 1342 2725 mum
1366 2670 1472 2749 atque
1493 2654 1615 2725 Persas
1640 2653 1724 2727 huic
1746 2660 1869 2730 divino
1892 2667 2010 2736 studio
2034 2670 2231 2758 plurimum

1243 2759 1447 2827 incubuisse
1469 2771 1623 2841 constat,
1649 2782 1731 2827 nam
1754 2763 1808 2830 illi
1830 2764 1971 2855 quidem
1990 2772 2231 2858 vetustissimi,

1244 2860 1518 2930 declinationem
1533 2858 1627 2929 Solis
1642 2863 1829 2932 maximam
1844 2864 1895 2938 24
1916 2870 2086 2957 graduum
2102 2873 2230 2965 depre-

1243 2957 1462 3046 henderunt,
1503 2961 1561 3031 isti
1583 2986 1665 3030 vero
1691 2966 1829 3035 tabulas
1851 2992 1932 3039 suas
1953 2973 2100 3062 posteris
2123 2974 2229 3045 nobis

1244 3064 1475 3156 reliquerunt.
1529 3059 1585 3131 Aa!
1604 3063 1752 3135 Latinos
1767 3083 1945 3158 postremo
1972 3075 2132 3157 venitur,
2165 3076 2227 3169 qui

1243 3190 1390 3235 munera
1416 3160 1522 3235 huius
1545 3164 1754 3255 disciplinae
1774 3170 1985 3243 creberrima
2016 3200 2036 3245 a
2067 3179 2232 3268 praelatis

1243 3268 1448 3337 nationibus
1480 3289 1672 3357 suscepere.
1722 3268 1810 3336 Nam
1834 3283 1874 3339 ut
1897 3275 2031 3344 multos
2059 3281 2235 3362 omittam,

201 3371 356 3463 reliquas
384 3369 530 3462 inquam
560 3369 723 3439 scientias
753 3371 905 3449 medias,
937 3395 1057 3440 verum
1085 3370 1190 3438 etiam
1243 3369 1435 3439 Patavinns
1458 3382 1571 3437 vester
1588 3370 1710 3438 Petrus
1733 3372 1777 3437 de
1797 3366 2234 3453 Abanocommemoran-

200 3473 362 3545 omnium
401 3471 670 3561 disciplinarum
712 3486 841 3543 matres
876 3468 1115 3541 Geometriam
1158 3483 1191 3540 et
1244 3473 1310 3540 dus
1324 3484 1393 3555 est,
1417 3470 1518 3538 cuins
1535 3471 1717 3559 ingenium
1733 3468 1850 3540 Gallia
1871 3469 2100 3549 vehementer
2115 3486 2234 3552 admi-

200 3570 471 3648 Arithmeticam
496 3573 600 3663 longe
620 3575 818 3655 antecellit,
844 3574 944 3644 cuius
967 3586 1083 3642 ortum
1108 3597 1190 3664 prae
1243 3587 1317 3644 rata
1333 3586 1396 3658 est,
1420 3596 1462 3641 eo
1478 3573 1572 3640 enim
1589 3574 1760 3644 concessit
1774 3568 2024 3669 Philosophiae
2042 3581 2231 3652 discendae

200 3688 371 3747 vetustate
398 3675 508 3743 nimia
539 3670 634 3747 haud
664 3678 748 3746 satis
779 3675 1035 3767 comperimus,
1071 3677 1119 3744 ita
1149 3687 1191 3745 ut
1243 3675 1364 3765 gratia.
1403 3672 1589 3744 Praetereo
1605 3699 1754 3745 acumen
1770 3677 1845 3746 eius
1859 3679 1898 3745 in
1913 3680 2104 3767 medicina,
2130 3688 2228 3776 qnod

200 3792 376 3849 aeternam
395 3780 605 3848 autmundo
623 3791 820 3849 concretam
844 3803 915 3848 non
942 3779 1062 3872 inique
1085 3792 1188 3869 puta·
1242 3777 1343 3846 facile
1377 3800 1419 3844 ex
1455 3777 1683 3846 conciliatore
1715 3801 1779 3848 suo
1817 3780 2030 3866 dinoscitur,
2068 3783 2227 3874 linguam

200 3880 303 3951 veris.
345 3874 529 3949 Abraham
545 3882 638 3950 enim
654 3880 898 3950 Hebraeorum
914 3895 1048 3972 patrem
1066 3881 1190 3951 Astro-
1243 3877 1415 3948 Graecam
1429 3881 1530 3947 docte
1546 3879 1672 3963 tenuit,
1691 3881 1869 3970 egregium
1882 3883 2131 3973 disputatorem
2145 3910 2227 3956 eum

200 3983 357 4053 nomiam
373 3983 527 4053 tenuisse
541 3983 706 4071 clamant,
730 3995 834 4076 atque
849 3982 989 4054 Mosen.
1042 3981 1189 4052 Prome-
1241 3982 1367 4065 fuisse,
1391 3979 1585 4049 Lucidator
1600 3978 1850 4051 Astronomiae
1864 3985 1963 4054 testis
1979 4000 2047 4069 est,
2072 3987 2231 4078 singula-

198 4080 281 4159 theo
296 4084 388 4175 iguis
404 4085 518 4152 divini
534 4085 668 4154 lurtum
684 4085 878 4174 imputant,
904 4088 997 4174 quod
1015 4082 1190 4155 Astrono-
1241 4108 1317 4152 rem
1338 4085 1383 4152 de
1402 4096 1503 4152 motu
1529 4098 1674 4153 octavae
1696 4079 1844 4175 spherae
1874 4086 2164 4176 imaginationem
2191 4091 2232 4158 in

199 4188 290 4256 miae
306 4188 428 4255 lumen
444 4186 652 4254 mortalibus
668 4184 865 4256 tradiderit.
917 4184 1105 4254 Herculem
1124 4211 1189 4276 pro
1242 4185 1369 4259 libello.
1389 4188 1542 4278 quodam
1566 4210 1630 4255 suo
1654 4187 1831 4275 expressit
1884 4187 1980 4276 Quid
2006 4190 2128 4260 multis
2153 4216 2233 4261 ruo·

199 4282 345 4358 Atlante
374 4285 511 4354 coelum
540 4279 698 4354 humeris
726 4286 798 4354 suis
830 4285 1037 4353 sustinuisse
1071 4288 1189 4357 aiunt:
1243 4288 1327 4357 ror?
1368 4287 1546 4356 recentior
1577 4288 1711 4358 occurit
1745 4301 1970 4359 astronomus
2002 4289 2154 4362 loannes
2187 4297 2233 4364 de

200 4389 273 4459 sive
290 4387 387 4480 quod
402 4382 896 4455 subAtlanteAstrouomiam
913 4386 1095 4471 didicerit,
1116 4389 1190 4458 sive
1241 4386 1400 4474 Dondis,
1428 4389 1516 4458 civis
1534 4408 1646 4460 vester
1669 4390 1901 4459 clarissimus:
1928 4393 1990 4484 qui
2008 4409 2181 4486 quantum
2197 4410 2232 4465 et

201 4491 297 4583 quod
315 4489 352 4557 in
375 4509 484 4576 regno
500 4487 575 4556 eius
592 4487 746 4556 absentis
762 4486 955 4577 praefectus
981 4487 1189 4580 aliquandiu
1242 4516 1347 4585 quam
1370 4515 1453 4560 vere
1479 4492 1643 4562 divinum
1671 4487 1738 4559 hoc
1762 4493 1919 4561 studium
1949 4492 2099 4566 coluerit
2125 4511 2232 4589 atque

198 4591 306 4661 fuerit
330 4585 576 4680 Hipparchus,
602 4604 719 4660 tamen
736 4584 924 4678 Rhodius,
958 4585 1064 4681 huius
1084 4591 1189 4660 disci·
1242 4609 1450 4665 consecutus
1472 4594 1536 4675 sit,
1561 4591 1733 4685 reliquiae
1757 4616 1841 4661 suae
1862 4594 2081 4666 immortales
2100 4600 2232 4681 ¹docere

199 4692 318 4783 plinae
332 4692 467 4783 primus
482 4716 624 4785 parens:
650 4690 822 4763 Claudius
837 4707 952 4763 autem
968 4692 1189 4763 Ptolemaeus
1243 4707 1421 4786 poterunt.
1472 4694 1734 4786 Nunquidnon
1758 4710 1954 4765 memoratu
1969 4697 2117 4786 dignum
2132 4701 2231 4770 arbi-

198 4795 461 4866 Alexandrinus
484 4811 606 4880 autor,
638 4809 744 4888 atque
771 4795 935 4886 princeps
959 4821 1032 4865 non
1057 4795 1188 4865 iniuria
1241 4797 1391 4867 treberis
1412 4797 1599 4867 astrarium
1623 4792 1715 4876 eius,
1754 4803 1848 4888 quod
1875 4821 1953 4866 arce
1975 4802 2133 4890 papiensi
2159 4803 2232 4870 dux

198 4896 472 4990 praedicabitur.
522 4895 612 4968 Nam
636 4913 718 4969 ante
733 4893 978 4987 Hipparchum
1000 4901 1101 4990 pauci
1125 4903 1188 4969 ad·
1241 4898 1437 4969 Mediolani
1460 4899 1660 4988 depositum
1688 4893 1794 4967 hodie
1816 4912 1928 4982 tenet,
1961 4902 2062 4971 cuius
2083 4902 2231 4972 videndi

198 5000 346 5069 modum
361 5012 534 5069 astrorum
548 5015 664 5071 motus
679 5001 840 5093 expedite
850 5003 1076 5091 contemplati
1089 5016 1187 5073 sunt:
1240 5001 1350 5091 gratia
1368 4998 1520 5070 Praelati
1533 5025 1573 5069 ac
1587 5000 1770 5091 Principes
1784 5001 1964 5071 innumeri
1979 5005 2023 5072 ad
2044 5028 2124 5072 eum
2143 5029 2231 5074 con·

199 5124 305 5170 nemo
322 5115 438 5172 autem
456 5127 599 5191 prorsus
613 5105 730 5174 stellas
747 5105 831 5171 lixas
847 5102 916 5170 alio
934 5128 1038 5195 quam
1055 5105 1188 5172 diurno
1240 5126 1370 5172 cessere
1391 5102 1508 5172 locum
1534 5106 1633 5197 quasi
1654 5103 1866 5172 miraculum
1889 5105 2068 5195 quoddam
2095 5120 2232 5198 specta-

198 5216 300 5273 motu
320 5203 537 5273 circumferri
568 5220 768 5296 putaverat,
798 5204 854 5274 cui
884 5205 935 5273 rei
960 5200 1187 5296 Hipparchus
1239 5204 1336 5274 turi?
1360 5205 1551 5299 etquidem
1576 5231 1650 5275 non
1667 5203 1816 5288 iniuria,
1843 5217 1936 5275 tanta
1961 5231 2088 5299 nempe
2107 5223 2229 5280 ettam

199 5304 321 5374 oculos
335 5305 462 5375 adiecit
480 5308 689 5388 crebriores,
713 5306 955 5399 conclusitque
977 5320 1187 5376 memoratas
1238 5307 1276 5375 in
1292 5306 1419 5378 usitata
1436 5304 1681 5379 huiuscemodi
1690 5306 1807 5397 operis
1821 5303 2050 5397 pulchritudo
2063 5325 2113 5382 est
2124 5323 2234 5405 atque

200 5406 316 5477 stellas
337 5423 438 5480 motu
453 5410 604 5502 quodam
620 5409 764 5502 proprio
788 5430 828 5477 ac
849 5408 1049 5512 tardissimo
1066 5408 1186 5477 orien-
1237 5407 1393 5495 utilitas,
1416 5424 1457 5482 ut
1476 5434 1582 5481 nemo
1597 5433 1672 5481 nou
1688 5408 1799 5500 possit
1814 5409 1994 5480 admirari.
2042 5408 2135 5484 Ecce
2150 5438 2230 5483 mo·
