4732 6030
193 231 268 309 tes
849 201 1009 278 uren
1043 197 1117 272 nis
1150 131 1295 267 vira
1328 160 1560 268 eiiam.
2150 194 2237 272 49,

191 406 289 476 liano
315 418 396 467 cum
417 389 553 462 videret
576 380 675 453 hunc
701 373 892 451 abhorrere
914 398 935 445 a
956 368 1092 446 Christi
1116 392 1184 439 no-
1233 361 1472 454 cogitationes.
1495 354 1575 431 Etsi
1591 374 1708 432 autem
1722 355 1809 431 haec
1822 360 1986 434 socordia
1995 362 2053 434 vel
2070 368 2226 439 amentia

189 492 289 577 'mine
336 512 371 572 et
392 494 574 566 restituere
593 482 710 566 idola,
743 478 869 551 defecit
891 490 925 547 et
945 476 1019 567 ipse
1041 467 1183 544 aChri·
1233 464 1351 558 potius
1369 459 1575 548 hominum,
1603 463 1863 581 vituperatione
1881 464 1987 556 digna
2010 480 2081 548 est,
2108 481 2226 541 tamen

192 552 318 681 atiani’s
363 598 481 688 eisque
495 591 534 657 in
548 584 695 678 gratiam
710 578 938 674 Imperatoris
954 575 1092 648 rabiose
1108 596 1184 641 ma·
1234 565 1346 654 magis
1364 564 1419 632 illi
1441 563 1504 657 qui
1526 564 1692 636 destinati
1714 565 1896 682 doctrinae
1909 562 2229 661 acPhilosophiae,

193 654 338 780 lediiit:
383 698 434 766 lta
449 689 562 762 animi
575 685 788 757 sententiam
804 684 847 751 de
863 679 1034 770 religione
1048 674 1185 744 inflexit
1234 678 1465 737 contemnunt
1479 678 1626 737 naturae
1639 665 1921 759 inquisitionem,
1941 665 2227 759 reprehendendi

194 813 240 883 ad
260 801 468 891 Principum
497 793 708 862 voluntates.
765 782 847 854 Non
871 782 940 853 luit
965 794 1082 851 autem
1103 777 1185 846 diu·
1235 782 1329 840 sunt.
1381 765 1595 884 Quanquam
1617 767 1715 886 enipi
1728 790 1801 886 upn
1820 769 2072 859 postulandum
2091 789 2161 861 est,
2186 791 2228 848 ut

194 892 298 986 torna
320 896 481 998 tyrannis
497 892 650 974 luliani,
672 888 734 959 sed
751 885 870 958 statim
890 880 1055 954 successit
1068 876 1186 950 lovia-
1235 869 1299 941 uni
1317 869 1436 937 studio
1459 891 1583 986 omnes
1605 869 1716 938 dediti
1740 882 1829 986 srnt,
1855 892 1939 940 nam
1956 871 2048 944 vitae
2065 899 2155 968 opus
2176 893 2229 949 est

123 1051 126 1060 ·
195 1033 263 1084 nus
292 1008 410 1076 bonus
443 1011 479 1068 et
511 994 592 1088 pius
617 991 806 1081 Princeps,
841 985 907 1057 ubi
939 1006 1020 1055 cuin
1053 980 1188 1050 videret
1236 970 1359 1041 multis
1382 992 1422 1037 ac
1443 969 1675 1039 dissimilibus
1699 971 1855 1056 artibus,
1880 986 1916 1043 et
1931 995 2016 1044 suus
2030 977 2158 1070 cuique
2173 981 2229 1049 lo-

194 1111 308 1185 multo
324 1105 460 1176 maiore
475 1100 514 1168 in
530 1096 614 1166 odio
632 1115 705 1163 esse
719 1091 812 1170 illos,
839 1087 902 1181 qui
914 1101 954 1158 ut
967 1095 1187 1155 assentaren-
1237 1094 1310 1156 cus,
1334 1087 1418 1140 suus
1431 1064 1547 1139 honos
1565 1070 1776 1142 tribuendus
1791 1084 1853 1157 est,
1878 1086 1996 1144 tamen
2012 1090 2064 1147 est
2079 1072 2231 1149 humani

195 1230 256 1288 tur
274 1209 436 1287 luliano,
458 1200 657 1271 defecerant
680 1189 881 1273 aCliristo,
906 1209 1013 1280 qnam
1034 1196 1188 1254 caeteros
1238 1171 1370 1254 animi,
1398 1171 1556 1263 primum
1584 1167 1677 1290 hil-¹1⁰
1701 1174 1919 1260 d⁰⁶lri¹¹⁸ffl2
1952 1199 2045 1269 (1⁰³⁰
2066 1192 2231 1251 naturam

194 1311 390 1388 Ethnicos,
416 1323 539 1374 rursus
556 1300 631 1390 ipse
653 1318 726 1364 sese
749 1292 893 1375 retexit,
916 1288 1008 1358 redit
1021 1287 1066 1356 ad
1081 1280 1189 1355 Chri·
1238 1274 1338 1369 quasi
1356 1274 1532 1389 evolutam
1548 1274 1655 1342 nuliis
1666 1277 1900 1393 spectandam·
1907 1279 2088 1369 proponit,
2103 1304 2231 1367 amare,

197 1416 331 1489 etianos
374 1405 496 1478 abiicit
518 1426 554 1472 se
570 1402 614 1470 ad
633 1395 756 1488 templi
771 1394 886 1472 fores,
910 1389 1008 1460 iubet
1029 1411 1066 1458 se
1086 1383 1189 1478 pedi·
1239 1389 1275 1445 et
1290 1373 1542 1463 magnifacere,
1564 1375 1751 1466 decerpere
1765 1389 1871 1445 etiam
1889 1380 1973 1448 inde
1990 1379 2139 1474 aliquid,
2166 1407 2231 1454 nec

196 1521 266 1590 lius
295 1466 516 1589 cuhculcari,
550 1515 589 1572 ut
612 1511 696 1568 sunt
719 1491 923 1590 hypocritae
940 1480 1108 1581 tanquam
1130 1481 1189 1555 hi·
1240 1497 1385 1568 proteus
1423 1487 1606 1593 expertem·
1632 1498 1706 1545 esse
1721 1477 1845 1595 ‘velle‘
1872 1473 1982 1549 huius
2012 1483 2230 1566 dulcedinis,

200 1618 352 1691 mione,
366 1613 413 1681 ,d
428 1603 491 1676 ba,
511 1600 714 1696 praestigiis
731 1595 863 1666 idonei,
914 1590 987 1661 Nec
998 1588 1092 1660 nulli
1108 1599 1190 1663 sunt
1240 1600 1346 1670 quam
1368 1570 1454 1646 haec
1476 1591 1630 1667 cognitio
1654 1592 1764 1668 parit,
1789 1579 1919 1649 deinde
1939 1580 2055 1651 favere
2076 1584 2228 1655 aliorum

199 1718 268 1794 hoc
282 1733 354 1789 tem
380 1733 441 1782 ore
457 1707 544 1778 tales
561 1699 727 1784 Eceholi,
751 1697 813 1789 qui
830 1694 898 1766 alia
920 1691 999 1763 aliis
1019 1689 1190 1784 tempori·
1240 1677 1383 1762 studiis,
1425 1692 1459 1748 et
1490 1679 1727 1747 adolescentes
1758 1673 2006 1773 Philosophiae
2034 1684 2230 1756 destinato,

136 1864 143 1875 -
198 1824 267 1895 hus
284 1833 319 1888 ee
333 1738 427 1905 ephud
442 1808 531 1881 alios
546 1806 709 1897 probant.
1241 1775 1389 1863 hortari,
1413 1795 1454 1849 ut
1467 1778 1667 1850 meminerit
1682 1801 1718 1848 se
1732 1780 1905 1851 divinitus
1916 1783 1961 1853 ad
1976 1798 2124 1857 naturae
2140 1810 2227 1856 cuii·

1240 1880 1488 1950 siderationem
1514 1892 1618 1972 atque
1640 1881 1972 1972 contemplationem
1987 1899 2125 1956 vocatos
2141 1910 2227 1960 esse.

288 1966 365 2058 Ego
381 1963 491 2055 igitur
504 1954 711 2051 simpliciter
725 1950 902 2041 professus
917 1970 995 2064 suin
1011 1943 1097 2037 quid
1111 1963 1192 2011 sen·
1242 1980 1339 2070 Quid
1362 1975 1502 2049 homini
1525 1982 1792 2053 convenientius
1813 1996 1883 2067 est,
1907 2008 2013 2075 quam
2026 1989 2231 2059 meminisse

202 2077 310 2156 tiam,
342 2083 377 2139 et
402 2077 486 2154 opto
511 2073 553 2130 ut
576 2057 614 2124 iu
641 2049 706 2123 hac
729 2075 784 2120 me
806 2061 978 2121 sententia
1009 2042 1194 2114 contitinet

133 2186 138 2193 '
201 2179 317 2256 Deus,
348 2183 383 2239 et
407 2180 447 2236 111
470 2160 586 2231 Fffiffl
607 2154 675 2226 Del
695 2155 867 2272 &hemel
888 2170 1006 2217 meum
1032 2157 1193 2213 ‘mmm'
1242 2180 1310 2253 lior
1323 2182 1571 2251 admirandum
1589 2183 1766 2274 opificium
1781 2187 2062 2277 contempletur?
2094 2190 2232 2260 Deinde

202 2277 309 2356 rium·
349 2264 452 2340 Certe
468 2264 560 2333 illud
576 2255 722 2331 E⁰²b⁰¹¹
736 2251 1087 2355 nunquamfactum‘
1104 2266 1194 2362 ’,ω’
1244 2284 1331 2377 quid
1346 2283 1484 2352 dulcius
1509 2295 1561 2352 est
1576 2307 1681 2375 quain
1707 2284 1914 2355 lustrantem
1930 2287 2087 2377 singula,
2112 2293 2234 2362 videre

203 2402 278 2449 non
303 2370 474 2457 Strinss'tffl
498 2363 629 2458 stylum
654 2359 838 2471 'dv‘mFJ
858 2374 976 2423 *¹²¹⁰
988 2343 1195 2465 F÷⁰⁰¹²⁵¹fm‘
1245 2383 1408 2454 ordinem
1429 2399 1534 2477 atque
1548 2379 1770 2453 harmoniam
1787 2410 1976 2478 corporum
1991 2412 2031 2459 ac
2045 2395 2232 2462 motuum?

204 2501 279 2548 non
313 2466 520 2543 deformaho
553 2485 629 2530 0³¹⁰
663 2457 869 2574 calumme
909 2452 978 2569 ‚⁸⁰‚d
1011 2469 1192 2565 ¹¹¹3ff¹¹¹¹¹m
1245 2486 1464 2554 considerare
1487 2485 1707 2555 nasccntium
1721 2487 1940 2573 varietatem,
1967 2505 2000 2561 et
2016 2491 2135 2562 videre
2157 2495 2231 2562 sisi-

138 2605 143 2611 ·
204 2599 324 2648 meum
350 2566 484 2684 serviet·
505 2560 637 2653 8¹⁰¹i³⁰
659 2555 727 2627 ΒΗ
753 2569 787 2625 ⁰²
810 2553 960 2624 D⁰¹¹¹¹¹¹¹
978 2564 1091 2619 ”⁰⁸¹⁰
1117 2547 1195 2615 ¹⁸⁵⁰
1245 2587 1325 2676 gula
1344 2588 1388 2653 ad
1405 2598 1518 2655 certos
1533 2586 1628 2675 gigni
1645 2609 1748 2671 usus,
1773 2601 1813 2657 ut
1827 2590 2031 2659 ratiocinari
2048 2597 2233 2684 possimus,

202 2675 351 2750 Christi.
402 2667 496 2738 Diri·
1246 2683 1463 2756 haecomnia
1479 2712 1497 2755 a
1513 2690 1665 2780 quadam
1682 2701 1822 2758 aeterna
1838 2703 1953 2760 mente
1976 2693 2130 2763 mirabili
2146 2722 2232 2766 con-

1246 2787 1326 2857 silio
1341 2800 1447 2879 atque
1461 2787 1666 2857 oeconomia
1688 2789 1736 2858 ita
1750 2789 1936 2861 distributa
1952 2813 2034 2863 csse.
2084 2791 2131 2863 Et
2149 2799 2231 2890 qui-

204 2869 1201 2926 ...---——--—--···-,-···········
1247 2889 1326 2957 deni
1352 2892 1395 2956 ad
1420 2884 1512 2956 hanc
1534 2888 1852 2960 considerationem
1873 2914 1968 2961 acres
1988 2893 2148 2966 stimulos
2166 2921 2230 2968 na·
2274 2907 2276 2917 '

632 3015 655 3049 a
1031 3064 1068 3103 m
1094 3039 1178 3105 1540
1247 3003 1324 3059 tura
1348 2990 1509 3058 omnium
1532 2989 1710 3060 mentibus
1732 2992 1881 3077 indidit,
1906 3006 1941 3062 ct
1956 2994 2230 3084 voluptatesad-

219 3153 389 3188 w
1018 3085 1190 3160 ..ζμ-,ἶ
1245 3091 1313 3160 lert
1339 3089 1441 3178 longe
1461 3089 1658 3159 uberrimas
1678 3093 1846 3181 cognitio.
1896 3091 2017 3182 Quare
2038 3096 2068 3164 si
2087 3094 2232 3191 quihoc

641 3245 650 3263 .
883 3239 892 3257 .
1247 3192 1402 3261 studium
1419 3192 1637 3281 vituperant,
1668 3207 1729 3262 aut
1745 3216 1864 3263 secum
1884 3195 1953 3284 ipsi
1975 3213 2151 3286 pugnant,
2173 3213 2235 3270 aut

496 3248 572 3331 De
603 3254 699 3326 mm
727 3238 901 3324 aulem·
1247 3305 1416 3362 enatura
1440 3288 1625 3361 hominum
1653 3295 1926 3382 degenerarunt:
1962 3299 2101 3367 tametsi
2125 3314 2236 3372 certas

276 3439 304 3492 A
342 3423 492 3487 ,cmm
514 3423 532 3481 ι,
552 3417 689 3492 μεως
709 3451 733 3481 .,
756 3413 783 3466 tn
810 3413 963 3466 Decianus.
981 3411 1065 3466 mii.
1087 3412 1200 3482 ptos,
1248 3389 1375 3461 herbas
1390 3405 1522 3460 norunt
1537 3417 1576 3462 ac
1592 3394 1829 3465 meminerunt
1847 3394 2033 3488 pleraeque
2049 3398 2181 3471 bestiae
2195 3412 2236 3474 a'c

306 3453 340 3559 hl
351 3499 471 3554 servat·
486 3441 521 3548 ¹l·
541 3509 569 3564 e·
585 3487 645 3544 ³9⁵·
658 3432 828 3539 sillictus.
845 3480 879 3535 'l
891 3499 919 3553 P·
931 3481 992 3536 ²⁶²
1247 3493 1426 3577 volucres,
1454 3494 1549 3563 cervi
1570 3495 1782 3580 dictamum,
1816 3494 1905 3565 muli
1927 3497 2129 3588 asplenum,
2161 3503 2233 3572 ele·

1249 3587 1397 3685 phantes
1420 3595 1629 3680 oleastrum,
1667 3598 1835 3668 mustelae
1855 3610 1988 3682 rutam,
2023 3601 2100 3688 apri
2124 3596 2231 3671 hede-

1135 3660 1200 3712 Μ
1248 3719 1345 3777 rain,
1379 3695 1535 3765 ciconiae
1569 3701 1775 3788 origanum,
1808 3694 2017 3768 hirundines
2049 3696 2231 3772 choelido-

162 3877 165 3880 .
1248 3796 1364 3880 iiiam,
1390 3799 1486 3865 corvi
1505 3822 1614 3882 arou,
1640 3800 1743 3893 cygni
1766 3799 1912 3884 viticen,
1943 3822 2033 3892 quae
2047 3803 2150 3892 vulgo
2168 3829 2231 3874 vo-

207 3911 292 3995 lure
303 3912 484 3986 Hesiodus
499 3901 677 3995 ignaviam
691 3911 725 3968 et
738 3909 917 3988 stuporem
931 3889 1080 3963 humani
1093 3917 1198 3993 gene-
1248 3913 1348 3967 catur
1365 3918 1493 3984 agnus,
1515 3912 1697 3990 expetunt:
1725 3902 1819 3992 quod
1839 3901 1939 3970 abes
1958 3901 1995 3968 in
2013 3917 2116 3992 partu
2129 3905 2234 3974 adiu·

208 4026 258 4096 ris
281 4031 376 4091 taxat
426 4009 612 4102 inquiens,
640 4000 767 4072 stultos
788 3996 955 4067 mortales
986 3998 1197 4090 nequidem
1248 4011 1387 4082 vantur,
1407 4014 1584 4090 serpentes
1598 4001 1792 4071 feniculum
1808 4015 1952 4107 norupt,
1966 4016 2000 4074 et
2015 4004 2234 4075 nobisustim

206 4126 344 4198 malvae
379 4069 414 4186 et
444 4105 626 4202 asphodeli
661 4102 830 4171 utilitates
855 4121 968 4168 nosse.
1023 4096 1120 4186 Quid
1146 4114 1198 4170 est
1249 4113 1510 4185 monstrarunt,
1535 4115 1576 4172 iit
1590 4100 1768 4173 Nicander
1784 4103 1921 4172 scribit:

220 3062 288 3135 No.
310 3058 372 3129 65.

208 3669 336 3743 Oratio
355 3658 402 3731 de
417 3630 500 3728 ¹vitu
515 3651 651 3726 Galam·
660 3697 675 3734 ,
697 3649 738 3716 iu
750 3642 979 3735 proventione
992 3640 1134 3713 Ductor

283 3762 502 3840 Medicinae
524 3776 550 3825 a
564 3754 674 3824 Dect.
694 3748 742 3819 M
745 3741 916 3819 streete
943 3747 1124 3816 recitata.

1242 2081 1357 2151 solum
1377 2077 1445 2150 hoc
1467 2104 1578 2171 genus
1596 2082 1806 2152 collocatum
1823 2106 1896 2154 esse
1912 2086 1950 2153 in
1972 2092 2167 2173 mundum,
2191 2107 2232 2163 ut
2357 2099 2360 2103 ’

209 4227 304 4297 enim
323 4213 505 4304 indignius
521 4231 560 4274 ac
583 4204 740 4291 turpius,
768 4222 871 4289 quam
888 4201 983 4290 quod
1005 4201 1139 4268 conditi
1154 4202 1198 4270 ad

209 4320 445 4417 aspiciendam
470 4306 562 4377 hanc
578 4324 696 4371 rerum
718 4310 908 4413 naturam,
923 4309 958 4365 et
971 4299 1073 4416 quasi
1089 4300 1198 4370 collo.

211 4426 280 4500 cati
296 4415 469 4489 divinitus
485 4409 522 4475 in
539 4402 606 4473 hoc
619 4396 794 4471 theatrum
810 4392 983 4493 homines,
1002 4413 1041 4469 ut
1055 4413 1200 4470 intueri.

105 4562 107 4566 ⁴
208 4544 262 4600 tes
286 4515 471 4592 miriticam
499 4503 701 4578 coelestium
732 4512 892 4569 motuum
919 4511 952 4566 et
981 4502 1198 4571 nascentium

210 4649 330 4702 rerum
347 4616 569 4693 varietatem,
595 4623 823 4696 agnoscamus
835 4598 950 4670 Deum
966 4601 1138 4691 opificem,
1165 4618 1198 4675 et

211 4744 422 4827 quaeramus
444 4710 611 4787 salutaria
634 4706 726 4776 vitae
750 4701 942 4794 praesidia,
967 4704 1071 4777 obliti
1093 4699 1200 4776 huius

1325 4256 1459 4321 Exuvias
1475 4275 1635 4346 postquam
1650 4266 1759 4340 ducas,
1785 4270 1961 4346 pigramque
1976 4276 2125 4324 senectam

1325 4357 1475 4443 Deposuit
1490 4385 1611 4446 serpena
1629 4368 1661 4425 iu
1675 4387 1762 4444 vere,
1784 4364 1928 4426 attardus
1948 4365 1984 4424 ab
1998 4379 2083 4426 antro

1327 4462 1526 4547 Caligansque
1541 4470 1637 4529 oculis
1652 4470 1767 4550 quaerit
1781 4467 1978 4527 medicamina
1991 4479 2074 4543 nota,
2153 4450 2157 4455 ι

1325 4563 1365 4626 Et
1378 4589 1447 4628 cum
1460 4567 1587 4629 l'eniouli
1601 4592 1632 4630 se
1646 4573 1778 4648 germine
1793 4572 1925 4651 paverit,
1945 4572 2004 4649 ipsi

1327 4665 1414 4728 Clare
1425 4674 1502 4730 acies
1520 4674 1615 4733 oculis
1627 4669 1704 4732 redit
1718 4670 1789 4732 inde
1804 4676 1951 4755 vigorque
1967 4673 2115 4731 iuventae.

210 4827 387 4909 muneris,
412 4834 447 4891 et
461 4815 559 4912 quasi
576 4810 668 4882 caeci
685 4807 724 4876 in
740 4801 898 4895 theatro,
923 4828 997 4875 non
1013 4807 1200 4900 nosipsos,
1250 4814 1417 4905 Denique
1434 4806 1589 4903 exempla
1608 4829 1690 4885 sum
1707 4814 1893 4885 innumera
1914 4813 2124 4896 bestiarum,
2149 4831 2239 4902 quae

209 4957 284 5004 non
301 4929 386 4999 alias
399 4947 455 4994 res
471 4919 643 5006 vulgares,
658 4933 748 5004 quae
762 4922 845 4978 sunl
860 4907 897 4975 in
912 4908 1087 4995 menibus,
1107 4910 1201 5002 espi-
1250 4917 1399 4985 vincunt
1415 4916 1601 5008 plerosque
1616 4911 1796 5000 homines,
1821 4927 1860 4985 ut
1876 4916 1925 4986 ita
1941 4917 2072 5000 dicam,
2098 4911 2240 4983 solertia

211 5038 323 5108 cimus
338 5042 442 5120 atque
457 5011 744 5092 consideramus?
783 5007 837 5080 Ac
857 5003 941 5079 huic
960 5007 1198 5100 pulcherrimo
1251 5019 1288 5087 in
1315 5017 1539 5111 inquirendis
1565 5031 1598 5089 et
1620 5019 1846 5110 explorandis
1876 5030 2021 5088 naturae
2049 5013 2242 5085 miraculis.

210 5130 407 5232 spectaculo
431 5125 557 5211 vulgus
579 5116 728 5186 antefert
757 5111 920 5182 beluinos
947 5125 983 5182 et
1010 5113 1200 5184 obscoenas
1252 5118 1375 5210 Turpe
1392 5134 1443 5192 est
1461 5133 1576 5190 autem
1594 5117 1802 5191 hominibus
1823 5141 1899 5188 nun
1921 5122 2027 5189 modo
2045 5117 2138 5186 vinci
2156 5114 2241 5183 dili-

212 5242 429 5328 voluptates,
456 5239 517 5293 aut
539 5215 759 5289 sordissimas
774 5213 1067 5307 stultissimasque
1089 5240 1201 5302 curas,
1251 5223 1366 5311 gentia
1384 5236 1488 5314 atque
1506 5222 1680 5295 industria
1697 5247 1715 5291 a
1734 5219 1864 5305 hestiis,
1882 5222 1940 5289 sed
1958 5235 2094 5291 tantum
2110 5218 2239 5287 addere

212 5342 342 5438 quibus
365 5324 524 5420 occupati
544 5319 655 5391 animi
678 5339 751 5385 non
772 5315 965 5388 admittunt
982 5311 1201 5389 honestiores
1251 5323 1418 5408 furorem,
1438 5337 1477 5393 ut
1494 5337 1721 5397 contemnant
1736 5321 1843 5393 etiam
1859 5317 1945 5392 haec
1961 5321 2087 5395 studia.
2120 5317 2241 5406 Quare
