4732 6030
245 287 320 381 aas
831 279 995 354 naon
1035 278 1111 354 ou
1143 280 1298 356 casu.
1329 280 1692 359 crucinaco,
2127 234 2132 247 ’
2206 287 2290 362 seo

143 485 145 489 ⁴
246 461 411 533 lacticum
440 453 631 527 Ptolemaei
672 455 887 540 construxit,
921 455 1021 525 cuius
1053 456 1124 526 duo
1159 466 1242 525 sunt
1291 456 1552 526 nutrimentum
1586 456 1624 524 iri
1654 450 1839 525 humorem
1855 452 2165 530 melancholicum
2206 491 2296 538 ver-

248 564 408 657 aequalia
441 560 549 628 latera
592 557 721 646 pedum
766 557 939 627 denorum
977 570 1011 626 et
1046 571 1241 630 ternorum.
1293 558 1451 643 tebatur,
1485 568 1599 650 quem
1617 559 1757 648 copiose
1786 558 1976 629 reiiciebat.
2037 558 2091 630 lta
2114 566 2296 654 paulatim

250 664 357 741 ltem,
392 660 634 748 Quadrantem
667 659 811 747 circuli,
845 660 945 729 cuius
973 660 1243 744 semidiameter,
1294 661 1497 744 contabuit,
1522 684 1601 729 curn
1619 659 1762 752 quidem
1779 661 1913 730 cerebri
1929 663 2021 731 vires
2034 687 2146 756 usque
2160 671 2206 738 ad
2226 695 2294 741 ex-

249 790 322 835 non
345 763 464 831 minor
488 760 603 830 tribus
631 761 778 841 cubitis,
810 761 921 831 ita‘ut
942 761 1085 853 utrique
1106 763 1242 831 instru-
1294 776 1444 830 tremum
1469 757 1620 831 halitum
1642 761 1888 849 integerrimae
1911 778 2035 837 essent.
2089 765 2158 838 His
2172 773 2295 846 tribus

249 880 367 936 mento
391 862 682 954 perpendiculum
710 886 771 930 seu
791 857 997 958 κωναῖριον,
1024 862 1168 933 cistulae
1185 863 1241 930 in·
1295 863 1474 933 mensibus
1505 864 1607 954 quale
1639 859 1816 933 theatrum
1848 867 1992 937 fuerunt
2019 868 2095 937 eius
2117 873 2297 947 virtutes?

250 968 385 1048 clusum
411 964 533 1035 contra
557 964 661 1032 flatus
682 976 869 1033 ventorum
888 964 1073 1034 artificiose
1090 966 1252 1033 adfixum·
1294 956 1394 1034 Nulli
1416 964 1578 1032 fremitus
1600 978 1716 1048 erant,
1749 966 1849 1035 nulla
1870 968 2087 1057 indignatio:
2120 979 2179 1045 sed
2204 981 2293 1071 quia

251 1070 315 1153 sit,
349 1069 551 1158 gubernans
577 1066 679 1133 istam
708 1066 988 1138 collocationem.
1052 1063 1244 1158 Coepimus
1295 1089 1396 1135 mens
1416 1065 1560 1135 obedire
1583 1063 1660 1136 Deo
1685 1067 1907 1153 decreverat,
1930 1082 1964 1139 et
1985 1071 2075 1142 laeta
2095 1095 2292 1151 cousuetu-

131 1230 135 1239 ,
250 1170 359 1260 igitur
380 1193 450 1238 una
474 1168 629 1258 primum
649 1167 770 1237 multis
793 1169 1100 1238 observationibus
1124 1167 1244 1259 explo-
1296 1168 1416 1238 dinem
1434 1167 1591 1237 coelestis
1606 1163 1784 1237 Ecclesiae
1806 1172 2027 1262 expectabat,
2055 1200 2169 1248 mores
2186 1198 2293 1255 erant

252 1296 330 1341 rare
351 1294 469 1339 veram
496 1267 720 1338 latitudinem
745 1264 851 1339 huius
876 1270 1017 1360 oppidi,
1052 1294 1158 1361 qnam
1183 1271 1244 1337 de·
1297 1270 1446 1361 placidi,
1472 1268 1594 1362 quales
1609 1292 1683 1339 esse
1698 1270 1877 1358 solebant,
1901 1295 2081 1347 sermones
2097 1281 2202 1351 etiam
2213 1286 2293 1376 ple-

252 1369 505 1465 prehendimus
520 1394 593 1440 esse
609 1371 781 1458 graduum
797 1371 904 1440 unius
922 1384 955 1440 et
976 1371 1245 1466 quinquaginta,
1296 1372 1335 1439 ni
1352 1371 1491 1462 pietatis
1507 1384 1540 1439 et
1555 1372 1751 1442 suavitatis.

177 1515 181 1526 ι
254 1490 287 1546 et
302 1475 547 1566 scrupulorum
566 1487 719 1564 quatuor
739 1472 1056 1565 etquinquaginta.
1106 1471 1245 1543 Deinde
1398 1470 1472 1542 Nec
1487 1473 1602 1542 studia
1622 1496 1765 1564 prorsus
1782 1473 1915 1544 omisit.
1953 1475 2035 1548 Dies
2051 1481 2099 1551 ita
2117 1485 2150 1552 ei
2167 1487 2292 1558 distri-

254 1592 287 1647 et
312 1591 446 1645 motum
470 1574 566 1646 Solis
591 1587 624 1642 et
646 1588 803 1664 tempora
829 1575 1157 1666 aequinoctiorum,
1182 1573 1246 1643 ubi
1297 1574 1382 1643 buta
1400 1588 1490 1658 erat,
1517 1588 1689 1666 quantum
1714 1576 1752 1643 in
1775 1574 1836 1643 illa
1861 1579 1977 1648 morbi
1992 1583 2114 1654 sevitia
2131 1587 2209 1657 lieri
2225 1615 2293 1681 po-

254 1673 553 1768 deprehendimus
568 1698 715 1744 vernum
735 1677 999 1769 aequinoctium
1017 1677 1166 1746 sedecim
1183 1699 1245 1765 pe·
1298 1676 1376 1749 tuit.
1435 1673 1544 1744 Mane
1565 1676 1692 1745 filiolas
1715 1679 1802 1747 duas
1824 1679 1867 1745 ad
1888 1701 1924 1749 se
1940 1685 2103 1771 vocabat,
2129 1711 2168 1758 ac
2186 1691 2293 1761 iube-

255 1804 300 1848 ne
322 1778 468 1866 integris
496 1772 595 1846 horis
621 1776 696 1845 fieri
730 1778 881 1862 tardius,
918 1802 1024 1870 quam
1055 1779 1246 1847 ostendunt
1298 1777 1358 1845 bat
1372 1776 1518 1847 recitare
1534 1778 1765 1867 precationes.
1808 1777 1997 1868 lpsesuam
2015 1785 2292 1880 invocationem,

207 1957 209 1960 .
255 1880 402 1951 usitatae
419 1879 714 1969 computationes,
738 1882 796 1949 sed
809 1880 968 1950 autumni
982 1880 1245 1971 aequinoctium
1298 1901 1380 1948 suos
1394 1879 1543 1967 gemitus
1558 1894 1592 1950 et
1606 1873 1804 1974 lachrymas
1813 1906 1876 1971 pro
1887 1877 2051 1966 Ecclesia,
2077 1913 2141 1980 pro
2157 1895 2290 1984 seipso,

254 2005 379 2074 parum
398 2005 417 2050 a
434 1980 568 2049 calculo
588 1979 797 2072 discrepare.
858 2003 861 2009 ·
966 1994 969 2000 “
1298 2005 1362 2072 pro
1380 1980 1473 2049 natis
1489 1981 1674 2064 miscebat,
1699 2005 1800 2073 saepe
1817 1977 1903 2052 baec
1917 1984 2023 2056 verba
2036 2004 2206 2082 repetens.

358 2081 425 2151 His
446 2096 479 2152 et
502 2082 680 2151 similibus
706 2084 1015 2155 observationibus
1038 2085 1143 2167 moti,
1175 2080 1246 2152 Co·
1312 2140 1315 2147 .
1400 2079 1532 2151 luvoco
1544 2096 1577 2152 te
1593 2083 1818 2174 omnipotens
1831 2083 1948 2167 Deus,
1976 2103 2115 2161 aeterne
2132 2108 2166 2165 et
2181 2099 2291 2170 unice

255 2185 439 2279 pernicum
476 2185 586 2272 magis
628 2186 796 2254 admirari
817 2173 873 2255 'et
907 2210 1023 2254 amare
1056 2185 1246 2276 coepimus.
1299 2197 1397 2275 pater
1422 2180 1569 2254 Domini
1591 2185 1701 2254 nostri
1725 2185 1801 2256 lesu
1828 2182 1980 2276 Christi,
2015 2195 2180 2266 conditor
2200 2203 2291 2270 coeli
2335 2231 2339 2235 ·

256 2286 421 2379 Eumque
446 2287 572 2369 secuti,
599 2301 737 2357 nostras
753 2286 1016 2357 observationes
1032 2311 1111 2357 cum
1130 2286 1247 2354 omni·
1299 2300 1333 2356 et
1366 2301 1478 2356 terrae
1510 2299 1544 2355 et
1570 2281 1775 2370 hominum,
1810 2302 1845 2356 et
1872 2284 2050 2364 Ecclesiae
2086 2311 2184 2385 tuae,
2218 2328 2290 2372 una

256 2393 324 2460 bus
339 2388 633 2480 praecedentibus
646 2388 684 2455 in
701 2383 768 2457 hoc
781 2411 907 2479 genere
927 2388 1151 2461 contulimus.
1203 2384 1246 2455 ln
1299 2412 1378 2458 cum
1395 2388 1468 2457 filio
1493 2400 1555 2457 tuo
1571 2401 1754 2458 coaeterno
1773 2389 1927 2461 Domino
1945 2409 2068 2467 nostro
2085 2396 2164 2472 lesu
2181 2398 2288 2473 Chri-

91 2482 100 2497 *
166 2560 168 2565 ⁴
256 2512 326 2586 qua
356 2489 638 2559 consideratione
666 2491 980 2560 animadvertimus
1009 2491 1093 2559 anni
1127 2513 1246 2558 veram
1298 2504 1371 2574 sto,
1398 2505 1431 2560 et
1451 2488 1588 2581 Spiritu
1610 2507 1746 2575 sancto,
1773 2493 1930 2583 sapiens,
1953 2497 2066 2584 bone,
2091 2501 2197 2587 iuste,
2225 2531 2288 2574 ve-

256 2618 317 2663 seu
333 2592 559 2682 adparentem
576 2592 856 2680 magnitudinem
873 2593 966 2676 eius,
991 2617 1096 2685 quam
1113 2589 1245 2681 Coper-
1298 2616 1377 2676 rax,
1416 2591 1631 2671 misericors,
1664 2607 1772 2677 caste,
1806 2595 1987 2668 liberrime
2022 2618 2136 2673 custos
2162 2602 2289 2677 Eccle-

256 2694 357 2763 nicus
383 2694 635 2783 temporalem,
671 2690 800 2762 Graeci
824 2689 994 2777 τοπικὸν,
1019 2693 1147 2778 ¹Latini
1166 2719 1246 2766 ver·
1298 2695 1388 2777 siae,
1420 2693 1585 2762 miserere
1610 2694 1698 2773 mei,
1733 2708 1767 2764 et
1792 2697 1931 2768 remitte
1956 2697 2047 2772 mihi
2069 2707 2189 2776 omnia
2212 2734 2290 2780 mea

256 2809 389 2867 tentem
406 2795 549 2874 dicunt,
574 2818 670 2863 nunc
686 2795 815 2863 iterum
832 2797 1001 2864 maiorem
1025 2818 1113 2881 esse,
1139 2820 1246 2890 quam
1298 2810 1456 2886 peccata,
1491 2808 1635 2885 propter
1669 2792 1783 2865 lesum
1815 2794 1996 2871 Christum
2022 2805 2136 2874 filium
2174 2822 2288 2892 tuum,

255 2898 311 2968 vel
326 2893 532 2985 Albategnii
554 2896 611 2964 vel
634 2892 812 2988 Alpbonsi
837 2898 1073 2987 temporibus:
1101 2921 1140 2966 ac
1157 2921 1246 2988 pene
1298 2897 1502 2966 crucifixum
1527 2921 1591 2986 pro
1614 2897 1718 2967 nobis
1738 2912 1772 2968 et
1797 2905 2056 2987 resuscitatum,
2090 2901 2202 3005 λόγον
2222 2909 2289 2982 καὶ

256 2999 713 3092 rursusaequalemfactam
730 2999 781 3084 ei,
805 3024 910 3092 quam
926 2998 1146 3069 Ptolemaeus
1163 3024 1246 3092 pro·
1299 2992 1422 3072 ἒικόαα
1444 3019 1513 3070 σου
1537 2993 1680 3081 oii‘dvov,
1716 3025 1820 3092 quem
1843 3005 1988 3077 voluisti
2010 3033 2073 3098 pro
2093 3011 2289 3082 nobisesse

256 3102 366 3186 didit,
401 3102 564 3169 videlicet
586 3117 725 3192 praeter
756 3102 831 3171 dies
859 3102 1013 3189 integros
1036 3099 1110 3175 365
1139 3097 1246 3171 hora·
1299 3100 1496 3184 victimam,
1528 3095 1591 3170 καὶ
1619 3094 1774 3194 μεσίτην
1804 3098 1867 3174 καὶ
1887 3103 2029 3201 ἱκέτην,
2064 3112 2228 3184 mirando
2254 3130 2288 3186 et

256 3199 376 3272 rum5
396 3217 430 3271 et
451 3204 697 3290 scrupulorum
715 3204 912 3294 primorum
927 3200 977 3273 65
997 3206 1103 3273 unius
1127 3199 1245 3277 horae.
1298 3202 1529 3271 inenarrabili
1548 3203 1712 3272 consilio:
1747 3207 1921 3276 sanctifica
1940 3235 1998 3278 me
2015 3211 2153 3303 Spiritu
2171 3231 2287 3287 sancto

256 3302 347 3374 Cum
371 3304 505 3372 reditus
527 3302 622 3372 Solis
643 3305 685 3370 ad
713 3305 867 3370 medium
891 3305 1152 3394 aequinoctium
1172 3331 1245 3375 non
1299 3319 1379 3387 tuo,
1414 3328 1513 3372 serva
1536 3304 1574 3371 in
1603 3300 1658 3373 his
1684 3305 1884 3391 regionibus
1905 3305 2089 3381 Ecclesiae
2112 3318 2289 3411 reliquias,

256 3419 397 3497 superet
422 3400 573 3472 horas5
608 3403 773 3492 scrupula
796 3401 844 3470 49
876 3427 954 3471 cum
988 3408 1116 3473 triente
1138 3408 1246 3475 unius
1299 3430 1372 3473 non
1387 3406 1481 3473 sinas
1497 3406 1651 3494 extingui
1665 3407 1777 3472 lucem
1790 3400 1975 3493 Evangelii
1990 3412 2058 3481 tui.
2095 3414 2288 3490 Facetiam

169 3501 172 3505 ⁴
256 3505 424 3595 scrupuli.
492 3501 541 3574 At
567 3504 702 3573 reditus
731 3503 826 3574 Solis
857 3506 901 3574 ad
935 3507 1081 3574 eandem
1110 3507 1244 3575 stellam
1300 3530 1396 3575 meos
1426 3501 1604 3596 orphanos
1632 3530 1711 3576 vasa
1737 3507 2009 3580 misericordiae.
2081 3514 2214 3588 lnvoco
2255 3536 2289 3591 te

257 3609 359 3677 fixam
401 3606 533 3675 excedit
567 3605 810 3699 quadrantem
840 3605 911 3676 diei
954 3631 1043 3698 pene
1091 3622 1246 3678 sextante
1299 3632 1500 3702 quanquam
1524 3609 1690 3698 languida
1718 3622 1753 3678 et
1766 3609 1941 3679 imbecilla
1957 3612 2043 3698 lide,
2068 3620 2129 3684 sed
2147 3621 2215 3689 fide
2233 3636 2288 3691 te-

255 3709 363 3779 unius
389 3703 498 3776 horae
526 3709 805 3801 aequinoctialis.
867 3707 983 3796 Quem
1005 3732 1138 3779 annum
1165 3712 1246 3780 licet
1298 3735 1390 3781 meu.
1452 3708 1568 3780 Credo
1591 3712 1643 3778 lili
1666 3707 1731 3779 Dei
1754 3708 1907 3780 Domine
1933 3709 2009 3782 lesu
2028 3710 2170 3785 Christe
2199 3747 2287 3809 pro.

248 3805 524 3906 'dorepors'pvda
539 3811 735 3881 nominare.
778 3809 1150 3900 -Bellitemporecum
1172 3838 1245 3882 non
1299 3812 1457 3880 missioni
1473 3827 1571 3896 tuae,
1599 3838 1703 3904 quarn
1722 3814 1892 3904 sanguine
1906 3827 1967 3883 tuo
1983 3830 2016 3884 et
2031 3820 2285 3890 resurrectione

254 3914 488 4004 impediretur
507 3914 822 4004 praelectionibus,
856 3924 895 3984 ut
916 3914 1131 3984 moesticiam
1155 3915 1244 3983 leni·
1298 3914 1502 4004 obsignasti.
1565 3910 1706 3984 Adiuva
1725 3938 1800 3999 me,
1827 3915 1921 4006 erige
1938 3940 2054 3986 meum
2071 3932 2187 4009 pectus
2202 3922 2288 3996 tide.

137 4087 139 4092 ,
255 4028 327 4100 ret,
347 4015 427 4106 plus
442 4016 612 4106 temporis
625 4016 751 4086 tribuit
765 4015 1092 4099 observationibus,
1116 4018 1152 4084 in
1165 4016 1246 4110 qui·
1396 4013 1470 4085 Has
1485 4017 1577 4105 ipsas
1594 4041 1696 4086 voces
1714 4041 1816 4107 saepe
1833 4042 1912 4086 eum
1928 4034 2081 4109 repetere
2099 4021 2206 4093 multi
2221 4048 2291 4094 au-

167 4122 174 4133 '
254 4118 321 4188 bus
344 4142 417 4186 non
442 4118 557 4186 solum
589 4119 720 4187 nostris
744 4114 917 4186 machinis
938 4118 1149 4197 maioribus,
1184 4120 1244 4187 sed
1299 4118 1460 4188 divimus.
1513 4113 1651 4186 Deinde
1670 4118 1760 4188 filias
1784 4119 2048 4212 alloquebatur,
2074 4136 2108 4192 et
2131 4123 2289 4194 inculca-

255 4219 359 4289 etiam
381 4220 460 4286 aliis
482 4218 684 4287 minoribus
705 4219 889 4298 utebatur,
924 4243 1010 4309 quas
1028 4232 1113 4288 tunc
1135 4221 1245 4287 fabri·
1298 4221 1358 4288 bat
1374 4218 1529 4312 aliquam
1544 4220 1725 4290 doctrinae
1740 4233 1886 4310 partem.
1932 4219 1998 4289 His
2015 4223 2189 4306 dimissis,
2214 4227 2289 4317 ipse

255 4320 327 4389 cari
358 4331 548 4389 curaverat
614 4317 710 4388 Loca
745 4318 854 4406 igitur
885 4320 1065 4389 stellarum
1098 4320 1243 4390 fixarum
1298 4321 1434 4390 redibat
1449 4322 1492 4389 ad
1510 4345 1632 4410 operas
1650 4322 1838 4394 institutas.
1891 4321 1980 4391 Nam
1996 4324 2113 4393 morbi
2130 4340 2288 4417 tempore

254 4419 448 4489 multarum
466 4418 684 4502 observavit,
710 4443 800 4511 quae
823 4420 933 4510 ipsius
953 4445 1060 4490 manu
1075 4420 1243 4492 annotata
1297 4421 1449 4493 absolvit·
1468 4423 1665 4492 versionem
1692 4422 1777 4492 libri
1792 4420 1942 4493 Lutheri
1961 4426 2005 4494 dc
2019 4426 2154 4495 ultimis
2171 4429 2288 4498 verbis

255 4519 436 4592 habemus.
503 4515 658 4611 Opticen
689 4521 793 4589 etiam
832 4522 944 4613 probe
969 4522 1163 4604 intellexit,
1205 4538 1245 4593 ut
1296 4523 1424 4594 David.
1474 4514 1668 4621 Reliquum
1693 4538 1831 4614 tempus
1845 4527 2024 4596 tribuebat
2040 4527 2126 4596 alias
2141 4529 2289 4599 lectioni

255 4649 360 4716 opera
382 4625 457 4695 eius
482 4623 621 4714 generis
642 4622 752 4714 ipsius
784 4647 893 4693 manu
920 4623 1094 4715 descripta
1126 4640 1243 4693 osten·
1296 4626 1535 4707 Psalmorum,
1569 4626 1657 4694 alias
1678 4624 1900 4712 Ptolemaeo,
1936 4625 2097 4714 Theoni,
2132 4625 2288 4715 Euclidi,

254 4728 354 4799 dunt.
405 4726 496 4798 Nam
518 4740 552 4796 et
574 4720 717 4798 Rhetici
736 4725 1017 4796 lucubrationem
1035 4722 1242 4796 etAlhasen
1295 4724 1482 4819 Epitomae
1506 4725 1797 4815 Regiomoutani.
1857 4725 1905 4798 Et
1925 4752 2004 4797 cum
2021 4730 2185 4802 dinforis
2203 4758 2287 4805 con·

253 4851 315 4897 sua
351 4853 459 4900 manu
494 4828 699 4919 descripsit,
739 4828 801 4897 ubi
833 4829 943 4900 multa
973 4822 1243 4927 διαγράμματα
1296 4831 1484 4919 temptatus
1505 4841 1594 4897 esset
1616 4830 1772 4912 coelum,
1804 4832 1946 4898 tandem
1970 4855 2092 4901 rursus
2116 4834 2288 4904 velutin-

253 4953 342 5024 quae
356 4933 500 5001 deerant
516 4931 668 5001 addidit.
1295 4955 1431 5020 gressus
1446 4928 1600 5014 coelum,
1627 4930 1739 5001 filium
1753 4928 1820 4999 Dei
1834 4928 2032 5000 Dominum
2053 4948 2216 5005 nostrum
2235 4934 2287 5004 le-

228 5096 238 5104 .
355 5031 425 5102 Sed
455 5033 538 5125 quia
561 5033 757 5122 longiorem
783 5033 1150 5103 commemorationem
1175 5029 1242 5103 hoc
1293 5059 1370 5105 sum
1387 5028 1567 5103 Christum
1584 5033 1834 5123 compellabat,
1858 5048 1892 5103 et
1908 5034 2071 5104 usitatam
2090 5036 2289 5108 invocatio-
2348 5086 2354 5093 -

253 5147 391 5225 tempus
415 5134 519 5202 nobis
547 5158 619 5204 non
641 5136 822 5215 concedit,
855 5158 964 5225 pauca
990 5136 1033 5203 de
1062 5148 1240 5225 postremo
1295 5159 1375 5204 nem
1406 5148 1440 5205 et
1461 5134 1718 5204 confessionem
1742 5136 1931 5223 repetebat.
1990 5134 2183 5207 Sermones
2209 5165 2287 5209 cum

250 5238 327 5307 eius
343 5249 423 5307 actu
439 5235 564 5304 dicam.
616 5236 832 5307 Meministis
846 5261 926 5306 eum
942 5236 1241 5327 decumbereplus
1294 5235 1561 5321 amicis'erant,
1605 5237 1724 5328 quales
1751 5249 1854 5305 antea
1883 5237 2024 5306 fuerant
2052 5241 2096 5307 de
2119 5243 2290 5313 omnibus

249 5340 364 5411 tribus
386 5337 585 5422 mensibus,
611 5340 686 5407 sine
706 5362 766 5430 spe
789 5340 1049 5429 recuperandae
1066 5340 1240 5409 valetudi-
1293 5339 1473 5409 doctrinae
1485 5339 1664 5430 partibus,
1689 5340 1734 5406 de
1749 5334 2287 5430 mirandaEcclesiaeguberna-

250 5441 316 5514 nis.
373 5437 488 5513 Erant
520 5439 615 5511 enim
645 5439 818 5526 extinctae
849 5441 941 5511 vires
966 5440 1173 5528 ventriculi,
1206 5455 1241 5511 et
1291 5441 1406 5528 tione,
1433 5443 1477 5511 de
1491 5439 1772 5523 immortalitate,
1798 5440 1842 5509 de
1857 5463 1918 5531 spe
1938 5454 2081 5512 nostrae
2094 5460 2289 5518 consuetu-
