4732 6030
175 324 252 419 sas

174 495 349 589 pulaverit
362 517 471 584 genus
485 488 694 568 humanum.
744 491 856 584 Saepe
878 491 984 563 etiam
1004 486 1095 561 mihi
1110 490 1163 559 la-

174 595 339 693 chrymae
355 608 547 686 erumpunt
569 593 723 666 intuenti
745 595 784 662 in
808 589 864 662 his
881 593 1020 685 pompis
1037 593 1162 661 iuven-

173 715 302 782 tutem,
324 699 381 767 cui
396 697 497 789 quasi
513 721 577 788 per
591 720 717 767 manus
734 691 909 766 Ecclesiae
933 693 1162 785 gubernatio-

172 825 253 869 nem
270 813 305 870 et
317 822 436 868 curam
452 800 713 867 conservandae
728 797 908 866 doctrinae
923 796 1039 865 omnis
1056 818 1161 884 gene-

169 902 220 971 ris
231 903 421 973 trademus.
472 896 542 968 Hic
556 922 619 988 ego
635 923 714 968 cum
731 898 969 989 impendentia
983 893 1161 966 Ecclesiae

134 1019 137 1027 '
170 1002 327 1094 pericula
351 1003 472 1070 auimo
493 1000 726 1090 praemetior,
758 1023 832 1067 non
848 1021 989 1089 possum
1007 1022 1080 1067 non
1098 1001 1161 1065 de-

170 1103 311 1194 plorare
335 1124 472 1186 causas,
502 1124 591 1194 quae
609 1102 741 1171 multae
760 1113 862 1180 sunt,
888 1113 921 1169 et
944 1113 1025 1168 vota
1047 1099 1160 1167 facere

169 1229 234 1296 pro
253 1203 373 1284 vobis,
399 1203 655 1285 adolescentes,
681 1202 742 1294 qui
760 1201 797 1268 in
813 1196 904 1270 hanc
915 1200 1159 1269 difficillimam

169 1305 334 1374 militiam
351 1303 541 1394 conscripti
558 1304 651 1387 estis,
673 1318 707 1374 et
721 1302 902 1394 aliquanto
913 1315 992 1390 post
1006 1299 1159 1371 subituri

169 1405 375 1475 accerrimas
395 1403 651 1476 dimicationes.
710 1402 806 1472 llaec
822 1404 1057 1471 observantur
1079 1401 1158 1470 ani-

169 1531 229 1574 mo
254 1530 353 1586 meo,
382 1505 520 1598 quoties
548 1507 593 1573 ad
616 1499 681 1573 hos
705 1526 910 1592 congressus
942 1505 1086 1586 accedo,
1118 1503 1157 1569 in

169 1608 301 1699 quibus
323 1620 359 1677 ct
377 1601 445 1677 hoc
466 1600 558 1674 mihi
581 1605 722 1676 videtur
748 1599 985 1696 pulcherrime
1014 1603 1158 1674 institu-

169 1721 264 1792 tum,
290 1732 335 1776 ne
356 1707 427 1777 sint
445 1705 643 1791 inerudita,
663 1721 762 1777 muta
782 1720 815 1776 et
828 1696 1006 1800 βαναυσᾶ
1021 1717 1159 1796 specta·

168 1809 267 1892 cula,
293 1821 334 1878 ut
344 1821 427 1879 sunt
442 1808 622 1894 aularum,
647 1809 709 1878 sed
722 1820 762 1877 ιιι
777 1801 980 1900 inEcclesia
993 1805 1157 1876 iuventus

167 1910 288 1978 audiat
309 1910 465 2002 aliquid,
492 1910 590 2001 quod
620 1911 667 1978 ad
698 1908 934 1978 eruditionem
958 1919 1018 1975 aut
1041 1927 1157 1974 mores

167 2011 294 2098 prosit.
345 2009 422 2079 Hae
436 2009 622 2079 conciones
635 2023 717 2080 sunt
729 2008 958 2101 praecipuum
971 2007 1077 2077 decus
1089 2001 1157 2075 bo·

167 2133 248 2179 rum
265 2133 525 2200 congressuum.

268 2210 460 2303 Postquam
478 2212 586 2300 igitur
598 2235 654 2281 me
668 2211 805 2303 publici
819 2210 976 2287 mirareris
991 2210 1082 2280 ratio
1096 2234 1157 2279 co-

167 2310 218 2401 git
233 2309 303 2380 iam
320 2308 482 2382 hocloco
498 2313 634 2394 dicere,
658 2314 763 2384 valde
780 2313 931 2404 optarim
955 2336 1011 2382 me
1023 2312 1156 2382 oratio-

167 2435 249 2481 nem
271 2414 407 2482 adferre
429 2436 528 2504 posse
551 2415 676 2484 utilem
698 2414 892 2498 iuventuti,
918 2427 952 2484 et
971 2437 1043 2483 non
1061 2414 1155 2482 iniu-

167 2514 320 2584 cundum
339 2515 624 2605 praeceptoribus
646 2514 787 2587 nostris.
837 2512 1069 2585 Decreveram
1093 2539 1155 2584 au·

166 2628 236 2685 tem
251 2614 384 2708 aliquid
410 2616 536 2686 de'illa
559 2617 762 2687 dulcissima
782 2610 1034 2708 Philosophiae
1057 2629 1155 2708 parte

169 2716 305 2800 dicere,
333 2742 422 2809 quae
443 2719 609 2788 coelestes
629 2734 747 2788 motus
769 2731 804 2787 et
825 2718 970 2787 effectus
993 2717 1155 2810 inquirit,

167 2840 272 2910 quam
290 2818 329 2886 in
342 2814 407 2887 hac
421 2813 541 2888 schola
558 2820 679 2888 doceo.
718 2817 790 2888 Sed
807 2814 874 2887 hoc
890 2832 1047 2907 tempore
1063 2819 1156 2886 inter

166 2933 318 2987 caeteras
335 2920 601 3010 occupationes,
624 2921 683 2999 ea,
707 2941 796 3008 quae
809 2912 1075 3000 inchoaveram,
1092 2919 1149 2986 ab

165 3020 300 3087 solvere
324 3043 397 3086 non
421 3017 533 3107 potui.
592 3014 713 3103 Quare
735 3017 847 3105 delegi
874 3017 972 3085 aliud
994 3041 1154 3086 commu-

165 3120 246 3187 nius
268 3131 536 3204 argumentum,
560 3116 605 3186 de
624 3104 774 3209 quo⁴me
789 3120 983 3187 recentium
999 3142 1154 3187 conven-

163 3232 265 3290 tuum
277 3216 432 3286 actiones
448 3218 720 3287 admonuerunt.
755 3216 851 3305 Lego
869 3219 905 3286 in
916 3220 1038 3289 edictis
1048 3218 1154 3289 Prin·

163 3320 284 3408 cipum
299 3311 423 3387 haberi
439 3317 712 3391 deliberationes
727 3318 770 3387 de
784 3320 994 3389 dirimendis
1012 3335 1153 3389 contro-

163 3418 289 3488 versiis
320 3417 572 3490 ecclesiasticis.
644 3418 776 3509 Magna
803 3434 836 3491 et
864 3415 1006 3491 heroica
1039 3421 1152 3493 virtus

163 3534 214 3591 est
232 3518 458 3610 Principum,
483 3520 513 3589 si
529 3520 711 3590 veritatem
731 3523 884 3610 patelieri
902 3536 934 3590 et
951 3523 1152 3592 confirmari

162 3621 298 3690 volunt.
360 3619 400 3690 ld
428 3621 459 3689 si
477 3621 603 3691 facturi
626 3634 728 3701 sunt,
763 3624 862 3691 decet
886 3618 1085 3715 εὐφημεῖν,
1118 3637 1152 3692 et

163 3724 252 3791 hene
272 3722 427 3813 precari,
451 3735 492 3792 ιιι
515 3722 666 3792 salutare
688 3722 887 3791 institutum
909 3719 1006 3792 Deus
1025 3746 1152 3814 prove-

162 3819 236 3896 hat.
286 3823 357 3894 Sed
374 3848 394 3892 ο
411 3846 485 3892 rem
501 3821 664 3893 miseram
683 3823 843 3891 acerbam
860 3837 894 3892 et
909 3828 1151 3912 execrandam,

162 3918 231 3994 hoc
250 3925 372 3994 moliri
394 3919 521 3994 harum
542 3924 721 4008 actionum
738 3926 844 3993 doces
860 3919 923 3994 καὶ
938 3919 1153 4017 βραβευτὰς

162 4025 291 4108 audio,
315 4039 356 4096 ut
375 4026 506 4098 fucosis
529 4025 836 4095 conciliationibus
852 4027 1014 4093 tenebras
1029 4021 1151 4094 Evan-

160 4127 253 4218 gelio
276 4125 466 4212 inducant,
498 4141 532 4198 et
552 4127 811 4197 illucescentem
841 4125 1021 4195 veritatem
1048 4126 1151 4195 novis

160 4223 360 4320 praestigiis
382 4229 553 4309 obruant,
586 4253 625 4298 ac
650 4241 748 4298 tanto
772 4228 900 4297 scelere
924 4227 1036 4296 otium
1055 4227 1150 4296 redi-

160 4339 271 4397 mant.
321 4323 426 4397 Hanc
448 4330 494 4398 ad
514 4352 590 4398 rem
610 4325 780 4400 adhibent
803 4324 966 4397 homines
993 4329 1151 4415 callidos,

161 4430 224 4499 sed
241 4450 345 4517 prave
359 4428 550 4515 institutos,
569 4445 603 4501 et
618 4433 662 4500 ad
671 4426 906 4522 Sophisticam
922 4432 1149 4503 adsuefactos.

160 4523 325 4600 Christus
339 4530 389 4601 ait
405 4532 627 4600 mendacium
640 4556 659 4600 a
673 4532 815 4601 diabolo
831 4532 935 4601 oriri:
961 4532 1059 4601 nulla
1083 4532 1149 4620 igi-

742 317 902 392 naoc.
936 314 1012 391 ou
1045 312 1193 391 onio
1230 311 1635 419 sormsrrcas.
1739 403 1745 415 ¹

2127 316 2203 396 546

1211 488 1251 556 in
1277 487 1387 557 veteri
1419 509 1521 554 versu
1553 485 1699 553 dicitur:
1734 481 1845 579 ἔπτηξ
1873 482 2035 584 ἀλέκτωρ
2064 485 2204 564 δοῦλον

1211 585 1261 669 ὡς
1282 583 1410 669 κλίνας
1429 584 1574 681 πτίρον.
1631 584 1843 656 lmbuendae
1867 604 1948 660 sunt
1965 593 2073 680 igitur
2087 595 2201 664 bonae

1209 704 1344 760 mentes
1376 712 1496 759 amore
1529 688 1702 772 veritatis,
1735 702 1769 758 et
1798 689 2041 761 instillandum
2071 696 2201 763 acerri-

1210 816 1307 862 mum
1331 794 1453 860 odium
1471 785 1686 881 sophistices.
1739 787 1841 860 Hanc
1865 793 1912 861 ob
1927 817 2066 862 causam
2083 819 2199 864 exem-

1209 893 1265 984 pla
1292 895 1464 986 quaedam
1489 891 1710 982 superiorum
1735 904 1952 983 temporum,
1982 920 2057 963 non
2082 897 2197 966 solum

1208 995 1246 1063 in
1261 990 1437 1077 Ecclesia,
1462 996 1521 1062 sed
1546 993 1650 1064 etiam
1670 993 1709 1060 in
1729 993 1889 1084 imperiis
1904 995 2045 1086 collegi,
2072 1011 2111 1068 ut
2133 1000 2198 1067 ad-

1209 1109 1377 1165 moneant
1392 1095 1576 1183 fugiendas
1593 1115 1665 1161 esse
1682 1093 1813 1162 similes
1831 1097 2049 1186 praestigias,
2084 1113 2118 1169 et
2136 1123 2197 1191 sy-

1208 1193 1450 1288 cophanticam
1467 1193 1750 1283 indignissimam
1766 1195 1851 1264 viris
1860 1198 2043 1286 gravibus,
2065 1215 2098 1270 et
2114 1224 2195 1291 per-

1207 1299 1376 1369 niciosam
1402 1297 1505 1369 vitae.
1562 1291 1739 1364 Exordiar
1760 1309 1874 1365 autem
1896 1301 1941 1366 ab
1962 1301 2193 1372 ecclesiastico

1207 1401 1376 1490 exemplo.

1307 1499 1398 1572 Cum
1414 1515 1501 1573 esset
1515 1494 1825 1589 iugensEcclesiae
1837 1500 2033 1584 calamitas,
2059 1505 2193 1574 discor·

1206 1603 1264 1672 dia
1287 1626 1328 1671 ex
1349 1603 1457 1694 impio
1480 1599 1560 1672 Arii
1582 1602 1744 1690 dogmate
1764 1615 1865 1686 nata,
1896 1604 2017 1684 multi,
2049 1621 2089 1677 ut
2112 1620 2194 1677 sunt

1206 1698 1392 1773 hominum
1415 1702 1579 1785 consilia,
1613 1715 1776 1772 nontam
1791 1702 1947 1788 veritati,
1974 1727 2079 1796 quam
2096 1719 2196 1776 tran-

1205 1803 1372 1896 quillitati
1397 1802 1821 1893 consultumcupiebant.
1885 1803 2006 1897 ltaque
2037 1807 2076 1875 in
2106 1805 2195 1902 Syr-

1204 1905 1330 1973 miensi
1339 1903 1486 1998 Synodo
1496 1903 1651 1997 quaesita
1668 1917 1719 1973 est
1732 1904 1896 1993 ambigua
1906 1907 2077 1994 formula,
2104 1933 2194 2001 quae

1205 2007 1234 2076 si
1258 2009 1304 2077 ab
1327 2022 1476 2098 utraque
1499 2020 1598 2097 parte
1620 2005 1852 2095 reciperetur,
1886 2007 2073 2078 dissidium
2089 2011 2195 2080 tolle-

1205 2122 1268 2182 ret.
1326 2106 1521 2192 Convenit,
1554 2120 1593 2177 ιιι
1616 2129 1739 2176 omnes
1755 2103 1932 2178 Ecclesiae
1953 2111 2084 2200 pariter
2100 2112 2194 2201 lege-

1204 2223 1284 2279 rent
1302 2209 1339 2277 in
1363 2208 1523 2303 symbolo
1548 2204 1698 2302 ὅμοιον,
1732 2234 1811 2278 cum
1835 2224 1936 2281 antea
1953 2212 2004 2301 pii
2028 2213 2193 2302 legissent

1204 2303 1416 2405 ὅμοούσιον.
1450 2304 1736 2381 HicCothurnus
1746 2312 1887 2404 utrique
1901 2313 1981 2403 pedi
1996 2337 2192 2403 congruens

1205 2415 1391 2483 videbatur
1412 2412 1595 2483 sustulisse
1617 2413 1838 2485 discordiam.
1898 2411 1969 2483 Sed
1990 2415 2074 2506 quid
2101 2417 2193 2484 acci-

1205 2516 1281 2584 dit?
1318 2512 1452 2605 Fucosa
1477 2537 1661 2606 nunquam
1684 2512 1860 2582 durabilia
1879 2525 1973 2586 sunt.
2022 2512 2112 2584 Cum
2131 2516 2193 2584 alii

1204 2616 1306 2687 aliter
1331 2615 1648 2707 interpretarentur
1677 2615 1896 2708 symbolum,
1930 2639 2051 2685 rursus
2069 2617 2192 2685 incen-

1204 2719 1304 2788 dium
1320 2717 1434 2787 maius
1449 2742 1489 2786 ex
1505 2718 1565 2785 illa
1588 2718 1662 2805 ipsa
1685 2716 1838 2809 symboli
1854 2717 2052 2807 corruptela
2075 2731 2191 2786 ortum

1204 2833 1266 2889 est.
1317 2816 1630 2887 Confirmabantur
1651 2818 1745 2885 enim
1760 2817 1903 2901 Ariani,
1930 2840 2001 2886 non
2019 2820 2193 2887 sanaban-

1204 2926 1280 3002 tur,
1306 2920 1355 3009 pii
1380 2921 1647 3010 premebantur,
1680 2918 1873 2988 imbecilles
1896 2933 1929 2989 et
1953 2919 2086 2988 indocti
2112 2943 2193 3011 per·

1204 3022 1450 3094 turbabantur.
1502 3018 1602 3089 Talis
1616 3032 1666 3087 est
1682 3019 1794 3089 exitus
1808 3014 1936 3090 horum
1952 3020 2194 3107 consiliorum,
2250 3064 2258 3084 ι

1204 3145 1354 3213 quorum
1367 3121 1481 3210 imago
1497 3122 1533 3190 in
1549 3121 1739 3189 comoediis
1752 3121 1982 3211 proponitur,
2010 3145 2083 3192 non
2100 3139 2139 3194 ut
2154 3146 2194 3193 ea

1204 3222 1384 3291 imitemur
1406 3220 1447 3294 in
1471 3220 1721 3311 religionibus,
1752 3221 1791 3291 in
1813 3220 1989 3312 imperiis,
2022 3223 2059 3291 in
2083 3225 2194 3293 mori-

1203 3323 1287 3405 bus,
1313 3323 1373 3393 sed
1398 3336 1437 3393 ut
1466 3347 1588 3393 cavere
1613 3323 1798 3392 discamus.
1856 3323 2004 3393 Ludunt
2018 3325 2110 3392 servi
2127 3326 2195 3393 fal-

1202 3423 1320 3504 laciis,
1345 3437 1386 3494 ιιι
1401 3423 1524 3518 Syrus.
1575 3422 1670 3494 Huic
1691 3425 1855 3515 equidem
1872 3424 2020 3492 consilio
2038 3425 2191 3517 palmam

1203 3527 1271 3609 do,
1302 3520 1360 3593 hic
1384 3550 1441 3594 me
1464 3524 1645 3615 magnifice
1670 3525 1796 3609 effero,
1828 3524 1891 3615 qui
1915 3525 1985 3592 vim
2004 3539 2136 3595 tantam
2155 3528 2193 3596 in

1202 3649 1258 3693 me
1275 3639 1308 3694 et
1324 3639 1528 3716 potestatem
1547 3622 1693 3695 habeam
1709 3638 1826 3695 tantae
1846 3626 2011 3708 astutiae,
2036 3650 2118 3696 vera
2136 3628 2193 3695 di-

1203 3727 1315 3793 cendo
1331 3739 1371 3796 ut
1389 3749 1448 3794 eos
1464 3729 1587 3794 ambos
1600 3725 1732 3794 fallam.
1785 3724 1854 3794 Sed
1872 3725 1933 3791 ille
1950 3726 2042 3793 idem
2058 3743 2192 3798 vetera·

1203 3839 1259 3895 tor
1283 3809 1466 3917 aliquanto
1492 3839 1570 3916 post
1595 3818 1855 3913 deprehensus,
1882 3823 1967 3915 quid
1984 3825 2056 3895 ait?
2086 3825 2193 3913 Perii,
2278 3810 2292 3840 '

1201 3926 1384 4008 scelestus,
1415 3939 1565 4016 quantas
1587 3926 1707 3993 turbas
1720 3924 1874 3993 conscivi
1897 3925 2059 3999 insciens.
2109 3927 2192 3999 Nou

1202 4026 1266 4095 diu
1289 4025 1459 4095 fefellerat
1480 4048 1598 4106 senes,
1632 4026 1691 4094 sed
1721 4025 1788 4094 sibi
1813 4025 1931 4118 plagas
1954 4029 2193 4102 accersiverat.

1203 4128 1357 4198 Narrant
1367 4122 1533 4197 historiae
1548 4127 1587 4196 in
1602 4127 1661 4194 illa
1672 4125 1868 4220 Syrmicnsi
1878 4126 2023 4222 Synodo
2040 4132 2193 4203 adfuisse

1203 4228 1400 4320 Hispanum
1422 4224 1636 4321 Episcopum
1659 4223 1786 4298 Osium
1811 4242 1903 4299 recte
1926 4232 2133 4302 sentientem
2153 4259 2192 4304 ac

1201 4343 1346 4426 propter
1367 4332 1602 4400 eruditionem
1619 4342 1654 4400 et
1674 4331 1837 4422 pietatem
1859 4331 2010 4402 clarum:
2043 4329 2101 4403 hic
2117 4336 2192 4405 sive

1201 4431 1357 4503 mollicie
1380 4434 1508 4516 animi,
1539 4433 1613 4501 sive
1634 4433 1894 4501 circumventus
1916 4434 2033 4526 aliqua
2054 4431 2192 4523 techna,

1203 4548 1242 4604 ut
1263 4535 1321 4618 lit,
1349 4534 1592 4625 comprobavit
1617 4534 1817 4620 ambiguam
1843 4546 1876 4603 et
1905 4531 2190 4626 sycophanticam

161 4646 222 4703 tur
244 4643 450 4700 aetascaret
472 4628 684 4722 Sophistica.
736 4631 883 4724 Semper
906 4634 999 4701 enim
1025 4634 1149 4703 diabo-
1202 4635 1402 4711 formulam.
1463 4633 1580 4701 'Panto
1604 4622 1681 4701 viro
1713 4657 1786 4701 non
1810 4634 1886 4702 leve
1909 4636 2038 4704 vulnus
2061 4637 2190 4710 inflixit

160 4735 218 4802 lus
246 4732 333 4801 serit
354 4732 553 4812 mendacia,
587 4745 622 4802 et
642 4744 683 4801 ut
707 4731 779 4802 sint
803 4733 1022 4824 plausibilia,
1052 4758 1149 4804 com·
1202 4733 1260 4806 hic
1282 4759 1398 4818 error,
1424 4736 1626 4824 praesertim
1650 4735 1803 4803 intuenti
1827 4747 1947 4823 postea
1960 4759 2069 4804 novas
2086 4741 2191 4808 dissi-

160 4834 306 4903 mendat
321 4834 441 4927 aliquo
461 4845 651 4924 praetextu.
691 4831 768 4902 Hae
784 4833 933 4904 insidiae
948 4861 1044 4907 nuuc
1059 4861 1150 4929 quo·
1202 4838 1372 4930 pationes.
1432 4836 1582 4907 Dolebat
1602 4861 1621 4907 a
1644 4859 1680 4904 se
1705 4835 1879 4924 proditam
1904 4857 1977 4905 esse
1994 4839 2190 4927 veritatem,

161 4959 231 5028 que
248 4937 421 5004 cavendae
437 4949 536 5019 sunt,
563 4934 766 5026 praesertim
781 4958 860 5003 cum
876 4930 960 5007 haec
973 4953 1066 5008 aetas
1076 4939 1149 5007 fato
1203 4938 1427 5009 confirmatos
1441 4938 1631 5028 impiorum
1647 4938 1801 5021 furores,
1826 4938 2072 5028 perturbatum
2085 4942 2191 5035 spiri-

161 5038 315 5130 quodam
334 5036 495 5107 videatur
509 5034 662 5106 obnoxia
687 5034 925 5105 crebrioribus
939 5039 1150 5111 mutationi·
1203 5054 1282 5111 tum
1299 5054 1455 5112 sanctum
1477 5039 1515 5107 in
1536 5040 1659 5121 bonis,
1683 5039 1853 5109 adductos
1874 5038 1913 5108 in
1931 5041 2189 5115 dubitationem

160 5138 247 5222 bus,
274 5151 307 5207 et
326 5138 413 5207 mira
427 5138 473 5207 sit
490 5138 715 5226 ingeniorum
741 5137 1000 5207 inconstantia?
1032 5141 1150 5210 curio-
1205 5142 1407 5216 imbecilles.
1466 5138 1562 5229 Quid
1585 5153 1636 5211 est
1660 5141 1816 5230 turpius,
1846 5166 1952 5235 quam
1980 5145 2024 5214 de
2049 5145 2190 5215 coelesti
2290 5231 2295 5240 Ι

159 5237 262 5322 sitas,
295 5241 497 5330 petulantia.
555 5235 602 5308 Et
628 5252 728 5327 urget
751 5238 950 5307 occasiones
977 5241 1150 5319 diabolus.
1204 5244 1362 5313 doctrina
1381 5245 1430 5313 sic
1445 5244 1587 5322 ludere,
1611 5254 1651 5312 ut
1668 5241 1706 5308 in
1722 5244 1912 5313 comoediis
1936 5244 2065 5316 ludunt
2080 5245 2188 5315 Pseu·

158 5339 235 5409 Alii
253 5342 438 5411 fastidiunt
460 5356 552 5412 recte
567 5341 715 5424 tradita,
737 5341 797 5408 alii
825 5342 1024 5429 arrogantia
1040 5366 1151 5413 novas
1204 5345 1326 5428 dolus,
1358 5343 1545 5427 Palestrio,
1569 5339 1757 5426 Phormio,
1779 5357 1838 5413 aut
1852 5345 1983 5414 similes
1992 5339 2209 5438 sycophan·.

157 5441 350 5534 opiniones
374 5456 567 5537 quaerunt,
598 5444 689 5512 alius
717 5441 843 5514 metuit
870 5444 1083 5524 certamina,
1110 5460 1150 5516 ut
1203 5445 1283 5557 9²?
1331 5442 1379 5517 Et
1405 5459 1521 5518 tamen
1538 5443 1705 5527 ‚videmus
1722 5457 1990 5533 potentesnunc
2006 5447 2192 5540 praecipue

218 5547 397 5611 lllrcanru.
415 5551 520 5615 Oeen.
535 5548 618 5613 Vos.
634 5545 696 5614 Xl.
1706 5541 1755 5616 35
