4732 6030
88 372 140 449 65
581 366 743 441 DECL.
776 365 850 440 DE
883 361 1161 440 ENCOMIO
1195 360 1633 454 ELOQUENTIAE.
2076 373 2124 446 66

89 545 191 619 facile
208 558 259 615 est
279 543 447 613 iudicare.
487 539 561 612 Nec
577 542 672 611 videt
689 564 792 610 senex
810 539 871 610 ille
895 536 1082 636 synthesiu
1134 564 1213 608 cum
1248 539 1409 607 nondum
1439 536 1511 608 sint
1544 539 1709 629 perpoliti
1742 541 1866 629 primis
1895 544 2120 616 rudimentis.

90 672 162 719 esse
178 647 462 737 grammaticam,
488 669 568 714 cum
591 644 797 712 universum
815 666 935 712 sexum
950 643 1082 734 plurali
1132 639 1247 711 Deum
1262 638 1515 719 immortalem,
1541 663 1647 733 quam
1664 643 1876 713 infoeliciter
1890 648 1991 716 cessit
2009 649 2121 717 maio·

88 751 200 820 verbo
217 747 474 838 complectitur.
525 743 663 816 Similia
679 740 806 813 horum
829 745 987 836 exempla
1007 765 1080 812 non
1133 743 1231 810 ribus
1250 743 1380 810 uostris
1401 735 1488 809 haec
1510 743 1791 834 praecipitantia·
1839 745 1987 817 Nullum
2010 772 2121 838 genus

88 875 170 921 rara
203 848 442 941 suppeditabit
477 847 706 938 quotidianus
739 846 953 937 scriptorum
986 869 1082 918 usus.
1132 845 1260 914 artium
1284 843 1526 934 superioribus
1548 847 1674 916 seculis
1695 870 1769 915 non
1785 846 1887 916 foede
1909 874 2122 942 conspurca-

89 951 274 1024 Postremo
291 974 396 1042 quam
413 948 519 1017 aliam
544 949 591 1017 ob
612 970 750 1017 causam
767 944 954 1038 sophistae
975 947 1082 1017 sacris
1131 958 1207 1015 tum
1232 960 1284 1015 est
1302 947 1351 1014 ab'
1370 940 1445 1030 his,
1471 945 1532 1037 qui
1554 971 1633 1016 cum
1656 948 1885 1038 elegantiores
1905 951 2024 1021 literas
2047 978 2120 1023 non

90 1054 193 1123 libris
221 1051 408 1141 ablegatis,
440 1073 574 1118 novum
599 1044 816 1139 Theologiae
845 1073 954 1140 genus
981 1073 1083 1138 repe·
1132 1047 1338 1135 attigissent,
1353 1047 1718 1141 inoptimasquasque
1734 1066 1766 1119 et
1782 1051 2121 1138 gravissimasdisci-

90 1179 180 1235 rere,
200 1178 308 1247 quam
325 1153 419 1245 quod
437 1151 580 1221 illorum
597 1174 809 1236 sermonem,
836 1149 1081 1221 etdisserendi
1134 1149 1247 1240 plinas
1266 1164 1433 1241 tanquam
1450 1148 1488 1215 in
1503 1171 1599 1216 rosas
1615 1152 1710 1239 porci
1728 1153 1919 1226 irruerunt.
1960 1151 2121 1226 Theolo-

90 1257 265 1327 rationem
280 1277 353 1321 nnn
366 1252 672 1345 adsequebantur?
693 1252 855 1341 erorum
871 1253 1081 1344 exemplum,
1132 1253 1188 1340 gia
1209 1250 1326 1319 stultis
1348 1265 1380 1319 et
1404 1250 1521 1341 impiis
1543 1253 1809 1341 quaestionibus
1825 1279 1969 1343 prorsus
1992 1260 2119 1329 obruta

91 1358 123 1428 si
137 1380 243 1451 quem
259 1381 278 1424 a
295 1355 457 1423 barbarie
471 1379 544 1422 raon
558 1355 730 1438 deterret,
750 1355 781 1422 is
795 1355 979 1433 fustuario,
1006 1378 1080 1421 non
1133 1366 1193 1422 est.
1248 1350 1321 1439 Qui
1337 1345 1604 1441 Philosophiam
1626 1353 1773 1443 professi
1798 1369 1899 1439 snnt,
1927 1381 1972 1425 ne
1989 1383 2120 1430 nomen

93 1459 254 1528 oratione
272 1457 493 1546 castigandus
511 1470 578 1525 est:
605 1480 687 1523 nam
704 1457 733 1524 si
749 1457 940 1547 perrexerit
956 1456 1082 1523 iuven·
1133 1454 1276 1546 quidem
1302 1453 1387 1522 artis
1410 1453 1493 1524 satis
1508 1455 1764 1524 intellexerunt.
1816 1452 1870 1524 De
1887 1459 1982 1542 iure,
2008 1485 2119 1554 aequo

92 1573 150 1631 tus
164 1562 274 1629 bonas
291 1559 410 1628 literas
424 1570 660 1642 contemnere,
685 1552 904 1628 hauddubie
920 1559 1082 1627 futurum
1133 1579 1172 1625 ac
1190 1557 1288 1623 bono
1303 1555 1379 1623 fieri
1401 1580 1473 1624 non
1492 1556 1625 1643 potuit,
1652 1570 1691 1624 ut
1705 1557 1899 1649 quidquam
1922 1561 1998 1629 sani
2024 1587 2122 1632 com-

93 1673 162 1753 est,
188 1658 331 1751 optimis
352 1659 540 1748 neglectis,
565 1673 606 1730 ut
622 1682 744 1728 rursus
760 1683 876 1730 sacrae
896 1661 1083 1750 bonaeque
1133 1657 1406 1726 miniscerentur
1428 1653 1484 1741 hi,
1511 1656 1573 1750 qui
1590 1658 1813 1746 elegantioris
1839 1659 2039 1732 literaturae
2060 1690 2123 1734 ru-

90 1785 148 1833 res
169 1783 295 1831 omnes
314 1784 454 1852 pessum
479 1773 572 1833 eant.
623 1758 778 1831 Fallitur
806 1759 901 1830 enim
924 1759 1084 1852 quisquis
1134 1759 1326 1849 deserant:
1350 1760 1445 1849 quod
1462 1772 1495 1828 et
1511 1760 1626 1848 ipsum
1642 1760 1850 1850 disciplinae
1866 1785 1976 1850 genus
1992 1789 2032 1834 ex
2047 1791 2122 1835 me-

10 1882 13 1895 “
91 1863 210 1933 ‚verbis
231 1862 388 1945 tantum,
420 1884 495 1929 non
517 1861 621 1930 etiam
644 1876 765 1931 mente
790 1863 959 1931 barbaros
976 1861 1082 1928 fuisse
1135 1858 1204 1926 diis
1218 1855 1449 1928 humanitatis
1464 1861 1598 1928 artibus
1614 1862 1810 1931 derivatum
1826 1863 1887 1947 sit,
1913 1878 1948 1934 et
1964 1881 2121 1937 veterum

92 1961 370 2052 Theologastros
389 1963 475 2029 istos
490 1975 619 2033 censet.
671 1961 743 2029 lam
759 1962 787 2030 si
803 1961 945 2055 quando
959 1957 1084 2030 Eccle-
1135 1956 1470 2030 lurisconsultorum
1495 1962 1618 2032 literae
1643 1964 1767 2054 plenae
1788 1965 1860 2035 sint
1882 1967 2033 2055 priscae,
2060 1994 2122 2038 ve-

93 2065 272 2136 siasticnm
306 2064 431 2151 dogma
462 2065 635 2132 tuendum
669 2062 794 2143 fuerit,
835 2062 921 2155 qnid
953 2083 1083 2154 quaeso
1118 2083 1263 2153 raeque
1296 2062 1519 2133 eruditionis.
1574 2062 1697 2157 Neque
1727 2089 1825 2134 nnnc
1857 2090 1919 2156 ego
1949 2073 2121 2140 sermonis

91 2165 288 2260 praestabit
306 2165 354 2248 is,
380 2162 543 2254 quiquid
561 2163 703 2248 sentiat,
729 2164 902 2256 explicare
919 2187 992 2232 non
1016 2186 1083 2253 po·
1134 2163 1341 2252 spurcitiem
1356 2178 1492 2234 tautum
1510 2166 1549 2234 in
1567 2168 1695 2236 artium
1714 2168 1971 2257 professoribus
1988 2195 2123 2259 accuso,

94 2267 187 2340 test?
221 2261 281 2334 An
300 2263 548 2333 confusaneam
563 2264 719 2357 aliquam
734 2289 773 2334 ac
787 2265 934 2335 stoicam
951 2263 1083 2334 oratio-
1134 2265 1195 2333 sed
1218 2262 1515 2356 imprudentiam,
1548 2293 1665 2360 aquo
1688 2291 1723 2338 se
1747 2270 1833 2338 vitio
1858 2273 2017 2341 adserere
2047 2299 2119 2344 non

94 2394 179 2441 nem
205 2368 356 2449 adferet,
380 2365 418 2432 in
438 2366 566 2459 quade
588 2368 777 2436 verborum
797 2366 1084 2458 interpunctione
1135 2381 1294 2457 possunt,
1317 2392 1469 2459 quorum
1487 2368 1626 2458 ingenia
1643 2370 1783 2439 dicendi
1799 2372 1933 2440 artibus
1950 2398 2023 2442 non
2039 2391 2122 2446 sunt

94 2468 252 2543 rixetur?
286 2463 346 2536 Ab
365 2464 434 2536 hoc
456 2466 599 2536 auditor
622 2492 702 2536 cum
730 2468 918 2560 expectarit
950 2467 1084 2559 perspi·
1135 2467 1282 2541 exculta.
1334 2467 1454 2557 Quare
1471 2492 1544 2539 non
1567 2493 1663 2539 cesso
1680 2495 1741 2539 vos
1763 2468 1962 2552 adhortari,
1989 2476 2032 2543 ad
2051 2478 2122 2545 ele-

95 2597 198 2645 cuam
234 2569 322 2637 sacri
355 2568 528 2657 dogmatis
561 2571 824 2655 tractationem,
867 2570 1013 2662 perinde
1046 2593 1085 2637 ac
1134 2567 1273 2659 gantiae
1301 2594 1491 2664 earumque
1523 2572 1652 2641 artium
1682 2573 1858 2656 studium,
1892 2574 1968 2644 sine
1993 2579 2123 2670 quibus

95 2671 201 2749 hians
217 2694 342 2740 corvus
358 2670 531 2753 discedet,
557 2670 619 2739 din
638 2672 765 2742 frustra
782 2673 938 2745 molestis
956 2671 1085 2740 distin·
1135 2671 1342 2764 disciplinae
1368 2673 1525 2765 reliquae
1547 2698 1621 2742 non
1652 2689 1802 2764 possunt
1823 2699 1897 2743 non
1928 2677 2122 2748 infoelicis-

95 2775 273 2848 ctionibus
288 2771 463 2860 fatigatus.
502 2769 624 2864 ltaque
638 2798 726 2864 quos
743 2773 881 2863 pietatis
897 2786 995 2844 tenet
1010 2787 1085 2841 stu·
1134 2773 1222 2843 sime
1236 2773 1398 2857 tractari,
1422 2778 1517 2867 quod
1535 2799 1553 2844 a
1571 2775 1672 2845 vobis
1690 2799 1752 2864 par
1769 2789 1830 2858 est,
1856 2791 1895 2845 nt
1912 2779 1965 2846 vel
1984 2780 2122 2869 publica

96 2878 216 2960 dium,
240 2874 266 2942 ii
285 2874 340 2942 vel
355 2868 517 2952 Christo,
543 2873 599 2938 vel
624 2872 784 2959 publicae
804 2873 1001 2943 necessitati
1015 2869 1086 2941 Ec·
1135 2876 1320 2944 necessitas
1334 2877 1509 2966 impetret.
1543 2874 1632 2944 Nam
1648 2877 1710 2945 ubi
1725 2878 1929 2967 disciplinas
1945 2882 2123 2966 graviores

97 2979 221 3052 clesiae
236 2971 306 3046 hoc
317 2984 496 3061 praestent
508 2969 633 3053 oflicii,
658 2983 694 3039 ut
713 2985 805 3040 recte
820 2972 919 3066 loqui
938 2972 1088 3048 discant.
1136 2976 1271 3048 vitiarit
1292 2976 1491 3060 barbaries,
1522 2977 1712 3065 periclitari
1733 2978 1847 3048 solent
1872 2993 1906 3049 et
1936 2973 2122 3053 hominum

96 3080 209 3151 Vocat
223 3071 295 3142 huc
311 3066 567 3153 etiamPaulus‚
592 3094 671 3139 cnm
691 3070 934 3143 inCorintbiis
947 3074 1088 3162 lingna-
1136 3100 1264 3148 mores.
1321 3073 1387 3147 Est
1410 3077 1504 3145 euim
1532 3077 1644 3147 multo
1670 3079 1787 3149 verius
1813 3074 1897 3164 hoc,
1928 3088 2122 3175 comparari

95 3206 178 3253 rum
196 3172 353 3245 studium
368 3174 516 3273 probat,
539 3171 640 3240 ceritis
660 3175 829 3244 autoritas
851 3176 977 3246 merito
992 3177 1084 3268 apud
1137 3201 1254 3247 mores
1274 3203 1315 3249 ex
1335 3179 1516 3262 doctriua,
1543 3203 1647 3271 quam
1661 3184 1757 3271 quod
1775 3178 1877 3253 Plato
1900 3183 2057 3275 scripsit,
2083 3212 2124 3257 ex

97 3304 163 3350 vos
186 3274 301 3345 valere
325 3274 450 3357 debet,
477 3272 607 3365 quibus
631 3273 669 3343 in
692 3299 753 3345 ore
772 3291 845 3363 ‚tam
870 3279 1003 3347 multus
1025 3291 1087 3347 est.
1138 3277 1361 3350 Musicorum
1383 3281 1555 3352 cantibus.
1605 3279 1702 3353 Dixi.

99 3373 260 3454 lndicavi
282 3373 402 3465 paucis
426 3374 513 3467 quid
543 3376 589 3444 ad
613 3375 794 3447 literarum
821 3373 1086 3470 prophanarum

95 3507 139 3556 ec
165 3498 343 3551 sacrarum
367 3475 611 3546 tractationem
634 3481 808 3550 conducat
829 3495 921 3550 recte
945 3481 1086 3551 dicendi

94 3581 256 3663 scientia.
306 3575 411 3649 Nunc
426 3590 581 3647 vestrum
597 3590 649 3648 est
668 3572 749 3649 cum
772 3582 984 3670 elegantiore
1006 3583 1086 3653 lite-

93 3701 217 3761 ratura
233 3679 436 3769 ingratiam
452 3679 586 3762 redire,
607 3702 754 3775 eamque
769 3684 896 3774 cupide
912 3683 1087 3772 amplecti.
1143 3655 1316 3784 M

98 3788 215 3859 Video
238 3783 427 3875 plerosque
450 3779 697 3868 intempestive
726 3807 915 3874 properare
937 3788 979 3855 ad
1008 3809 1088 3876 gra·

1947 3757 2121 3786 Μ

98 3890 235 3971 viores,
260 3897 300 3954 ut
321 3894 469 3964 vocant,
493 3880 729 3983 disciplinas,
743 3887 915 3977 quosdam
936 3889 981 3955 ad
1006 3885 1087 3957 lura
1488 3860 1566 3941 De
1595 3859 1779 3975 leqibtts.

99 3989 288 4069 discenda,
313 3985 357 4052 ad
375 3981 593 4052 Medicinam
615 4005 693 4075 spes
710 3999 873 4078 quaestus
889 3988 1001 4074 rapit,
1027 3989 1087 4055 alii

99 4091 146 4163 ad
160 4084 646 4176 Theologiam'contenduut,
670 4087 876 4178 priusquam
892 4087 1004 4156 robur
1023 4089 1090 4156 ali·
1213 4160 1220 4173 ,
1240 4103 1364 4157 servet.
1379 4101 1412 4158 Τ.
1425 4101 1447 4153 t.
1461 4121 1486 4173 p.
1498 4099 1555 4156 17⁵.
1568 4110 1594 4154 et
1605 4104 1633 4153 tn
1646 4098 1776 4157 Bishai-d.
1790 4101 1823 4156 T.
1834 4104 1867 4159 tt.
1875 4107 1978 4225 ptos.
1997 4137 2032 4151 -
2066 4117 2127 4166 ne·

104 4192 198 4286 quod
212 4188 360 4259 fecerint
373 4185 412 4254 in
427 4184 544 4255 studio
558 4185 686 4257 artium
701 4186 854 4256 dicendi.
891 4184 963 4277 Qui
981 4187 1011 4257 si
1026 4212 1089 4259 suo
1241 4171 1464 4310 {zss'ggsslssn‘gg
1467 4169 1697 4311 :ffbfffflffiglzc
1698 4169 1793 4311 mvl,
1804 4175 1874 4314 13⁰⁷?
1875 4213 1909 4296 pe
1913 4175 2027 4314 ⁸¹2szss
2039 4180 2128 4301 ἔίξοιξ

103 4315 261 4388 quaeque
274 4288 401 4359 ordine
418 4288 703 4376 adgrederentur,
725 4288 819 4358 bone
833 4286 940 4373 Deus,
956 4303 1090 4384 quanto
1243 4330 1275 4365 ax
1299 4309 1409 4381 puttteo
1435 4307 1570 4364 instituto.
1605 4310 1679 4365 Nam
1702 4310 1789 4380 legem
1807 4311 1935 4377 tutinus,
1960 4324 1991 4369 ur
2014 4315 2128 4386 singulis

103 4417 180 4465 rem
203 4391 361 4462 foelicius
379 4389 566 4479 gererent?
597 4386 707 4461 Nunc
728 4390 818 4460 male
839 4404 973 4463 tentato
993 4417 1092 4463 com·
1243 4377 1382 4435 mensibus
1395 4376 1592 4434 ³⁸⁰¹⁸¹¹¹⁶¹¹¹‘·”

1209 4032 1291 4107 Apud
1306 4033 1381 4086 Cret.
1394 4030 1465 4100 Myt.
1483 4050 1508 4104 p.
1524 4030 1571 4084 185
1583 4049 1659 4101 sqq„
1676 4030 1704 4084 in
1719 4031 1871 4089 Declamst.
1885 4034 1918 4089 T.
1929 4035 1952 4091 l.
1965 4055 1992 4109 p.
2003 4038 2081 4105 204..
2099 4042 2126 4095 in

103 4492 236 4589 1)ωάἰο
252 4484 288 4610 il’
289 4493 318 4561 δί
334 4515 407 4563 ⁸⁹⁸²
422 4504 648 4609 m⁰r³¹¹²¹¹l⁰·
707 4593 716 4611 .
761 4592 771 4612 .
927 4592 971 4612 ..
1081 4596 1090 4614 .
1317 4541 1379 4610 De
1399 4539 1435 4610 le
1464 4535 1683 4611 ibnsorots‘o
1707 4534 1823 4610 Pttt.
1850 4541 1950 4612 Mel.

207 4593 291 4664 Furt
315 4594 406 4684 apud
431 4616 497 4662 nos
512 4589 634 4662 Morio
656 4617 849 4685 quisptam,
875 4619 938 4688 qur
960 4620 998 4664 nr
1014 4589 1092 4666 herr
1435 4560 1461 4634 9
1772 4682 1776 4689 ,

102 4698 262 4771 malinam
286 4717 325 4762 ex
348 4693 563 4783 moreligua
583 4694 734 4765 ferebat:
779 4695 809 4764 is
832 4696 959 4767 solitus
979 4710 1030 4768 est
1052 4722 1093 4768 ex
1142 4680 1363 4764 Desiderant
1383 4688 1422 4757 in
1446 4712 1503 4757 me
1518 4688 1717 4779 plusculum
1737 4690 1884 4758 fortasse
1902 4691 2050 4783 pudoris
2065 4693 2132 4763 ali-

104 4800 228 4871 infima
243 4809 350 4878 strue,
371 4819 409 4864 ea
423 4796 603 4887 revellere,
623 4820 714 4889 quae
726 4797 862 4867 moveri
875 4797 953 4868 sine
965 4822 1094 4889 magno
1143 4794 1224 4888 qui,
1245 4815 1326 4863 cum
1350 4790 1500 4861 assiduis
1524 4791 1860 4874 declamationibus,
1876 4804 1920 4864 “et
1942 4793 2130 4865 infantiam

105 4899 254 4992 negocio
270 4919 346 4966 non
361 4907 534 4986 poterant.
577 4894 888 4993 luterrogatusque
902 4924 966 4971 cur
980 4901 1018 4970 id
1032 4902 1095 4972 he-
1144 4919 1258 4966 meam
1291 4893 1397 4983 vulgo
1432 4893 1597 4972 traduco,
1630 4904 1665 4961 et
1698 4885 1962 4964 humanissimis
1994 4897 2032 4966 in
2067 4893 2133 4968 hac

106 5017 173 5089 ret,
197 4996 402 5091 respondit,
424 5020 465 5073 ee
479 4996 709 5069 difficilimam
724 4999 856 5071 laboris
870 5015 1004 5092 partem
1021 5003 1096 5095 pri·
1144 4992 1283 5077 schola,
1308 4993 1644 5087 patientissimisque
1656 4994 1880 5065 auditoribus
1894 4997 1998 5068 toties
2012 5001 2133 5069 odiose

105 5128 207 5175 mum
232 5100 494 5184 confecturum,
522 5123 658 5170 summa
691 5100 753 5170 illa
779 5102 917 5173 facilins
942 5106 1095 5175 moveri:
1144 5100 1321 5189 obstrepo.
1369 5091 1446 5186 Ego
1462 5119 1545 5164 vero
1569 5117 1719 5184 agnosco
1741 5119 1897 5166 mearum
1914 5099 2044 5171 virium
2065 5102 2134 5169 im-

107 5230 175 5277 nec
187 5204 279 5275 vidit
290 5212 463 5296 quantum
480 5201 643 5289 referret,
667 5200 804 5293 singula
819 5205 946 5275 ordine
960 5206 1096 5281 tollere.
1145 5199 1391 5283 becillitatem,
1416 5219 1566 5290 meoque
1585 5221 1640 5266 me
1659 5198 1750 5291 pede
1769 5200 1913 5270 metior:
1938 5215 1972 5271 et
1988 5228 2067 5273 cum
2088 5202 2131 5267 de

107 5302 330 5380 Huiusmihi
349 5301 546 5395 persimiles
564 5303 748 5391 videntur,
774 5305 837 5398 qui
853 5304 1019 5378 fastiditis
1041 5305 1097 5379 his
1146 5302 1280 5393 meipso
1301 5322 1485 5372 censuram
1506 5321 1590 5388 ³8⁰2
1624 5300 1871 5395 ⁸²⁰130q11³m
1894 5325 1967 5372 ¹¹⁰ss
1997 5300 2133 5372 ⁸³1le3·

107 5408 244 5482 srtibus
265 5407 311 5476 ad
331 5404 497 5476 sublimia
520 5406 720 5497 provolant.
779 5405 871 5477 Nam
898 5421 934 5478 et
951 5424 1099 5500 augetur
1147 5405 1238 5477 ciam
1273 5401 1493 5495 politissimis
1525 5404 1751 5495 quorundam
1785 5401 1942 5473 auribus.
2001 5399 2133 5472 Verum

109 5508 270 5582 discendi
283 5507 402 5591 labor,
425 5519 461 5577 et
474 5506 736 5580 incommodius
748 5507 873 5579 omnia
893 5521 1099 5596 narentur,
1148 5528 1229 5579 cum
1245 5498 1494 5599 provehendae
1510 5503 1564 5574 rei
1584 5504 1760 5576 literariae
1776 5525 1898 5590 causa,
1922 5497 2010 5590 boc,
2036 5500 2138 5598 quic-

163 5608 350 5682 Msesrru.
375 5612 484 5678 Orsa.
509 5611 596 5679 Vos.
621 5610 685 5678 xl.
1354 5632 1357 5639 ·
1534 5599 1560 5674 5
