4732 6030
160 194 222 268 τε.
313 162 321 170 ’
891 182 1055 289 ποι.
1087 182 1164 260 nn
1195 181 1464 262 ramnus.
2149 139 2200 262 aa
2311 242 2314 251 .

159 370 319 449 flammea
336 374 552 447 nosnatura,
579 371 613 430 et
630 360 859 432 adsuefecerit
875 362 1093 431 consuetudo
1109 362 1153 429 ad
1204 371 1256 430 tot
1274 359 1430 447 gentium
1447 358 1576 428 iudicia
1598 360 1702 430 lacile
1723 375 1871 454 queant,
1898 364 2028 456 quibus
2046 389 2117 457 qno
2136 387 2198 433 ore

162 471 356 543 ,mandam
372 464 628 555 colendamque
657 464 827 554 patriam,
861 478 894 532 et
919 463 1046 552 ingrati
1072 486 1151 552 erga
1204 463 1307 544 cedo,
1339 485 1408 554 qua
1435 461 1552 530 fronte
1573 464 1763 531 reclamare
1788 466 1988 535 audebitis?
2026 463 2074 535 Et
2098 460 2196 535 haud

161 575 466 649 benemerentem,
492 565 580 635 etin
595 578 738 655 penates
750 587 831 634 suos
849 565 968 654 impii,
995 579 1028 634 et
1044 565 1150 633 alieni
1203 563 1274 630 scio
1289 586 1335 631 an
1352 558 1437 631 haec
1453 564 1631 632 veteribus
1647 564 1719 632 illis
1743 565 2034 654 legumlatoribus
2054 567 2196 637 consilii

163 683 306 765 pmrsus
336 669 381 737 ab
408 663 627 736 humanitate
658 680 759 750 sunt,
791 667 920 758 quibus
942 665 1151 735 domesticae
1202 664 1305 733 ratio.
1356 662 1477 751 Quum
1495 665 1666 734 libertatis
1683 689 1721 735 ac
1744 668 2011 759 tranquillitatis
2033 669 2196 759 publicae

160 777 253 864 leges
270 772 425 840 sordent.
479 765 638 856 Capitale
660 781 710 837 est
732 766 978 856 Magistratum
1001 769 1152 857 pulsare,
1203 789 1305 834 causa
1320 766 1482 835 conditae
1497 767 1567 837 sint
1584 767 1758 853 civitates,
1785 781 1819 836 et
1841 772 2028 840 constituta
2052 770 2195 854 iudicia,

160 871 293 945 hicum
310 893 454 964 prorsus
468 894 509 938 ex
524 866 665 960 Repub.
677 867 916 957 Magistratus,
938 868 1016 937 iura
1030 869 1150 937 omnia
1203 879 1243 936 ut
1256 867 1294 934 in
1313 881 1389 937 tuto
1407 867 1477 935 sint
1493 890 1576 936 suae
1593 870 1719 962 cuique
1736 893 1790 937 res
1807 884 1840 938 et
1856 871 1946 954 vita,
1971 887 2005 941 et
2022 874 2087 941 sub
2105 871 2195 940 iuris

162 975 414 1056 exterminent,
454 964 549 1063 quod
588 993 662 1038 non
698 970 911 1061 supplicium
948 969 1153 1038 merentur?
1203 969 1411 1051 autoritate,
1444 982 1613 1061 tauquam
1635 973 1701 1040 sub
1727 974 1851 1040 umbra
1880 973 2022 1042 lateant.
2083 972 2194 1065 ldque

160 1076 254 1148 Nolo
286 1071 343 1143 hic
369 1073 523 1154 causari,
554 1070 683 1139 frustra
706 1094 764 1138 eos
794 1072 881 1153 niti,
912 1085 1051 1160 recepta
1075 1095 1149 1139 non
1202 1070 1417 1160 praesidium
1441 1094 1514 1137 non
1544 1073 1717 1141 vnaiorum
1745 1074 1936 1157 industria,
1976 1099 2049 1143 nou
2075 1069 2193 1143 hermi-

160 1203 263 1270 posse
293 1177 367 1244 lere
396 1175 534 1263 privato
569 1174 775 1264 cuiusquam
806 1174 953 1243 arbitrio
985 1173 1148 1243 convelli.
1203 1196 1289 1239 num
1313 1170 1526 1259 conspiratio
1546 1173 1778 1262 compararit,
1802 1176 1862 1242 sed
1876 1171 1973 1245 Deus
1987 1176 2193 1260 ostenderit,

160 1279 273 1370 Finge
288 1301 362 1346 rem
380 1277 575 1344 succedere.
612 1272 709 1360 Quid
723 1275 791 1343 erit
806 1274 1005 1345 civitatibus
1021 1276 1151 1344 nostris
1202 1275 1451 1363 praestandum
1469 1286 1538 1352 est,
1564 1295 1608 1340 ne
1631 1273 1686 1342 ius
1704 1275 1749 1341 sit
1768 1275 1979 1359 obscurum,
2004 1279 2234 1397 incertum&

161 1376 426 1452 calamitosius?
451 1375 559 1464 Quas,
576 1373 690 1444 Deum
707 1375 956 1456 immortalem,
983 1375 1068 1445 haec
1084 1400 1151 1444 no·
1202 1386 1262 1442 aut
1277 1374 1490 1461 ambiguum.
1543 1370 1645 1459 Quae
1661 1387 1710 1443 cst
1727 1375 1821 1442 euim
1839 1376 1928 1444 iuris
1943 1378 1996 1446 vis
2012 1392 2072 1448 aut
2089 1393 2192 1448 auto-

161 1483 253 1550 vitas
269 1481 363 1549 dabit
379 1477 523 1548 turbas?
555 1473 645 1544 Nam
662 1489 700 1545 ut
717 1477 792 1545 sine
808 1478 1022 1548 valetudinis
1038 1477 1151 1545 iactu·
1202 1475 1287 1544 ritas
1311 1477 1447 1559 futura,
1477 1475 1506 1542 si
1530 1475 1681 1543 subinde
1699 1475 1885 1544 Vertumni
1909 1479 1948 1544 in
1973 1503 2106 1547 morem
2130 1505 2193 1548 va-

161 1607 203 1652 ra
224 1607 326 1651 tiemo
341 1582 453 1651 victus
474 1578 647 1648 rationem
666 1592 794 1662 mutat,
817 1579 866 1648 ita
888 1603 952 1648 nec
970 1580 1062 1669 leges
1076 1579 1151 1647 sine
1181 1650 1184 1658 ,
1204 1576 1293 1645 riet?
1323 1575 1435 1645 Nemo
1450 1577 1581 1644 formas
1595 1601 1676 1645 suas
1692 1577 1868 1670 vitamque
1884 1603 1957 1669 raon
1972 1580 2056 1648 satis
2071 1582 2192 1670 explo-
2251 1624 2264 1635 ι

160 1685 303 1776 publica
328 1681 593 1771 perturbatione
617 1692 810 1750 mutantur.
862 1679 935 1749 Nec
960 1684 1003 1750 ad
1026 1681 1150 1750 civita-

161 1803 235 1859 tum
254 1785 389 1867 ocium,
418 1799 450 1852 et
469 1784 514 1849 ad
532 1781 757 1849 concordiam
781 1781 1027 1851 stabiliendam
1045 1783 1151 1873 quid-

162 1912 265 1981 quam
283 1886 430 1976 perinde
445 1881 621 1965 conducit,
646 1899 751 1972 atque
768 1898 927 1951 veterum
940 1882 1057 1969 legum
1073 1906 1152 1949 mo-

159 2012 312 2080 rumque
336 1983 574 2055 conservatio:
601 1983 798 2072 quodcum
823 1982 967 2050 urbium
994 1980 1151 2072 exempla

153 2091 290 2181 'passim
318 2098 509 2166 testantur,
533 2095 609 2152 tum
635 2096 756 2151 monet
777 2105 904 2152 aureus
918 2082 1045 2152 veteris
1059 2080 1152 2153 Poe·

160 2206 218 2263 tae
234 2186 442 2256 versiculus:

291 2293 429 2356 Moribus
446 2295 576 2372 entIquis
592 2312 638 2351 res
654 2304 711 2351 stat
726 2287 864 2352 Romana
880 2294 1024 2374 virisque.

164 2390 313 2460 Valeant
336 2389 463 2476 igitur,
498 2386 560 2479 qni
590 2387 646 2454 vel
671 2388 760 2454 adeo
785 2387 946 2455 inciviles
975 2400 1076 2471 sunt,
1110 2399 1150 2454 ut

161 2509 391 2581 attemperare
409 2513 445 2558 se
467 2489 715 2557 communibus
744 2490 903 2557 moribus
925 2489 1061 2571 nolint,
1094 2488 1152 2555 vel

161 2597 249 2664 adeo
266 2604 485 2681 arrogantes,
511 2604 550 2658 ut
567 2589 695 2657 rectius
713 2611 749 2656 se
764 2591 870 2658 rebus
892 2590 1042 2678 publicis
1065 2613 1151 2657 con·

162 2697 317 2765 sulturos
332 2694 525 2775 confidant,
552 2715 657 2782 quam
673 2690 834 2774 maiores,
860 2691 917 2758 vel
933 2695 1020 2759 adeo
1034 2689 1152 2772 ferrei,

160 2812 202 2866 ut
220 2797 339 2865 nullus
352 2819 469 2863 rerum
489 2793 680 2881 patriarum
696 2816 796 2859 amor
819 2805 948 2879 tangat.
1000 2790 1079 2860 Etsi
1102 2791 1150 2859 ita

160 2899 304 2966 videtur
322 2898 360 2966 in
375 2887 713 2989 vepeloxoaxvyiuv
731 2892 980 2976 commigrent,
1005 2892 1150 2959 Senatui

159 2999 365 3091 populoque
380 2995 586 3064 cuculorum
601 2989 818 3077 imperaturi.
860 2987 1072 3082 Quanquam
1088 3014 1153 3057 au-

160 3116 233 3170 tem
259 3096 344 3167 haec
365 3095 507 3161 abunde
531 3111 656 3177 magna
675 3088 765 3157 ratio
787 3090 883 3157 bono
900 3089 977 3159 viro
999 3090 1062 3175 sit,
1088 3113 1152 3159 cur

159 3211 362 3293 praesentes
391 3194 483 3280 leges
508 3190 755 3281 amplectatur,
784 3193 882 3282 quod
903 3213 970 3260 usu
992 3206 1152 3282 receptae

157 3305 248 3383 sint,
265 3298 351 3366 etin
368 3316 482 3362 mores
496 3314 655 3384 peneque
669 3292 708 3359 in
723 3303 884 3359 naturam
900 3307 1055 3362 nostram
1072 3317 1150 3362 ver·

158 3403 285 3474 terint.
338 3396 495 3467 Stultum
519 3404 572 3462 est
594 3392 689 3460 enim
714 3417 794 3461 cum
817 3393 969 3484 publicis
991 3393 1152 3462 moribus

158 3503 343 3582 dimicare,
370 3512 486 3567 tamen
502 3493 719 3563 excutiamus
732 3518 805 3562 rem
823 3495 929 3585 paulo
945 3496 1151 3578 accuratius,

160 3621 292 3676 temere
315 3624 360 3667 ne
385 3621 431 3665 an
452 3595 613 3665 consulto
628 3593 789 3663 ‘maiores
811 3596 924 3664 nostri
946 3621 986 3664 ex
1011 3597 1150 3683 scriptis

158 3705 297 3794 legibus
313 3699 463 3770 iudicari
476 3720 530 3765 res
545 3696 745 3765 maluerint.
771 3692 852 3764 Non
866 3721 980 3787 nuper
996 3700 1032 3765 in
1048 3692 1151 3765 scho-

160 3810 206 3878 lis
221 3801 287 3875 hac
304 3808 348 3872 de
371 3826 409 3870 re
432 3800 664 3880 altercantur,
688 3812 807 3865 utrum
825 3799 932 3867 satius
946 3801 992 3867 sit
1008 3823 1049 3868 ex
1064 3799 1151 3866 scri-

161 3924 224 4004 pto
247 3908 344 3987 iure,
376 3927 422 3970 an
447 3926 489 3969 ex
513 3897 785 3986 Magistratuum
807 3899 954 3968 arbitrio
979 3924 1033 3969 res
1055 3901 1151 3967 iudi-

162 4034 252 4082 oare.
303 4005 438 4074 Verum
461 4024 526 4070 rios
542 4023 616 4067 non
632 4002 727 4091 quod
745 3999 853 4066 ociosi
870 4000 907 4066 in
924 3997 1054 4067 scholis
1071 4000 1152 4067 lite-

162 4122 297 4182 ratores
318 4105 513 4184 somniant,
539 4103 599 4169 sed
619 4103 715 4192 quod
739 4099 1004 4190 prudentissimi
1020 4100 1151 4191 quique

162 4212 375 4304 probarunt,
418 4205 481 4299 qui
515 4202 672 4292 Respub.
706 4212 915 4282 terruerunt,
954 4223 1150 4292 sequemur.

162 4313 255 4384 Nam
278 4335 355 4379 cum
378 4305 553 4378 humanae
577 4305 784 4393 prudentiae
805 4302 922 4369 civilia
939 4300 1051 4370 ollicia
1068 4301 1152 4368 reli-

161 4415 223 4505 gio
247 4409 478 4493 cosnmiserit,
503 4422 537 4476 ct
562 4405 775 4496 prudentum
799 4403 963 4492 exemplis
990 4417 1025 4473 et
1054 4427 1152 4470 com-

161 4513 268 4587 muni
292 4534 395 4579 sensu
419 4507 510 4579 hanc
539 4530 678 4577 causam
701 4504 898 4577 metiemur.
961 4504 1062 4591 Quae
1083 4504 1152 4574 luit

162 4631 282 4689 autem
299 4635 442 4711 usquam
457 4609 617 4699 Respub.
635 4607 823 4676 mediocris
843 4605 920 4674 sine
938 4607 1043 4675 certis
1064 4605 1151 4693 legi-

162 4722 231 4791 bus
258 4713 472 4785 constituta?
512 4711 652 4801 Scripto
677 4709 755 4777 iure
785 4707 841 4777 usi
866 4721 952 4777 sunt
973 4705 1151 4799 Aegyptii,

1203 1679 1287 1747 ratis
1316 1692 1378 1749 aut
1404 1678 1522 1747 infidis
1549 1678 1755 1748 custodibus
1778 1692 1853 1747 tuto
1881 1681 2053 1749 committi
2082 1694 2192 1772 putat.

1202 1779 1316 1846 Porro
1337 1780 1399 1847 ubi
1426 1779 1698 1865 Magistratuum
1722 1780 1869 1849 arbitrio
1888 1782 1964 1851 sine
1978 1782 2082 1854 certis
2106 1783 2193 1871 legi-

1203 1880 1270 1946 bus
1292 1902 1347 1947 res
1375 1879 1599 1963 iudicantur,
1628 1904 1707 1949 cum
1733 1881 1769 1948 in
1793 1882 2058 1972 imperitorum,
2090 1909 2195 1974 saepe

1204 1979 1307 2048 etiam
1324 1979 1570 2068 improborum
1586 1994 1754 2070 potestate
1776 1983 1831 2051 ius
1848 1983 1911 2072 sit,
1933 1985 2027 2055 litut
2047 2010 2110 2076 per
2126 1987 2194 2053 im·
2311 2046 2317 2061 ,

1204 2080 1363 2170 peritiam
1387 2104 1489 2171 saepe
1510 2080 1738 2170 Magistratus
1761 2086 1864 2177 aequi
1880 2101 1914 2156 et
1935 2087 2048 2180 iniqui
2066 2089 2193 2156 discri-

1202 2195 1370 2250 men'non
1391 2182 1590 2273 perspiciat.
1628 2182 1777 2272 Quoties
1793 2187 1878 2254 recti
1893 2190 2024 2278 species
2039 2189 2194 2279 decipit?

1205 2282 1507 2373 quotiesiudicio
1539 2285 1649 2372 gratia
1683 2302 1743 2356 aut
1777 2288 2025 2359 inalevolentia
2059 2290 2193 2360 officit?
2224 2277 2233 2297 ⁰

1202 2382 1325 2476 Neque
1352 2385 1447 2453 enim
1469 2387 1658 2454 obscurum
1683 2402 1755 2470 est,
1789 2414 1895 2480 quam
1918 2390 1988 2458 levi
2013 2406 2192 2460 momento

1202 2487 1247 2553 ab
1273 2486 1448 2577 aequitate
1475 2487 1706 2556 mediocrium
1735 2483 1922 2557 hominum
1947 2492 2059 2558 animi
2090 2516 2193 2580 saepe

1203 2581 1464 2656 abstrahantur.
1518 2585 1616 2675 Quid
1639 2590 1734 2679 quod
1758 2614 1795 2658 ea
1814 2590 2059 2680 imperitorum
2082 2594 2194 2685 perti-

1203 2687 1303 2756 nacia
1321 2702 1391 2770 est,
1418 2701 1458 2756 ut
1473 2690 1516 2755 ad
1532 2689 1744 2781 aequitatem
1760 2692 1855 2760 llecti
1871 2717 1943 2761 non
1960 2694 2106 2785 possint,
2128 2695 2207 2764 ubi'

1205 2813 1278 2857 uon
1295 2802 1424 2877 cogunt
1440 2788 1541 2876 leges.
1587 2787 1684 2859 Cedo
1702 2793 1786 2883 quid
1804 2794 1974 2863 arbitrare
1990 2809 2195 2886 sumpturos

1203 2890 1272 2959 sibi
1294 2890 1510 2979 germanicos
1532 2892 1689 2977 regulos,
1714 2894 1794 2960 >nisi
1823 2894 1914 2980 leges
1937 2891 2193 2984 prohiberent?

1204 2988 1296 3078 Qui,
1321 2992 1510 3082 siquando
1536 2991 1624 3058 iuris
1644 2993 1775 3082 species
1792 2994 2064 3083 suffragaretur,
2090 2997 2194 3067 citius
2301 3036 2305 3043 ·

1203 3091 1321 3158 omnia
1345 3091 1533 3159 miscerent
1558 3114 1664 3181 quam
1690 3095 1733 3161 de
1762 3097 1952 3178 sententia,
1985 3101 2030 3166 de
2054 3121 2192 3188 posses-

1203 3191 1302 3258 sione
1318 3193 1534 3262 decederent.
1568 3189 1674 3263 Nunc
1692 3218 1770 3263 cum
1789 3195 1979 3268 reclament
1994 3199 2104 3288 leges,
2130 3203 2193 3269 de-

1203 3305 1344 3362 terreta
1359 3292 1491 3381 flagitio
1507 3317 1765 3388 nonnunquam
1781 3298 1906 3386 pudor.
1942 3298 2083 3388 Quotus
2097 3302 2192 3371 enim

1202 3393 1352 3485 quisque
1365 3406 1437 3462 tam
1453 3419 1600 3464 eunicae
1614 3396 1723 3466 fibrae
1736 3411 1799 3479 est,
1825 3412 1865 3467 ut
1880 3402 2058 3491 publicam
2075 3403 2193 3493 legum

1205 3518 1337 3578 vocem,
1351 3495 1564 3565 omniumde
1575 3520 1610 3564 se
1626 3498 1797 3566 iudicium
1812 3524 1955 3590 prorsus
1967 3504 2193 3573 contemnat?

1203 3592 1251 3664 At
1274 3596 1304 3663 si
1326 3597 1447 3664 cirillae
1476 3600 1682 3686 obstrepant
1705 3601 1814 3692 leges,
1848 3604 2094 3699 cumlicentia
2119 3605 2194 3673 lere

1203 3697 1394 3766 deteriores
1411 3700 1556 3783 reddat,
1583 3700 1702 3769 videas
1716 3717 1834 3791 aperta
1852 3705 2041 3796 tyrannide
2056 3727 2192 3791 grassa·
2279 3720 2282 3730 “

1203 3811 1319 3877 turos,
1348 3821 1421 3867 non
1443 3800 1545 3869 aliter
1570 3813 1674 3892 atque
1698 3802 1859 3869 solebant
1874 3802 2025 3870 Athenis
2044 3805 2189 3892 triginta

1203 3898 1268 3982 illi,
1293 3900 1450 3990 quicum
1468 3900 1618 3987 pessimo
1635 3899 1792 3985 exeinplo
1809 3901 1942 3968 iudicia
1957 3905 2193 3992 sustulissent,

1203 3998 1350 4087 perinde
1375 3997 1473 4087 quasi
1504 3996 1683 4085 publicam
1714 4000 1953 4068 carnificinam
1984 4020 2194 4096 exercerent,

1202 4097 1376 4187 optimum
1393 4120 1556 4188 quenque
1572 4096 1789 4183 iugulabant.
1825 4099 1947 4195 ltaque
1963 4109 2193 4198 quemadmo-

1203 4200 1287 4266 dum
1311 4197 1349 4265 in
1368 4196 1572 4289 periculosis
1595 4202 1859 4288 tempestatibus
1876 4229 1950 4273 non
1973 4207 2063 4279 solet
2077 4210 2194 4280 ventis

1203 4314 1333 4369 temere
1349 4299 1520 4370 committi
1535 4299 1647 4381 navis,
1673 4303 1732 4370 sed
1749 4304 1965 4391 gubernator
1980 4311 2192 4397 praeficitur,

1203 4401 1265 4494 qui
1293 4414 1369 4471 arte
1397 4415 1511 4490 regat,
1542 4401 1590 4470 ita
1617 4402 1828 4473 fluctuantes
1850 4404 2057 4500 Principum
2081 4413 2192 4481 animi

1202 4515 1294 4571 certa
1309 4505 1385 4591 lege
1405 4503 1588 4586 frenandi,
1614 4505 1829 4598 regendique
1852 4524 1951 4592 sunt,
1974 4535 2019 4579 ne
2036 4514 2193 4601 privatae

1202 4603 1412 4694 cupiditates
1427 4627 1447 4673 a
1463 4604 1550 4689 iure,
1577 4605 1674 4674 velut
1688 4629 1706 4673 a
1723 4622 1827 4696 portu
1842 4610 2013 4681 reiiciant.
2048 4611 2192 4684 Etcum

1202 4705 1241 4772 in
1263 4706 1515 4793 cognoscendis
1535 4707 1647 4774 causis
1670 4729 1773 4796 saepe
1795 4734 1870 4778 non
1893 4714 2051 4800 pessimis
2075 4714 2192 4806 Magi-

161 4819 367 4899 Cretenses,
401 4808 653 4895 Athenienses,
684 4808 860 4892 Romani,
886 4812 1012 4878 addam
1044 4809 1148 4879 etiam
1201 4806 1369 4875 stratibus
1389 4807 1476 4875 iuris
1501 4806 1631 4898 species
1655 4808 1834 4902 imponat,
1858 4835 1958 4903 saepe
1974 4830 2192 4888 transversos

163 4921 322 4993 ludaeos.
375 4911 424 4984 Et
449 4911 648 5006 Lycurgus,
675 4911 811 4983 tametsi
837 4911 953 4978 nullas
973 4910 1151 4999 scripserit
1174 4896 1177 4940 ¹
1200 4907 1315 4997 rapiat
1344 4908 1510 4994 ambitio,
1544 4932 1589 4976 ne
1612 4909 1870 5000 periclitaretur
1895 4914 2056 5003 libertas,
2089 4921 2193 5012 aequi

160 5025 273 5113 leges,
298 5032 409 5089 certas
424 5030 549 5087 tamen
565 5016 733 5108 quasdam
751 5010 928 5101 prodidit,
954 5036 1026 5079 non
1045 5011 1149 5080 tabu-
1201 5024 1235 5077 et
1259 5008 1376 5101 iniqui
1404 5010 1575 5080 formulas
1607 5012 1797 5100 praescribi
1830 5012 2002 5104 oportuit,
2036 5045 2123 5112 quas
2153 5025 2192 5091 in

160 5127 216 5210 lis,
234 5125 296 5193 sed
311 5135 351 5191 ut
366 5120 473 5207 vulgo
490 5117 646 5185 notiores
663 5127 788 5192 essent,
811 5113 1147 5182 memoriac'civium
1202 5111 1390 5179 consilium
1413 5107 1623 5180 adhiberent
1644 5098 1699 5180 ius
1725 5113 1867 5184 dicturi.
1919 5117 2008 5188 Nam
2029 5123 2059 5189 si
2076 5121 2195 5213 Magi.

160 5224 420 5314 insculpendas,
454 5216 574 5306 Quare
590 5230 629 5287 ut
647 5213 739 5285 nibil
755 5216 798 5283 iis
811 5216 1062 5304 patrocinetur,
1087 5214 1149 5305 qui
1201 5213 1326 5283 stratui
1341 5225 1543 5301 potestatem
1564 5214 1685 5281 feceris
1702 5216 1875 5309 quidquid
1895 5220 1982 5291 libet
2003 5227 2192 5303 statuendi,

160 5325 228 5403 hoc
251 5340 410 5417 tempore
434 5321 605 5412 scriptum
623 5320 678 5388 ius
697 5331 860 5402 tuentur,
885 5317 1072 5385 defendere
1090 5339 1149 5384 eos
1172 5382 1179 5411 ι
1201 5314 1282 5383 vide
1299 5314 1337 5382 in
1354 5339 1457 5408 qnam
1479 5339 1544 5383 nos
1564 5315 1769 5387 servitutem
1792 5322 1984 5390 coniicias?
2014 5322 2095 5394 lure
2111 5348 2195 5416 pos-
