4732 6030
199 256 276 337 519
691 246 857 326 3333.
887 247 962 325 nn
987 243 1387 366 3333333333
1417 246 1675 350 3333333
1708 254 1737 330 1.
2163 265 2244 346 520

209 453 432 527 nequaquam
457 451 476 497 3
499 450 535 495 33
554 425 646 494 male
667 422 830 492 faciendo
858 424 988 493 minui:
1014 427 1073 493 secl
1102 425 1204 494 iustis
1255 423 1410 494 militum
1424 425 1679 518 quinquaginta
1691 428 1852 511 milibus,
1873 453 1942 522 qua
1956 435 2159 524 proximum
2176 459 2252 514 3331

212 541 256 607 dc
274 535 386 605 causis
410 529 529 618 angeri
552 539 587 596 et
600 525 721 596 ornari
736 526 951 616 plurimum,
978 539 1084 619 atque
1104 527 1203 595 omni
1255 527 1340 604 iter,
1377 526 1415 593 in
1444 525 1581 597 Italiam
1610 531 1804 602 contendit.
1861 529 1943 601 Huc
1972 559 2053 605 cum
2085 543 2252 628 venisset,

213 639 332 708 studio
360 629 501 703 defendi
533 629 712 720 publicam
741 651 860 718 pacem
885 629 930 697 ad
963 627 1204 696 defensionem
1255 628 1376 696 statuit
1398 627 1551 717 primum
1574 653 1653 698 cum
1678 627 1882 718 Berngariis
1906 637 2042 723 praelio
2057 642 2251 730 decertare,

214 737 354 831 imperii
373 731 528 803 Romani
545 728 785 799 necessariam.
837 727 1053 799 Tumetiam
1070 752 1204 821 nequa·
1256 751 1345 820 qnos
1374 752 1453 797 cum
1481 731 1666 820 reperisset
1698 733 1840 822 oppidis
1871 756 1907 801 se
1934 740 2131 827 continere,
2174 771 2250 816 non

215 863 320 932 quam
343 833 635 904 committendum
658 853 751 914 esse,
776 842 834 909 ut,
861 830 923 921 qui
942 852 1022 899 snas
1044 829 1205 900 fortunas
1256 830 1409 898 facturos
1428 831 1492 898 331
1519 842 1723 920 potestatem
1746 830 1975 923 Imperatori,
2008 843 2117 932 captis
2143 849 2251 938 oppi-

214 939 325 1030 ipsins
343 936 424 1004 fidei
447 934 705 1025 permisissent,
725 933 771 1001 ah
789 928 1002 1022 Imperatore
1019 953 1082 1023 per
1100 932 1204 1001 Iidem
1257 930 1332 1014 dis,
1359 931 1507 1020 imperat
1529 929 1764 1022 Berngarium
1781 932 1883 1005 Italia
1898 939 2065 1012 decedere
2079 967 2157 1015 curn
2173 948 2250 1018 filio

216 1036 446 1110 circumventi
464 1037 677 1107 dicerentur.
724 1116 727 1122 Ι
1257 1027 1419 1119 Alberto.

320 1139 434 1207 Venio
450 1139 494 1205 ad
512 1133 694 1206 historiam
716 1157 835 1204 rerum
853 1131 1075 1218 Italicarum,
1101 1157 1205 1227 qnam
1358 1129 1475 1201 Pulsis
1508 1129 1608 1201 Italia
1631 1131 1834 1223 Berngariis
1862 1153 1955 1210 recta
1988 1167 2069 1213 cum
2096 1152 2251 1221 exercitu

217 1239 334 1312 hocin
350 1242 426 1308 1333
441 1238 593 1306 maxime
609 1251 798 1306 statueram
814 1259 997 1324 exponere.
1049 1229 1206 1305 HocOt-
1259 1230 1412 1305 Romam
1437 1235 1638 1318 contendit,
1671 1236 1714 1303 de
1736 1239 1843 1307 rebus
1857 1235 2035 1312 Ecclesiae
2052 1230 2249 1320 c'oltocutn.

218 1357 301 1414 tone
316 1343 549 1432 Imperatore,
574 1335 769 1407 Ecclesiam,
783 1337 940 1406 moribus
955 1338 1147 1426 improbis,
1172 1349 1207 1406 et
1259 1328 1416 1403 rns'cum
1432 1332 1602 1404 Pontifice
1617 1333 1823 1425 Imperator.
1861 1338 1952 1425 Ubi,
1976 1370 2057 1414 cnm
2071 1354 2247 1439 praesidia

218 1446 311 1515 vitae
339 1442 560 1532 turpitudine
593 1438 785 1529 plurimum
823 1438 1041 1507 deformabat
1070 1438 1207 1508 Romae
1259 1435 1401 1525 disponi
1425 1450 1597 1516 curasset,
1624 1460 1696 1527 quo
1718 1438 1873 1523 facilius,
1905 1443 1935 1511 si
1965 1446 2053 1538 quid
2082 1453 2249 1523 adversus

219 1542 437 1616 Octavianus
450 1541 619 1632 pontifex.
670 1536 759 1608 Erat
780 1533 886 1607 homo
901 1540 1040 1609 deditus
1056 1538 1157 1608 luxui
1174 1551 1208 1607 et

218 1648 331 1730 aleae,
352 1645 518 1737 quodque
531 1640 698 1733 consequi
711 1639 944 1725 necessefuit,
963 1663 1091 1728 ganeo,
1112 1663 1205 1709 scor·

218 1762 333 1830 tator,
360 1746 542 1837 periurus,
567 1738 804 1833 blasphemus.
860 1736 1060 1811 Damnabat
1084 1741 1208 1810 conin-

221 1851 317 1938 gium
338 1847 377 1914 in
406 1845 666 1927 sacerdotibus,
693 1863 782 1934 quos
812 1842 984 1932 comperit
1012 1865 1208 1933 repugnare

220 1972 304 2020 suae
332 1946 495 2031 libidini,
530 1941 585 2013 his
615 1942 819 2034 regionibus
851 1954 886 2012 et
905 1943 1005 2010 omni
1025 1941 1126 2012 Italia
1150 1943 1208 2009 in-

221 2049 376 2121 terdixit.
426 2047 590 2117 'Fuerunt
610 2059 726 2115 autem
751 2059 826 2114 tum
843 2044 934 2112 forte
951 2068 991 2113 ex
1006 2041 1209 2112 Cardinali-

220 2150 288 2222 bns
305 2147 539 2233 duoRomae,
564 2168 654 2240 quos
667 2147 723 2214 vel
738 2144 907 2232 grandior
917 2156 1027 2223 aetas,
1052 2146 1107 2213 vel
1123 2168 1209 2213 con-

221 2252 367 2323 scientia
385 2252 490 2319 etiarn
511 2250 699 2327 meliorum
716 2246 946 2330 admonebat,
971 2245 1033 2337 qni
1049 2246 1209 2316 ferebant

222 2353 375 2444 graviter
403 2347 495 2421 hanc
519 2348 664 2441 Epicuri
688 2348 796 2416 vitam
824 2346 863 2413 in
889 2346 1073 2437 pontifice,
1108 2347 1207 2417 cuius

222 2455 410 2523 amentiam
427 2470 506 2521 cnm
517 2445 586 2518 hoc
600 2450 740 2537 longius
754 2449 919 2539 progredi
932 2448 1111 2532 viderent,
1136 2472 1207 2540 quo

221 2554 359 2645 saepius
385 2554 652 2631 admoneretur,
685 2561 718 2618 et
737 2546 876 2617 Italiam
900 2548 1034 2641 alioqui
1057 2551 1209 2639 graviter

141 2722 144 2729 .
222 2677 363 2747 quoque
391 2653 505 2745 premi
534 2650 722 2745 tyrannide
744 2647 931 2737 Berngarii
963 2651 1076 2734 tertii,
1108 2650 1208 2719 ducis

220 2753 555 2844 Langobardorum,
592 2753 686 2842 quod
717 2772 878 2839 magnam
907 2765 1040 2841 partem
1076 2749 1208 2834 Italiae,

221 2851 313 2925 nihil
333 2858 376 2923 ad
394 2877 473 2924 suas
490 2853 723 2946 possessiones
743 2852 995 2942 pertinentem,
1012 2854 1209 2941 'redegisset

220 2957 259 3025 in
274 2956 511 3047 provinciam,
537 2968 641 3047 31333
656 2966 800 3045 3333133
815 2975 889 3020 earn
905 2955 1097 3044 potentiam
1107 2952 1209 3022 Hen-

220 3059 334 3126 ricum
357 3059 481 3126 ducem
505 3055 676 3126 Bavariae
700 3055 739 3122 in
769 3051 908 3123 Italiam
936 3056 980 3122 ad
1003 3055 1207 3145 pellendum

219 3156 432 3246 Berngarios
457 3170 639 3239 vocaturn,
665 3153 766 3225 Italia
789 3154 957 3225 decedere
982 3170 1088 3249 atque
1110 3180 1209 3227 exer·

220 3259 332 3328 citum
346 3258 518 3326 deducere
534 3257 719 3341 co'e'gisset:
743 3269 941 3328 statuerunt
957 3258 1127 3327 auxilium
1144 3281 1208 3348 per

218 3359 339 3429 literas
363 3358 529 3427 adversus
550 3355 786 3444 Berngarium
810 3368 844 3425 et
858 3356 1057 3446 pontificem
1078 3359 1123 3428 ab
1138 3353 1209 3427 Ot-

220 3475 303 3532 tone
318 3458 533 3550 Imperatore
554 3457 819 3549 implorandum
841 3479 932 3542 esse,
966 3459 1028 3548 qui
1053 3458 1122 3526 iam
1145 3459 1209 3524 ad-

218 3585 339 3631 versus
349 3557 544 3646 Bohemos,
571 3557 749 3648 Ungaros,
774 3555 948 3639 Bavares,
972 3557 1112 3643 Gallos,
1136 3556 1209 3629 Da-

219 3687 306 3746 uos,
335 3661 513 3731 Vandalos
543 3674 694 3752 gesserat
721 3660 831 3743 bella,
865 3682 1018 3751 quornm
1041 3673 1138 3731 tanta
1163 3662 1206 3729 ad

216 3761 402 3836 Romanos
427 3764 559 3852 perlata
578 3763 694 3832 fuerat
715 3761 856 3853 opinio,
881 3773 922 3831 nt
937 3761 1083 3830 nomine
1099 3758 1209 3832 Otto-

216 3866 274 3934 nis
297 3866 439 3938 venturi
470 3879 618 3958 uterque
653 3865 910 3956 propemodum
939 3860 1154 3950 Berngarius
1174 3876 1208 3933 et

216 3964 380 4037 Pontifex
402 3968 447 4036 ab
476 3966 638 4039 instituto
668 3965 816 4036 consilio
848 3965 1018 4037 deterreri
1041 3965 1207 4057 potuerit.

217 4066 337 4157 Quare
351 4069 612 4138 communicato
638 4092 718 4137 curn
735 4064 962 4156 Principibus
982 4067 1119 4159 aliquot
1137 4066 1208 4137 Ita-

217 4169 285 4239 1133
298 4171 465 4253 33331113,
491 4169 601 4237 literis
615 4162 920 4255 rogantOttonern
929 4215 942 4250 ,
967 4169 1020 4235 uti
1037 4170 1206 4239 auxilinm

217 4269 306 4339 ferat
322 4269 497 4339 laboranti
512 4264 688 4335 Ecclesiae
714 4280 748 4335 et
766 4288 949 4356 oppressae
962 4263 1207 4356 Reipublicae.

217 4367 381 4440 coerceri
399 4393 417 4437 3
435 4367 695 4455 magistratibus
717 4364 930 4455 Berngarios
950 4379 984 4436 31
999 4365 1206 4439 Pontificem

216 4494 290 4540 non
319 4493 428 4563 posse.
492 4466 719 4555 Quinetiam,
760 4468 854 4558 qnod
878 4466 1107 4536 necessariam
1132 4495 1205 4539 rem

216 4571 442 4642 enunciarint
459 4568 688 4660 Imperatori,
722 4567 918 4657 intelligere
939 4591 993 4652 se,
1018 4585 1151 4661 quanto
1169 4573 1205 4642 id

215 4698 296 4744 cum
306 4674 465 4767 periculo
478 4672 659 4755 fecissent,
685 4685 719 4743 et
735 4671 782 4741 oh
801 4695 876 4740 eam
894 4693 1051 4757 causam,
1081 4696 1205 4765 quam-

215 4776 279 4848 diu
292 4778 491 4869 potuerint,
518 4775 677 4845 tacuisse.

1259 1537 1505 1628 imperatorem
1523 1551 1709 1606 conaretur
1724 1542 1900 1628 pontifex,
1921 1542 2105 1634 prohiberi
2122 1569 2249 1642 posset,

1260 1651 1391 1705 secreto
1415 1662 1493 1706 cnm
1512 1636 1681 1706 Pontifice
1702 1641 1934 1734 colloquitur,
1967 1647 2074 1718 simul
2090 1676 2249 1725 commo·
2351 1641 2353 1644 ⁵

1260 1739 1406 1821 nefacit,
1433 1762 1522 1830 qnae
1536 1762 1576 1808 ex
1594 1740 1769 1810 bonorum
1785 1745 1943 1813 virorum
1963 1747 2074 1818 literis
2088 1753 2131 1820 de
2142 1754 2246 1842 flagi-

1260 1839 1318 1909 tiis
1334 1837 1515 1908 Pontificis
1531 1841 1769 1929 cognovisset,
1796 1858 1830 1914 et
1852 1870 1941 1937 qnae
1958 1849 2070 1936 palam
2096 1853 2245 1944 quisque

1260 1942 1303 2009 de
1326 1963 1367 2008 eo
1393 1941 1485 2030 apud
1511 1963 1547 2008 se
1568 1941 1723 2012 dixisset.
1774 1943 1935 2015 Primum
1953 1949 2104 2038 benigne
2126 1957 2248 2044 appel-

1261 2041 1369 2109 lando
1385 2054 1484 2130 rogat
1501 2036 1698 2126 hominem,
1720 2045 1772 2115 uti
1800 2040 1977 2117 Ecclesiae
1990 2070 2200 2124 ornamento
2216 2071 2249 2126 et

1260 2142 1436 2233 praesidio
1456 2166 1529 2211 esse
1548 2144 1651 2227 velit,
1677 2168 1751 2214 non
1766 2148 1980 2220 detrimento
1994 2153 2052 2221 vel
2071 2155 2249 2241 dedecori,

1260 2243 1497 2334 cogitaretque
1515 2243 1607 2314 vitae
1622 2247 1889 2319 sanctimoniam
1903 2252 2027 2322 decere
2040 2250 2249 2326 Pontificem

1260 2369 1339 2415 cum
1361 2345 1532 2434 religione
1557 2370 1641 2437 prae
1665 2369 1701 2416 se
1716 2349 1819 2422 ferre.
1869 2349 2070 2440 Postremo,
2094 2381 2175 2428 cum
2191 2383 2248 2427 re-

1260 2446 1390 2536 periret
1413 2468 1476 2514 sua
1496 2448 1739 2518 admonitione
1761 2474 1835 2520 non
1855 2454 1963 2538 effici,
1989 2468 2029 2527 nt
2050 2460 2095 2526 ad
2115 2461 2249 2529 sanita-

1260 2563 1329 2617 tem
1354 2560 1589 2617 reverteretur
1611 2547 1725 2640 Papa,
1758 2554 1930 2636 ostendit,
1963 2556 2091 2628 sinon
2116 2575 2248 2651 pareat,

1260 2671 1297 2716 se
1310 2645 1486 2717 Ecclesiae
1500 2649 1647 2720 iniurias
1671 2675 1745 2720 3333
1773 2676 1847 2723 3333
1869 2658 2119 2746 neglecturum.
2172 2659 2247 2729 Im·

1261 2762 1358 2839 perat
1373 2750 1491 2840 itaque
1503 2749 1541 2817 in
1561 2751 1653 2819 diem
1671 2767 1804 2823 certum
1819 2757 2006 2828 concilium
2023 2761 2153 2840 indici,
2180 2786 2245 2829 vo-

1260 2851 1345 2919 catis
1367 2853 1409 2919 ad
1433 2846 1500 2919 hoc
1520 2853 1687 2922 omnihus
1709 2857 1898 2948 episcopis,
1923 2883 2010 2952 quos
2031 2859 2186 2948 integros
2210 2877 2244 2930 et

1261 2952 1374 3020 bonos
1398 2973 1471 3019 esse
1500 2953 1649 3036 sciebat,
1681 2969 1721 3026 ut
1743 2951 1871 3026 horum
1895 2962 2033 3031 decreto
2061 2974 2245 3051 cogeretur

1260 3066 1351 3123 stare
1371 3049 1546 3126 Pontifex.
1600 3051 1667 3123 Die
1682 3058 1825 3127 concilii
1841 3064 2049 3147 constituto,
2080 3061 2244 3134 Pontifex

1254 3164 1396 3222 'memor
1424 3155 1558 3245 adagii,
1597 3159 1692 3248 quod
1723 3170 1788 3244 est,
1815 3159 2011 3252 Vulpinam
2037 3165 2165 3256 pellem
2191 3187 2248 3234 as·

1260 3257 1429 3325 33333333
1444 3278 1535 3341 esse,
1560 3257 1591 3325 si
1603 3257 1745 3327 leonina
1760 3282 1834 3327 non
1849 3258 1998 3343 suflicit,
2023 3279 2132 3336 noctu
2150 3289 2249 3356 prae-

1261 3367 1314 3424 ter
1326 3355 1486 3435 omnium
1504 3358 1707 3451 opinionem
1724 3359 1891 3443 elabitur,
1916 3361 2093 3456 latuitque
2108 3365 2250 3436 131133-

1261 3457 1359 3540 nicis,
1380 3456 1511 3526 bellurn
1522 3459 1712 3552 aliqnando
1726 3460 1781 3529 sui
1793 3461 2003 3531 defendendi
2018 3490 2120 3535 cansa
2134 3471 2249 3536 factu·

1261 3579 1321 3626 rus
1338 3554 1556 3648 Imperatori.
1614 3559 1687 3630 Ter
1705 3575 1822 3631 autem
1844 3565 1888 3632 ad
1904 3562 2087 3658 Synodum
2104 3567 2248 3655 publice

1262 3673 1424 3744 vocatus,
1446 3684 1520 3730 non
1535 3662 1653 3751 paruit
1668 3664 1799 3748 edicto,
1821 3687 1886 3734 nec
1899 3667 1995 3735 abest
2009 3667 2180 3756 suspicio,
2204 3681 2246 3736 ut

1260 3761 1402 3852 quidem
1434 3763 1669 3848 arbitrantur,
1708 3764 1796 3859 quin
1822 3767 1888 3837 snb
1917 3767 2009 3836 idern
2036 3780 2172 3859 tempus
2203 3767 2243 3835 in

1259 3862 1433 3931 adulterio
1451 3859 1705 3954 deprehensus,
1730 3867 1776 3937 sit
1793 3867 2007 3942 interfectus.

1362 3960 1557 4054 Imperator
1572 3964 1691 4058 itaque
1709 3991 1788 4038 cnm
1806 3969 2097 4040 animadverteret
2114 3966 2246 4056 negligi

1260 4064 1483 4135 autoritatem
1508 4068 1650 4140 concilii
1674 4067 1882 4141 aPontiIice
1904 4073 2071 4162 profugo,
2097 4069 2246 4163 quaein

1259 4165 1423 4257 pontifice
1451 4165 1703 4257 reprehendat,
1745 4196 1863 4240 coram
1897 4173 2049 4241 concilio
2080 4170 2246 4251 ostendit,

1259 4292 1349 4360 3333
1374 4267 1448 4357 1333
1471 4269 1660 4360 intelligat,
1687 4295 1777 4363 quac
1800 4273 1862 4341 alii
1878 4287 2089 4366 querantur,
2114 4297 2249 4363 propo-

1259 4369 1331 4451 nit,
1358 4369 1531 4463 efficitque
1550 4388 1592 4444 nt
1613 4396 1632 4441 e
1655 4374 1838 4443 communi
1857 4398 2031 4445 consensu
2053 4396 2168 4443 novus
2182 4375 2246 4443 de·

1258 4470 1411 4542 claretur
1439 4473 1595 4563 pontifex
1619 4470 1694 4542 Leo
1724 4469 1892 4548 Octavus.
1960 4474 2034 4545 Iam
2064 4474 2247 4545 Pontificis

1257 4573 1409 4642 amentia
1424 4574 1577 4658 sublata,
1601 4574 1698 4663 cupit
1713 4576 1798 4645 etin
1816 4576 1962 4669 reliquis
1977 4576 2247 4648 difficultatibus

1256 4673 1416 4742 subsidio
1439 4698 1512 4744 esse
1536 4671 1724 4747 Ecclesiae.
1781 4676 1919 4765 Quare,
1953 4691 1992 4747 ut
2007 4692 2041 4748 et
2056 4678 2247 4769 possessio-

1257 4775 1364 4843 nibus
1389 4774 1546 4857 ininstis,
1572 4800 1700 4867 opera,
1726 4802 1831 4869 quem
1855 4781 1985 4850 fecerat
2000 4778 2181 4849 Pontificis
2200 4779 2247 4847 Ii-

318 4874 489 4949 Ottonem
506 4903 585 4949 cum
600 4876 736 4946 multae
751 4895 808 4942 res
822 4867 1068 4956 hortarentur,
1096 4898 1205 4968 qnare
1254 4877 1393 4947 beraret
1408 4873 1621 4958 Ecclesiam,
1648 4880 1841 4970 plurimum
1864 4881 2011 4951 avaritia
2032 4880 2244 4950 Pontificum

214 4979 282 5051 sibi
300 5004 375 5049 eam
391 5007 464 5050 rem
482 4980 705 5069 cogitandam
727 4989 761 5047 et
777 4975 1036 5067 suscipiendam
1054 4991 1204 5065 putaret,
1255 4992 1455 5062 oneratam,
1487 4991 1521 5048 et
1543 4979 1581 5048 in
1606 4983 1783 5074 reliquum
1810 4995 1948 5072 tempus
1975 4983 2087 5052 333113
2109 4982 2245 5051 maiora

212 5081 251 5150 in
266 5081 407 5173 primis,
432 5085 525 5176 quod
538 5078 751 5163 Ecclesiam,
778 5101 884 5170 quam
901 5072 1203 5169 331311311113333-
1253 5083 1297 5149 ad
1319 5079 1565 5150 illustrandam
1598 5083 1745 5172 gloriam
1768 5076 1901 5154 Christi
1931 5086 2090 5153 conferre
2117 5098 2245 5175 posset,

211 5184 296 5253 dere
321 5183 454 5267 voluit,
486 5205 560 5252 non
581 5183 700 5250 abesse
728 5203 747 5248 a
775 5179 934 5271 periculo
960 5181 1203 5267 arbitraretur,
1252 5181 1312 5251 dat
1334 5204 1494 5270 operam,
1520 5197 1577 5268 nt,
1609 5186 1813 5276 priusquam
1836 5186 1993 5256 discedat
2017 5210 2037 5254 a
2062 5184 2244 5269 Pontifice,

210 5286 377 5356 omnibns
393 5287 500 5356 rebus
520 5284 565 5353 ad
586 5275 721 5354 bellum
743 5281 973 5372 comparatis,
1000 5282 1200 5363 exercitum,
1251 5282 1461 5353 donationes
1490 5283 1753 5378 Imperiorum,
1785 5309 1872 5378 quas
1901 5287 2108 5359 fabulantur
2138 5287 2245 5358 factas

209 5411 314 5482 33333
332 5402 448 5483 331331
461 5386 668 5466 maximum,
687 5399 787 5456 curat
799 5384 990 5457 fonscribi:
1017 5397 1053 5457 et
1071 5385 1199 5456 coactis
1248 5380 1363 5476 Papae
1380 5383 1560 5481 Sylvestro
1575 5388 1619 5458 ab
1636 5387 1853 5478 Imperatore
1862 5386 2099 5462 Constantino
2117 5389 2247 5460 aPon-
