4732 6030
921 192 1077 270 DECL.
1116 191 1192 268 DE
1226 189 1512 268 PLATONE.

205 208 280 283 428
2158 203 2234 281 424

207 398 339 464 torum,
360 370 500 472 quasin
513 371 690 442 ruentibus
704 367 919 459 concipiunt,
941 364 1008 438 hoc
1025 384 1085 455 est,
1101 369 1194 460 ipsas
1244 380 1407 459 apatre,
1438 364 1605 435 iratribus
1636 379 1696 436 aut
1721 366 1814 442 filiis.
1876 367 1916 437 ld
1950 371 2005 440 lex
2029 372 2165 445 imitata
2192 378 2235 448 de

207 472 450 559 definitiones,
483 488 544 546 aut
575 471 900 541 demonstrationes.
960 468 1051 540 Cum
1086 472 1194 563 igitur
1243 469 1463 559 raptoribus,
1489 492 1562 536 non
1585 481 1720 538 tantum
1745 471 1853 557 patri,
1880 474 1939 540 sed
1964 473 2068 542 etiarn
2093 480 2238 547 caeteris

207 611 297 668 eam,
324 607 426 676 quam
444 577 544 648 toties
560 573 754 664 praedicat,
780 567 986 640 methodum
1003 598 1077 641 non
1094 594 1194 663 saepe
1244 570 1454 662 propinquis
1478 582 1681 662 potestatem
1705 570 1788 639 lacit
1813 574 2047 644 interficiendi
2073 580 2238 669 raptoris.

207 683 392 762 adhibeat,
419 692 452 748 et
468 688 632 763 evagetur
649 675 839 766 aliquando
858 675 1003 742 liberius
1018 677 1055 742 ia
1072 676 1195 765 dispu—
1245 672 1313 741 Sed
1331 672 1569 761 exemplorum
1585 674 1873 742 commemoratio
1889 674 2031 765 longior
2045 694 2105 763 cst,
2128 704 2236 773 quam

175 780 179 787 ⁵
209 789 336 867 tando,
363 781 534 873 quaedam
551 777 654 846 etiam
677 777 797 863 liguris
815 776 991 853 involvat,
1018 801 1056 844 ac
1073 777 1195 844 volens
1245 787 1284 842 ut
1301 773 1488 842 conveniat
1503 768 1585 840 huic
1603 774 1764 863 tempori.
1801 772 1876 843 Imo
1894 773 2139 851 Iurisconsulti
2157 799 2236 853 tan-

209 887 375 966 occultet,
409 880 561 971 denique
592 903 671 946 cum
697 902 777 945 raro
807 878 1017 966 pronunciet
1041 879 1126 969 quid
1150 879 1196 946 sit
1245 890 1320 944 tum
1338 868 1444 942 huius
1464 875 1642 962 scriptoris
1660 875 1839 943 autoritati
1856 878 2075 966 tribuerunt,
2099 898 2142 952 ut
2162 886 2237 954 eius

209 986 450 1066 sentiendum,
477 979 649 1049 assentior
671 979 949 1047 adolescentibus
975 980 1091 1069 potius
1113 1005 1197 1070 pro·

208 1089 413 1181 ponendum
437 1105 509 1152 esse
531 1080 775 1162 Aristotelem,
800 1080 861 1171 qui
882 1093 990 1160 artes,
1016 1104 1102 1170 quas
1124 1094 1196 1149 tra-

209 1192 282 1273 dit,
309 1187 456 1276 explicat
471 1185 636 1270 integras,
664 1195 696 1251 ct
713 1176 920 1249 methodum
934 1182 1196 1270 simpliciorem,

211 1317 273 1362 ceu
290 1289 406 1370 filum,
431 1287 474 1354 ad
491 1286 681 1373 regendum
700 1284 863 1351 lectorem
880 1277 1035 1367 adhibet,
1061 1297 1094 1352 et
1110 1282 1196 1376 quid

211 1395 257 1463 sit
280 1390 522 1470 sentiendum,
549 1387 744 1476 plerunque
765 1384 988 1474 pronunciat.
1040 1382 1198 1453 Haecin

213 1493 439 1572 docentibus,
469 1501 509 1556 ut
531 1487 758 1579 requirantur
779 1486 910 1554 multae
932 1507 1053 1574 graves
1075 1508 1198 1556 causae

213 1608 306 1666 suut.
360 1590 408 1663 Ut
429 1590 524 1660 enim
547 1587 628 1656 satis
650 1587 815 1657 dentibus
832 1588 994 1655 draconis
1015 1586 1208 1670 aCadmo,

213 1720 307 1786 seges
324 1705 442 1762 exorta
459 1704 510 1760 est
522 1703 748 1767 armatorum,
777 1689 838 1780 qui
856 1689 948 1757 inter
962 1713 997 1757 se
1013 1689 1081 1780 ipsi
1093 1688 1200 1757 dimi-

214 1809 351 1878 carunt,
378 1794 424 1863 ita
441 1793 470 1860 si
491 1791 570 1884 quis
584 1804 675 1859 serat
690 1790 870 1882 ambiguas
887 1790 1089 1880 opiniones,
1116 1813 1200 1857 exo-

213 1901 357 1984 riuntur
380 1895 464 1962 inde
494 1892 610 1960 variae
641 1915 680 1958 ac
708 1891 925 1982 perniciosae
954 1891 1199 1959 dissensiones.

213 1999 325 2068 Paulo
348 2009 428 2064 ante
454 1988 545 2061 hanc
566 2005 712 2060 aetatem
729 1992 919 2060 Bessarion
943 2005 976 2061 et
995 1990 1199 2082 Trapezon·

213 2102 284 2169 tius
302 2093 478 2166 hostiliter
502 2096 593 2163 inter
607 2117 642 2160 se
657 2094 915 2187 dissenserunt,
940 2117 1020 2162 cum
1041 2088 1098 2161 hic
1115 2092 1201 2162 Ari-

215 2201 395 2282 stotelem,
422 2198 481 2265 ille
500 2195 683 2264 Platonem
708 2196 906 2264 anteferret.
957 2195 998 2261 ld
1024 2208 1199 2263 certamen

214 2301 355 2370 diremit
376 2295 588 2367 Theodorus
611 2294 723 2376 Gaza,
758 2296 924 2388 inquiens
948 2318 1050 2365 sirum
1074 2293 1200 2387 cuique

213 2404 329 2471 locum
363 2400 592 2469 tribuendum
627 2420 717 2466 esse:
752 2398 801 2466 ita
826 2398 1014 2465 lectionem
1041 2394 1201 2466 Platonis

213 2504 365 2571 multum
396 2501 615 2589 profuturam
650 2521 740 2580 esse,
781 2496 811 2565 si
839 2497 916 2590 quis
947 2499 985 2565 in
1011 2497 1200 2567 Aristotele

213 2618 306 2674 recte
323 2602 515 2682 institutus,
542 2613 660 2690 postea
677 2597 860 2666 Platonem
877 2600 979 2687 legat.
1013 2596 1103 2666 Nam
1120 2622 1200 2668 cum

213 2705 335 2774 afferet
351 2703 462 2772 lector
473 2696 731 2770 Aristotelicam
750 2694 967 2790 methodum,
983 2701 1083 2768 facile
1095 2700 1201 2792 'quasi

215 2806 309 2876 intra
326 2817 436 2873 certas
451 2817 560 2871 metas
576 2802 736 2870 includet
750 2824 805 2869 eas
820 2824 886 2879 res,
903 2826 991 2893 quae
1008 2803 1100 2891 apud
1120 2801 1201 2870 Pla-

214 2921 332 2977 tonem
350 2906 420 2974 late
438 2904 625 2994 dissipatae
642 2916 735 2974 sunt.
772 2899 819 2970 Et
837 2897 928 2972 hanc
942 2903 1047 2971 fuisse
1061 2901 1202 2972 Aristo-

214 3009 276 3078 teli
300 3029 435 3077 causam
453 3006 625 3088 arbitror,
652 3027 716 3073 cur
731 2998 937 3073 methodum
957 3005 1043 3073 adeo
1065 3005 1201 3073 exiliter

214 3122 484 3190 consectaretur,
507 3120 546 3176 ut
561 3131 598 3175 ea
614 3128 734 3198 quaea
752 3103 898 3176 Platone
916 3118 1105 3197 acceperat,
1127 3105 1201 3174 col·

213 3211 321 3294 lecta,
346 3222 381 3278 et
401 3211 551 3300 quadam
573 3205 777 3276 oeconomia
801 3220 906 3299 atque
928 3209 1056 3275 ordine
1080 3207 1201 3276 distri-

1246 978 1352 1044 verba
1375 975 1479 1043 etiam
1509 975 1644 1061 legibus
1672 976 1905 1064 inseruerint,
1938 981 2038 1050 utin
2062 984 2165 1052 titulo
2195 989 2238 1055 de

1246 1076 1418 1145 nundinis
1437 1076 1603 1143 recitatur
1626 1079 1796 1146 sententia
1819 1104 1907 1172 quae
1930 1084 2103 1175 adprobat
2126 1080 2237 1155 hone-

1247 1193 1335 1247 stam
1385 1177 1661 1264 negociationem
1703 1204 1906 1272 quanquam
1955 1181 2232 1280 καπηλευτικήν.

1247 1278 1431 1349 Caeterum
1453 1279 1623 1369 plurimas
1647 1283 1837 1351 sententias
1860 1281 1983 1354 Cicero
2007 1311 2046 1355 ex
2071 1290 2235 1358 omnibus

1248 1380 1407 1452 Platonis
1441 1381 1741 1469 disputationibus
1770 1385 1813 1451 de
1846 1384 2077 1475 imperiorum
2100 1390 2237 1459 vicibus

1250 1496 1283 1551 et
1300 1483 1554 1571 gubernatione
1569 1483 1701 1550 recitat.
1743 1483 1858 1553 Multa
1877 1502 2083 1558 ornamenta
2102 1504 2137 1559 et
2152 1488 2237 1559 Ari·

1248 1584 1388 1652 stoteles
1412 1606 1450 1651 ex
1467 1581 1614 1651 Platone
1635 1585 1827 1675 decerpsit,
1862 1612 1951 1679 quae
1979 1584 2140 1661 adhibita
2161 1616 2236 1660 me-

1249 1680 1361 1754 thodo
1389 1683 1546 1773 explicat.
1605 1682 1696 1753 Nam
1722 1687 1914 1756 divisiones
1937 1690 2112 1776 iusticias,
2145 1716 2236 1784 quae

1250 1800 1332 1855 sunt
1349 1786 1541 1853 admodum
1561 1785 1683 1869 utiles,
1709 1790 1858 1879 sumpsit
1880 1814 1900 1859 a
1917 1787 2080 1876 Platone,
2106 1815 2232 1884 easque

1250 1887 1360 1975 magis
1381 1886 1525 1954 inclusit
1553 1886 1742 1957 dialecticis
1773 1892 1889 1962 metis.
1949 1890 2105 1963 Platonis
2127 1895 2231 1962 etiam

1251 1989 1434 2057 inventum
1450 2000 1510 2071 est,
1530 1988 1716 2058 discrimen
1734 1991 1929 2082 specierum
1946 1991 2113 2079 iusticiae,
2137 1996 2235 2063 iuxta

1251 2089 1505 2180 proportiones,
1532 2085 1799 2160 Arithmeticam
1817 2108 1851 2164 et
1868 2093 2138 2166 Geometricam.
2164 2094 2236 2163 Ve-

1251 2215 1328 2260 rum
1347 2192 1383 2257 in
1401 2187 1590 2258 Aristotele
1606 2193 1786 2262 dialectica
1809 2195 1943 2284 integra
1964 2212 2027 2270 est.
2078 2195 2125 2267 Et
2142 2191 2237 2289 Phy-

1251 2293 1319 2361 sica
1334 2304 1417 2361 sunt
1437 2292 1609 2360 eruditius
1625 2290 1786 2365 inchoata
1802 2297 1846 2366 ab
1862 2297 1945 2388 ipsis
1961 2299 2105 2383 laribus,
2131 2310 2170 2366 ut
2188 2298 2236 2366 ita

1252 2395 1386 2477 dicam,
1414 2387 1479 2461 hoc
1497 2406 1547 2461 est
1564 2416 1582 2460 a
1599 2395 1723 2483 primis
1746 2398 1858 2468 initiis
1874 2411 1908 2468 et
1931 2401 2094 2489 perducta
2111 2400 2154 2467 ad
2172 2400 2235 2465 de-

1251 2495 1476 2584 scriptionem
1509 2509 1655 2564 naturae
1686 2499 1904 2571 animalium.
1969 2495 2095 2568 Ethica
2127 2499 2233 2566 etiam

1251 2596 1445 2688 simplicius
1468 2598 1666 2666 traduntur.
1718 2595 1886 2668 Amemus
1910 2601 2018 2690 igitur
2039 2614 2233 2692 utrunque:

1251 2712 1378 2766 etcum
1402 2698 1440 2763 in
1456 2696 1647 2767 Aristotele
1667 2700 1890 2770 mediocriter
1903 2702 2030 2770 versati
2050 2703 2234 2783 fuerimus,

1253 2800 1400 2868 alterum
1427 2799 1531 2867 etiam
1557 2812 1702 2890 propter
1722 2802 1879 2892 politicas
1902 2804 2065 2872 materias
2101 2816 2134 2871 et
2149 2826 2233 2893 pro-

1251 2913 1329 2991 pter
1349 2901 1585 2992 eloquentiam
1606 2901 1772 2990 legamus.
1821 2901 1938 2974 Habet
1957 2928 2038 2973 suos
2061 2905 2234 2996 quosdam

1251 3004 1365 3085 locos,
1406 3015 1550 3092 propter
1585 3027 1674 3093 quos
1713 3005 1870 3075 eruditos
1901 3006 2072 3075 delectare
2108 3017 2232 3096 potest.

1252 3102 1416 3193 Disputat
1433 3104 1526 3170 enim
1545 3104 1628 3172 satis
1645 3107 1799 3192 graviter
1815 3108 1858 3174 de
1875 3106 2135 3178 immortalitate
2154 3106 2233 3173 ani-

1251 3228 1389 3272 morum
1415 3200 1671 3289 humanorum,
1697 3221 1731 3276 et
1755 3202 2004 3299 Philosophiae
2025 3209 2133 3275 linem
2154 3205 2236 3274 ubi-

208 3315 319 3403 buta,
352 3310 500 3399 posteris
527 3309 660 3395 integre
693 3307 857 3377 traderet.
919 3303 997 3376 Etsi
1028 3309 1199 3399 quaedam
1252 3330 1319 3397 que
1332 3306 1514 3376 constituit
1529 3306 1743 3395 agnitionem
1757 3307 1834 3392 Dei,
1860 3308 2080 3401 sicotinquit
2095 3309 2135 3375 in
2150 3330 2238 3399 qua-

214 3413 337 3481 limare
351 3411 454 3479 etiam
473 3433 511 3477 ac
535 3408 707 3496 corrigere
723 3406 855 3489 voluit,
883 3431 999 3475 rerum
1022 3421 1141 3477 tamen
1162 3409 1200 3475 in
1251 3408 1331 3474 dam
1348 3406 1510 3497 epistola:
1537 3408 1583 3476 ita
1603 3423 1695 3479 recte
1710 3404 2055 3501 philosophabimur,
2077 3410 2107 3477 si
2121 3406 2238 3479 Deum

215 3533 351 3582 summa
367 3533 579 3598 nonmagna
595 3522 646 3578 est
661 3507 924 3580 dissimilitudo.
968 3505 1042 3576 Nec
1057 3508 1200 3576 difficile
1252 3530 1477 3595 agnoscemus
1502 3509 1686 3579 universae
1704 3525 1849 3580 naturae
1868 3524 2021 3602 patrem,
2047 3534 2186 3579 causam
2203 3521 2237 3577 ct

217 3627 269 3682 est
283 3612 516 3701 prudentibus
532 3611 666 3694 videre,
691 3623 771 3679 uter
788 3608 908 3702 inqua
925 3622 1022 3698 parte
1039 3622 1199 3700 praestet.
1252 3612 1522 3698 gubernatorem
1540 3634 1631 3696 esse,
1658 3613 1759 3705 eique
1774 3613 1862 3681 iuste
1877 3613 2036 3682 viventes
2052 3613 2234 3697 obtempe-

216 3712 431 3805 Quemquam
458 3714 550 3780 enim
574 3713 673 3782 dicar
694 3712 851 3800 ineptus,
877 3711 940 3806 qui
964 3710 1058 3781 velut
1081 3710 1200 3782 Midas
1252 3711 1419 3781 rabimus.
1469 3708 1572 3780 Hanc
1585 3737 1692 3781 unam
1708 3715 1767 3799 ait,
1791 3738 1865 3782 non
1880 3705 2233 3806 ἄμουσονπαιὸείαν

215 3817 258 3884 de
273 3810 440 3905 Apolline
457 3828 490 3884 et
504 3813 598 3883 Pane
613 3813 681 3881 sibi
698 3814 868 3881 iudicium
885 3813 1044 3901 sumpsit,
1070 3813 1120 3883 ita
1137 3836 1199 3903 ego
1252 3836 1340 3896 esse,
1374 3826 1407 3880 et
1436 3836 1552 3880 veram
1582 3809 1853 3907 philosophiam.
1918 3811 1965 3885 Et
1987 3814 2069 3908 quia
2091 3811 2232 3880 videbat

216 3920 259 3986 de
291 3919 430 4008 duobus
460 3915 765 4007 praestantissimis
788 3909 1016 4003 Philosophis
1043 3915 1200 3985 iudicare
1252 3909 1336 3981 haec
1361 3914 1513 3981 derideri
1535 3916 1580 3984 ab
1607 3911 1740 4001 atheis,
1771 3918 1953 3987 confirmat
1974 3916 2135 3997 lectores,
2170 3913 2230 3979 in·

215 4019 346 4103 ausim,
379 4031 497 4088 tamen
522 4020 709 4087 ostendere
728 4016 1008 4088 adolescentibus
1029 4018 1117 4088 utile
1139 4031 1201 4104 est,
1252 4017 1377 4108 quiens
1393 4038 1466 4083 uon
1486 4016 1569 4085 satis
1591 4041 1683 4102 esse,
1707 4020 1757 4088 sic
1772 4019 1924 4102 sentire,
1949 4018 2009 4087 sed
2026 4016 2129 4087 etiam
2152 4014 2232 4082 ani-

95 4146 102 4191 .'
216 4121 301 4211 quid
333 4133 492 4202 autores,
523 4121 583 4210 qui
614 4117 767 4208 proponi
794 4118 925 4202 solent,
960 4119 1200 4206 profiteantur.
1250 4139 1327 4185 mos
1346 4116 1394 4187 ita
1418 4118 1678 4188 confirmandos
1704 4135 1738 4190 et
1766 4121 2045 4189 corroborandos
2071 4139 2163 4201 esse,
2194 4127 2236 4184 ut

216 4221 387 4292 Uberiosa
408 4232 491 4288 sunt
506 4243 557 4301 ea,
574 4219 717 4310 quaede
731 4216 910 4286 civitatum
923 4219 1200 4290 administratio·
1251 4234 1474 4288 contemnere
1502 4242 1561 4288 eos
1580 4221 1769 4311 possimus,
1802 4222 1864 4314 qui
1886 4245 1951 4290 nos
1974 4223 2022 4291 ita
2044 4219 2235 4288 sentientes

217 4346 261 4388 ne
278 4319 378 4389 Plato
399 4318 537 4400 scribit,
564 4333 597 4386 et
612 4331 694 4387 sunt
711 4328 833 4384 ornata
848 4318 997 4385 mirilico
1013 4319 1201 4409 splendore
1250 4320 1424 4394 derident.
1475 4317 1576 4391 Vidit
1591 4320 1686 4390 enim
1703 4316 1920 4411 Philosopho
1943 4316 2009 4392 hae
2024 4320 2236 4390 fortitudine

204 4421 399 4488 orationis.
426 4415 561 4488 Etcum
580 4418 767 4486 dissimiles
782 4418 891 4485 libros
907 4419 1095 4506 scripserit,
1109 4421 1202 4509 poli·
1250 4445 1338 4511 opus
1353 4445 1445 4506 esse,
1470 4445 1515 4490 ne
1530 4446 1567 4490 se
1582 4422 1823 4515 improborum
1841 4423 1982 4492 iudiciis
1997 4448 2017 4492 a
2037 4434 2132 4492 recta
2153 4444 2235 4489 sen-

217 4525 312 4605 tiam,
330 4535 363 4588 et
380 4520 510 4586 librum
530 4520 572 4586 de
588 4519 734 4608 legibus,
762 4517 800 4584 in
817 4517 926 4587 altero
943 4518 1200 4607 liberius'lusit‚
1250 4523 1361 4592 tentia
1382 4523 1511 4614 depelli
1528 4523 1630 4597 sinat.
1682 4519 1760 4594 Etsi
1776 4537 1892 4594 autem
1919 4519 1981 4594 has
1996 4521 2157 4593 Platonis
2174 4548 2234 4593 co-

219 4623 333 4692 sedin
358 4623 450 4691 libro
470 4622 513 4689 de
529 4621 664 4711 legibus
677 4619 869 4710 sinpliciter
884 4634 915 4691 et
931 4621 1006 4689 sine
1021 4621 1200 4710 aenigma·
1250 4624 1435 4711 gitationes
1457 4637 1491 4693 et
1520 4623 1595 4715 ipse
1621 4649 1700 4693 amo
1732 4651 1771 4694 ac
1793 4625 1965 4717 suspicio,
1992 4613 2110 4692 tamen
2135 4648 2235 4695 error

225 4728 319 4796 tibus
338 4748 435 4793 suam
449 4724 658 4794 sententiam
677 4723 836 4812 exposuit
851 4735 884 4791 et
902 4724 1198 4815 praeceptacolle-
1248 4725 1391 4793 illorum
1406 4724 1575 4793 acerrime
1590 4721 1901 4816 reprehendendus
1917 4740 1989 4807 est,
2014 4726 2077 4817 qui
2093 4740 2238 4817 propte-

222 4830 271 4917 git
292 4828 395 4896 utilia
414 4828 462 4894 ad'
480 4827 770 4915 gubernationem
788 4823 988 4908 civitatum,
1012 4826 1198 4919 exquibus
1248 4849 1306 4895 rea
1321 4825 1771 4896 confunduntPlatonicam
1782 4821 2050 4915 Philosophiam
2068 4841 2101 4897 et
2115 4825 2237 4897 Evan-

221 4946 389 5021 tanquam
410 4953 450 4995 ex
467 4929 624 4997 lontibus
643 4928 755 4996 multa
775 4922 1018 4995 iurisconsulti
1040 4923 1196 4996 Romani
1249 4928 1389 5016 gelium.
1441 4925 1537 4997 Haec
1559 4930 1719 4999 conlusio
1734 4954 1901 5018 generum
1916 4929 2096 4998 doctrinae
2112 4930 2236 4998 erudi-

218 5027 422 5101 hauserunt.
466 5028 623 5117 Apparct
639 5030 734 5097 enim
752 5028 791 5095 in
807 5027 927 5097 multis
943 5028 1080 5116 legibus
1096 5043 1197 5099 auto·
1248 5030 1292 5097 tis
1313 5031 1466 5098 cavenda
1492 5046 1525 5099 et
1543 5033 1743 5101 detestanda
1766 5043 1835 5113 est,
1862 5054 1902 5098 ac
1919 5030 2129 5112 videndum,
2154 5033 2235 5124 quis

221 5160 274 5203 res
291 5157 381 5224 pene
399 5129 672 5199 verbaPlatonis
689 5129 895 5202 describere.
947 5128 1000 5198 De
1022 5144 1142 5219 stupro
1159 5131 1196 5199 vi
1248 5126 1606 5223 locusPhilosophiae
1624 5131 1833 5201 tribuendus
1849 5131 1904 5200 sit.
1955 5129 2024 5200 Dei
2040 5132 2133 5199 dona
2150 5145 2235 5203 sunt

220 5238 311 5306 lacto
331 5234 448 5303 sanxit
465 5230 577 5310 Plato,
607 5245 647 5301 ιιι
670 5243 905 5320 stupratorem
925 5228 1073 5299 interfici
1084 5230 1196 5317 liceat,
1235 5253 1371 5298 omnes
1391 5233 1505 5302 bonae
1528 5249 1638 5318 artes,
1663 5235 1723 5301 sed
1740 5255 1843 5300 suum
1867 5233 2027 5323 singulae
2043 5233 2159 5303 locum
2179 5245 2232 5302 te-

221 5364 293 5408 nen
309 5336 424 5406 solum
449 5334 494 5404 ab
514 5333 585 5400 illis
604 5331 803 5426 quibusvis
826 5332 995 5419 infertur,
1017 5333 1195 5405 sedetiam
1246 5345 1363 5401 neant.
1414 5331 1508 5403 Vera
1523 5328 1772 5426 Philosophia,
1799 5330 1866 5405 hoc
1883 5349 1952 5421 est,
1980 5359 2052 5404 uon
2068 5337 2235 5404 deerrans
