4732 6030
230 279 280 353 st

280 459 326 527 ln
353 450 491 552 Officia
519 455 706 527 cicerones
728 444 926 544 praefatio
952 447 1049 523 Phil.
1075 444 1170 522 Mel.

325 616 425 700 'Quid
445 613 592 701 conserat
613 610 709 678 lectio
732 609 887 678 librorum
909 611 949 677 de
970 609 1108 699 Officiis.

231 742 546 847 Quemadmodum
578 761 698 818 vetant
727 747 765 815 iu
795 750 990 817 exercendo
1013 749 1125 817 sterili
1143 748 1220 817 solo

231 871 295 928 eut
316 867 475 945 sumptus
496 853 629 935 facere,
656 864 718 921 aut
741 872 878 919 sumere
899 850 1075 934 laborem,
1098 852 1146 920 ita
1168 850 1220 918 le·

232 957 340 1031 cturis
363 955 568 1047 scriptorem
585 953 739 1045 aliquem
755 951 792 1018 in
808 951 933 1041 primis
948 952 1141 1022 videndum
1159 967 1221 1035 est,

230 1059 318 1154 qnid
341 1059 484 1137 doceat,
512 1070 545 1126 et
566 1078 672 1146 quarn
696 1053 780 1121 inde
796 1052 1028 1122 accessionem
1043 1056 1085 1122 ad
1103 1055 1219 1122 studia

231 1174 351 1230 nostra
371 1160 483 1227 facere
506 1155 692 1248 possimus.
745 1152 857 1222 Porro
880 1155 938 1222 vix
962 1155 1064 1244 pauci
1078 1155 1115 1221 in
1130 1155 1221 1222 rele-

224 1260 355 1353 gendis
373 1259 609 1349 scriptoribus
623 1280 740 1325 securn
756 1255 822 1346 ipsi
839 1256 1055 1336 deliberant,
1083 1259 1218 1348 ecquod

232 1386 358 1454 operae
378 1360 532 1451 pretium
547 1358 673 1427 facturi
688 1358 769 1430 sint.
813 1352 860 1426 Et
876 1359 969 1426 bona
986 1380 1065 1449 pars
1080 1356 1219 1426 discen-

108 1542 112 1551 ,
159 1484 162 1489 '
231 1465 322 1536 tium
346 1464 385 1530 in
407 1462 613 1530 universum
634 1459 768 1543 nescit,
793 1461 836 1527 ad
859 1482 965 1551 quem
983 1482 1128 1550 scopum
1144 1471 1219 1527 stu-

231 1566 290 1637 dia
315 1564 435 1635 omnia
461 1563 646 1651 dirigenda
665 1563 747 1629 sint.
806 1556 963 1630 Proinde
987 1560 1090 1629 initio
1113 1554 1219 1630 huius

232 1666 346 1737 libelli
370 1678 404 1734 et
426 1677 673 1752 argumentum
697 1661 813 1754 operis
834 1662 1067 1731 indicandum
1090 1674 1161 1745 est,
1186 1676 1219 1732 et

209 1760 319 1864 'quid
344 1767 501 1836 conferat
522 1764 648 1834 studiis
670 1763 811 1834 nostris.
862 1759 915 1831 Ea
933 1765 1074 1845 demum
1095 1777 1144 1831 est
1163 1787 1219 1830 so-

162 1902 167 1923 =
232 1871 306 1939 lida
328 1867 481 1937 eruditio
505 1868 549 1935 de
567 1866 674 1934 rebus
696 1865 925 1957 moribusque
949 1878 1041 1932 recte
1063 1864 1219 1933 iudicare

231 1994 354 2067 posse,
386 1968 515 2038 deinde
545 1991 635 2061 quae
664 1967 785 2035 animo
808 1959 1117 2056 comprehenderis
1139 1989 1220 2054 per-

233 2075 352 2167 spicue
374 2085 406 2141 et
426 2071 609 2140 commode
623 2068 814 2158 explicare,
840 2079 945 2159 atque
962 2065 1093 2158 eloqui.
1145 2064 1219 2136 Re-

231 2200 312 2246 rum
335 2171 491 2263 cognitio
506 2172 551 2239 ad
567 2170 797 2240 iudicandum
815 2181 848 2238 et
865 2169 909 2235 ad
925 2169 1117 2259 parandam
1133 2191 1220 2258 pru·

232 2276 389 2347 dentiam
419 2287 472 2342 est
492 2272 697 2342 necessaria.
764 2268 895 2359 Magna
919 2269 957 2336 in
982 2267 1105 2358 primis
1125 2269 1220 2358 opti-

230 2402 373 2448 morum
395 2375 584 2444 verborum
608 2374 707 2465 copia
731 2372 925 2464 requiritur
947 2372 990 2439 ad
1012 2369 1218 2440 dicendum:

230 2484 328 2549 Voco
345 2491 461 2547 autem
476 2498 596 2545 rerum
613 2474 812 2557 scientiam,
837 2465 1113 2567 physiologiam,
1137 2470 1219 2539 Ma-

92 2604 105 2616 ·
229 2576 403 2663 themata,
427 2588 610 2668 praecepta
633 2578 677 2645 de
693 2573 858 2645 civilibus
874 2573 1049 2654 moribus:
1075 2597 1158 2642 narn
1175 2575 1219 2640 de

231 2682 403 2771 religione
424 2673 484 2747 hic
507 2673 601 2746 nihil
626 2676 788 2746 dicimus.
838 2672 972 2767 Estque
993 2675 1037 2743 ad
1058 2698 1218 2743 commu-

233 2809 315 2855 nem
347 2782 456 2851 vitam
478 2779 517 2847 in
538 2778 663 2869 primis
682 2777 790 2858 utile,
824 2800 863 2844 ea
888 2789 1028 2859 tenere,
1062 2800 1152 2867 quae
1174 2776 1218 2843 de

231 2885 393 2956 moribus
419 2883 533 2974 deque
562 2880 658 2948 civili
689 2881 782 2948 vitae
810 2879 1065 2947 consuetudine
1088 2876 1216 2948 tradita

231 3001 325 3060 sunt.
374 2983 522 3054 Beluam
536 2981 642 3066 dicas,
665 3005 738 3050 non
752 2974 945 3064 hominem,
971 2979 1132 3075 quisquis
1144 3003 1218 3047 non

231 3103 285 3161 est
306 3086 462 3156 excultus
484 3079 553 3152 hoc
570 3084 751 3153 doctrinae
767 3105 913 3171 genere,
939 3083 1032 3150 etad
1051 3076 1218 3150 humani-

231 3203 338 3262 tatem
360 3200 394 3255 et
416 3185 534 3254 civilia
556 3185 670 3253 officia
692 3184 913 3257 assuefactus.
963 3181 1055 3252 Nam
1077 3182 1219 3253 virtutis

233 3287 449 3363 incunabula
478 3299 584 3377 atque
614 3287 815 3355 rudimenta
846 3298 948 3365 sunt,
988 3280 1055 3354 hae
1085 3286 1219 3368 literae,

232 3393 363 3489 quibus
385 3388 430 3458 ad
451 3383 669 3458 honestatem
692 3387 804 3456 teneri
825 3386 935 3459 animi
952 3387 1097 3457 aluntur
1113 3400 1147 3457 et
1162 3387 1224 3479 in-¹

22 3500 26 3513 '
107 3562 110 3567 .
232 3496 399 3565 citantur.
450 3488 562 3557 Porro
584 3512 658 3557 non
674 3488 763 3557 alius
780 3499 874 3558 extat
889 3487 1029 3557 libellus
1046 3490 1090 3557 de
1108 3488 1219 3557 mori-

231 3598 301 3667 bus
323 3591 520 3663 absolutior
540 3584 678 3659 Officiis
694 3586 891 3659 Ciceronis.
942 3586 1218 3678 Diligentissime

115 3730 118 3735 ·
234 3697 331 3787 enim
357 3692 532 3785 praecepit
555 3694 598 3760 de
621 3690 788 3760 omnibus
809 3691 899 3760 vitae
922 3692 1099 3781 partibus,
1131 3691 1217 3783 quid

234 3802 356 3870 deceat
385 3794 590 3889 quamlibet.
609 3805 770 3863 aetatem.
828 3789 976 3863 Accedit
1006 3794 1111 3865 etiarn
1141 3790 1219 3878 hoc,

234 3901 328 3997 quod
352 3900 444 3968 iusto
467 3897 592 3965 ordine
613 3896 746 3967 formas
766 3894 939 3965 virtutum
954 3896 1156 3988 proposuit,
1180 3911 1221 3966 ut

143 4048 147 4055 ’
233 4013 391 4074 extarent
417 3999 465 4069 ob
488 3998 610 4068 oeulos
639 3996 848 4082 lectoribus,
880 4009 1050 4093 tanquam
1079 3997 1220 4088 regulae

232 4105 393 4174 omniurn
416 4098 644 4168 consiliorum
661 4111 695 4167 et
708 4098 897 4166 factomm:
922 4101 1005 4171 fecit
1020 4102 1115 4171 enirn
1132 4124 1221 4194 qua-

232 4219 316 4277 tuor
353 4200 493 4270 virtutis
526 4197 707 4282 membra,
745 4198 992 4288 prudentiam,
1034 4202 1220 4284 iusticiam,

232 4302 499 4383 fortitudinem,
531 4298 752 4369 modestiam.
805 4296 906 4385 Quae
931 4312 1099 4395 tanquam
1123 4300 1221 4369 locos

234 4424 438 4478 communes
463 4412 666 4491 proponant
687 4398 757 4467 sibi
771 4398 1025 4486 adolescentes,
1050 4416 1090 4472 ut
1105 4427 1146 4470 eo
1163 4425 1220 4470 re-

234 4510 350 4578 serant
371 4503 490 4574 omnia
512 4500 556 4569 de
580 4499 738 4570 moribus
762 4500 930 4585 consilia,
958 4515 991 4573 et
1012 4526 1101 4597 quos
1124 4503 1220 4573 iudi-

234 4609 366 4693 caturi,
391 4605 477 4699 quid
498 4603 637 4685 deceat,
662 4627 726 4673 ceu
750 4597 929 4674 Theseum
949 4606 1047 4675 filum
1069 4628 1221 4699 sequan-

157 4696 162 4707 ’
233 4725 303 4784 tur.
354 4706 445 4778 Nam
468 4719 509 4776 ut
531 4703 674 4789 Zeusis,
705 4729 785 4775 curn
807 4703 980 4775 Helenam
1003 4705 1221 4777 Crotoniatis

233 4815 411 4908 pingeret,
440 4807 613 4878 inclusam
642 4801 797 4876 habebat
821 4809 859 4876 in
880 4807 1000 4877 animo
1021 4804 1221 4899 pulcherri-

234 4938 328 4984 mam
349 4911 528 5004 quandam
552 4907 712 4978 mulieris
729 4908 902 4999 speciem,
927 4932 1006 4994 seu,
1032 4924 1072 4980 nt
1089 4908 1221 4981 Graeci

234 5017 378 5098 dicunt,
403 5005 525 5083 elde'uv
545 5009 726 5080 collectam
744 5033 786 5078 ex
802 5009 945 5101 optimis
959 5012 1143 5104 exemplis:
1171 5013 1218 5082 ita

233 5117 450 5188 iudicaturos
464 5113 509 5181 de
522 5111 693 5192 moribus,
719 5125 860 5204 oportet
873 5112 991 5181 animo
1007 5127 1126 5184 tenere
1140 5130 1220 5186 tan-

233 5241 340 5316 quam
375 5215 506 5285 formas
544 5214 712 5306 quasdam
751 5215 923 5284 virtutum
956 5215 1220 5306 descriptiones,

234 5341 322 5416 quas
336 5314 538 5399 consulant,
560 5337 647 5407 quas
662 5313 885 5399 intueantur,
910 5317 950 5385 in
962 5341 1049 5409 quas
1066 5318 1221 5406 defigant

234 5421 372 5507 oculos,
403 5417 541 5513 quoties
563 5417 608 5485 de
633 5411 815 5488 honestate
836 5418 1045 5503 deliberant.
1095 5417 1219 5513 Neque

697 276 854 352 DECL.
888 274 964 350 DE
996 272 1202 351 PRAEF.
1232 275 1290 349 IN
1322 271 1565 348 OFFlClA
1598 261 1786 352 CICER.

2217 276 2266 352 88

1274 470 1335 537 ego
1352 441 1412 518 hic
1428 445 1472 517 de
1489 448 1660 537 religione
1674 439 1773 531 dico,
1799 471 1888 540 quae
1904 471 1944 515 ex
1960 447 2066 517 sacris
2081 447 2184 517 libris
2201 472 2264 540 pe-

1273 551 1377 618 tenda
1392 562 1453 621 est.
1502 546 1627 618 Civilis
1640 548 1732 618 vitae
1747 550 1963 619 consuetudo
1979 573 1999 617 a
2014 545 2184 618 Cicerone
2200 550 2264 619 de-

1272 651 1460 734 scribitur,
1485 674 1566 720 cum
1587 674 1654 742 qua
1670 650 1794 740 religio
1810 647 1903 719 nihil
1918 664 2062 741 pugnat.
2113 649 2265 743 Scripsit

1274 752 1319 820 de
1334 746 1473 821 Officiis
1489 753 1594 821 etiarn
1610 751 1713 821 divus
1723 750 1945 837 Ambrosius,
1970 754 2075 820 credo
2089 764 2125 818 ut
2143 753 2263 841 pueris

1273 853 1466 922 inculcaret
1487 854 1714 943 religionem,
1741 854 1784 922 de
1805 877 1872 946 qua
1893 852 2035 922 videbat
2057 853 2097 920 in
2118 850 2262 922 Cicero-

1272 954 1389 1022 nianis
1412 949 1503 1022 nihil
1528 955 1693 1046 praecipi.
1726 951 1879 1024 ·Verum
1900 976 1963 1044 ego
1987 954 2195 1043 religionem
2221 978 2264 1024 ex

1273 1055 1406 1124 divinis
1426 1055 1538 1124 literis
1559 1080 1682 1125 censeo
1704 1051 1938 1125 hauriendam
1961 1079 2046 1126 esse.
2095 1052 2149 1123 De
2174 1055 2262 1124 civi·
2351 1056 2357 1063 ’

1272 1157 1367 1226 libus
1384 1157 1542 1226 moribus
1555 1158 1677 1226 malim
1693 1157 1817 1227 audire
1831 1152 2050 1242 Ciceronem,
2073 1157 2135 1247 qui
2151 1157 2263 1226 maxi-

1272 1257 1340 1327 mis
1358 1259 1464 1328 rebus
1478 1259 1584 1349 gestis
1599 1273 1757 1329 versatus
1773 1259 1812 1327 in
1827 1254 1971 1348 Repub.
1990 1258 2148 1350 principe
2164 1259 2262 1328 orbis

1272 1372 1468 1441 terrarum,¹
1501 1382 1571 1431 usu
1600 1361 1767 1452 pleraque
1797 1360 1986 1451 comperit,
2026 1359 2193 1452 pleraque
2220 1384 2262 1429 ex

1274 1459 1495 1531 Graecomm
1510 1462 1668 1554 scriptis,
1695 1462 1758 1555 qui
1778 1462 1946 1530 maximas
1960 1461 2117 1532 civitates
2132 1463 2263 1549 guber-

1273 1574 1422 1645 narunt,
1448 1564 1563 1633 vertit.
1611 1562 1731 1632 Habes
1747 1564 1866 1656 itaque
1882 1563 1967 1655 quid
1985 1557 2044 1631 hic
2058 1562 2201 1632 libellus
2216 1564 2264 1633 ad

1272 1664 1503 1734 iudicandum
1536 1667 1708 1735 conserat:
1740 1659 1806 1734 Est
1835 1665 1931 1732 enirn
1957 1664 2013 1732 vel
2038 1664 2152 1753 prima
2174 1688 2263 1756 pru-

1272 1766 1413 1834 dentiae
1433 1790 1533 1855 pars,
1560 1780 1678 1835 tenere
1701 1779 1883 1856 praecepta
1906 1767 1951 1835 de
1974 1766 2145 1838 moribus.
2194 1762 2262 1838 Est

1272 1881 1387 1935 autern
1411 1865 1534 1936 Cicero
1565 1891 1619 1935 res
1647 1868 1798 1958 partitus
1828 1868 1866 1935 in
1897 1864 2044 1936 honesta
2076 1880 2110 1936 et
2142 1866 2270 1959 initia„

1271 1965 1476 2037 Honestatis
1497 1983 1612 2058 partes
1632 1970 1670 2036 in
1689 1970 1804 2059 primo
1821 1969 1914 2038 libro
1931 1982 2077 2054 tractat,
2101 1968 2164 2036 ubi
2181 1969 2261 2060 pri-

1272 2092 1368 2137 mum
1392 2070 1539 2138 virtutes
1560 2070 1683 2139 definit
1697 2070 1886 2141 Dialectica
1903 2073 2054 2162 quadam
2071 2085 2261 2141 eonsuetu-

1272 2171 1368 2243 dine.
1418 2166 1558 2240 Deinde
1579 2172 1738 2258 congerit
1758 2171 1869 2241 multa
1887 2185 2068 2262 praecepta
2086 2172 2130 2240 de
2147 2173 2261 2241 mori-

1272 2270 1338 2338 bus
1352 2270 1449 2339 velut
1462 2271 1501 2339 in
1514 2295 1691 2347 acervum.
1734 2269 1777 2341 ln
1791 2275 1946 2342 secundo
1961 2274 2053 2343 libro
2068 2297 2123 2342 res
2138 2297 2261 2344 omnes

1272 2386 1472 2462 enumerat,
1518 2397 1605 2466 quas
1634 2385 1758 2443 natura
1787 2376 1830 2442 ad
1857 2374 2045 2445 utilitatem
2071 2398 2131 2445 seu
2154 2398 2260 2444 usum
2299 2424 2314 2453 .

1271 2466 1459 2542 hominurn
1483 2475 1662 2555 condidit,
1688 2476 1859 2568 docetque
1884 2500 1988 2569 quem
2010 2501 2051 2547 ex
2064 2500 2203 2570 quaque
2221 2500 2260 2545 re

1271 2597 1374 2642 usum
1398 2576 1579 2666 percipere
1595 2576 1796 2646 debeamus.
1848 2574 1891 2647 ln
1906 2578 2012 2647 tertio
2028 2579 2163 2649 confert
2176 2601 2259 2650 cum

1270 2669 1453 2746 honestate
1469 2678 1669 2751 utilitatem.

1330 2922 1417 3004 Quia
1437 2924 1481 2990 od
1500 2924 1666 2992 dicendam
1688 2926 1838 3016 conserat
1859 2927 1983 2997 libellus
2003 2929 2043 2996 de
2065 2927 2206 3017 Officia.

1372 3081 1622 3177 Praeterquam
1665 3087 1781 3177 quod,
1827 3100 1867 3156 ut
1907 3100 2041 3158 caetera
2077 3082 2259 3156 Ciceronis

1271 3184 1412 3268 omnia,
1438 3208 1605 3273 magnum
1626 3202 1815 3253 numerum
1839 3187 2109 3257 lectissimorum
2132 3187 2261 3257 verbo-

1272 3309 1351 3354 rum
1374 3298 1411 3355 et
1434 3286 1625 3374 figurarum
1647 3285 1887 3374 suppeditabit
1910 3281 1968 3352 hic
1989 3286 2153 3368 libellus,
2178 3289 2260 3358 ideo

1272 3386 1377 3455 etiarn
1401 3387 1446 3454 ad
1467 3385 1656 3453 dicendum
1679 3387 1760 3474 plus
1780 3385 1981 3478 aliquanto,
2015 3374 2120 3479 quain
2143 3389 2260 3477 plera-

1272 3510 1340 3580 que
1370 3487 1439 3555 alia
1468 3486 1596 3575 scripta
1625 3487 1780 3569 confert,
1820 3486 1902 3579 qnia
1934 3488 2091 3556 locorum
2123 3487 2260 3580 aliquot

1271 3589 1515 3657 communium
1543 3587 1731 3671 formulas,
1765 3601 1798 3656 et
1829 3590 2084 3680 propemodum
2112 3588 2260 3657 simula-

1272 3685 1356 3758 chra
1370 3691 1539 3762 continet.
1590 3686 1705 3758 Porro
1720 3713 1801 3759 curn
1819 3684 1857 3757 hi
1872 3691 1942 3760 loci
1957 3691 2129 3759 virtutum
2146 3713 2187 3758 ac
2203 3690 2260 3759 vi-

1272 3793 1404 3862 tiorum
1435 3792 1576 3879 regulae
1599 3790 1689 3877 sint,
1715 3792 1765 3859 ad
1790 3816 1877 3884 quas
1900 3793 2059 3862 omniurn
2082 3814 2199 3861 mores
2224 3805 2260 3863 et

1270 3893 1552 3983 sactaexigimus
1576 3893 1614 3960 in
1636 3891 1846 3976 iudicando,
1877 3895 1989 3965 oratio
2014 3894 2118 3963 etiam
2141 3894 2260 3962 omnis

1271 3995 1395 4064 referri
1419 3997 1463 4064 ad
1484 4015 1543 4062 eus
1566 3995 1687 4080 debet,
1711 3995 1796 4063 inde
1817 4012 2040 4085 argumenta,
2066 3995 2260 4088 amplitica-

1272 4098 1457 4191 tionesque
1486 4110 1674 4188 petuntur,
1704 4110 1744 4166 ut
1771 4094 1802 4163 si
1835 4097 1914 4189 quis
1947 4099 2123 4189 ingratum
2155 4096 2260 4182 dicat,

1272 4200 1383 4268 multa
1401 4201 1545 4268 illinon
1562 4201 1606 4267 de
1623 4220 1771 4287 persona
1789 4209 1945 4279 tantum,
1971 4202 2031 4268 sed
2049 4199 2093 4268 de
2111 4199 2187 4289 ipso
2203 4198 2261 4267 vi·

1272 4301 1313 4370 tii
1330 4323 1457 4397 genere
1473 4311 1579 4369 erunt
1593 4299 1760 4383 dicenda,
1786 4299 1922 4394 eritque
1936 4303 2053 4371 danda
2067 4325 2194 4393 opera,
2221 4312 2262 4370 ut

1272 4402 1474 4492 intelligant
1490 4400 1687 4484 auditores,
1712 4415 1842 4493 quanta
1861 4402 1960 4474 sitin
1978 4428 2019 4472 eo
2038 4403 2126 4472 vitio
2144 4401 2261 4493 turpi-

1273 4505 1378 4574 tudo:
1405 4502 1538 4571 Verum
1552 4502 1587 4569 id
1600 4525 1705 4570 nemo
1718 4515 1893 4592 praestare
1908 4504 2062 4595 poterit,
2077 4504 2148 4572 nisi
2162 4503 2263 4574 loco-

1272 4628 1352 4675 rum
1374 4607 1519 4673 illorum
1542 4602 1714 4672 formulas
1734 4603 1825 4674 bene
1846 4604 2031 4676 meditatas
2051 4598 2197 4690 haheat,
2224 4618 2261 4675 et

1273 4707 1430 4798 exempla
1453 4717 1613 4775 veterum
1634 4717 1769 4790 teneat,
1795 4707 1893 4777 unde
1915 4706 2041 4793 verba,
2066 4706 2260 4777 sententias

1273 4823 1307 4880 et
1330 4818 1536 4878 ornamenta
1557 4819 1750 4881 mutuetur.
1801 4803 1883 4878 Erit
1904 4807 2023 4902 itaque
2042 4803 2100 4878 hic
2115 4807 2261 4878 libellus

1273 4911 1372 4982 velut
1391 4934 1503 5004 penu,
1535 4922 1569 4978 et
1590 4908 1682 4980 sicut
1703 4908 1822 5002 inquit
1843 4903 2092 5004 Thucydides,
2121 4913 2260 5004 κτῆμα,

1272 5015 1368 5083 unde
1391 5016 1601 5105 depromant
1620 5011 1818 5082 orationem
1842 5010 2011 5100 studiosi,
2036 5014 2080 5082 de
2102 5036 2265 5105 quacun-

1272 5139 1341 5207 que
1371 5140 1408 5184 re
1439 5096 1629 5184 diceritlum
1653 5113 1778 5197 fuerit,
1812 5106 1897 5183 hinc
1921 5127 2146 5206 argumenta,
2177 5108 2267 5184 hine

1272 5218 1481 5300 sententias,
1512 5210 1597 5284 hinc
1625 5214 1770 5303 figuras,
1804 5209 1888 5285 hinc
1912 5232 1990 5308 apta
2014 5218 2120 5286 verba
2143 5240 2265 5284 excer-

1272 5330 1368 5408 pant.
1410 5315 1463 5386 M.
1472 5314 1596 5386 Cicero
1612 5315 1777 5402 magnum
1795 5316 2072 5389 instrumentum
2089 5319 2262 5411 eloquen-

1270 5419 1340 5490 tiae
1369 5418 1406 5488 id
1437 5437 1510 5488 esse
1538 5415 1693 5508 putavit,
1724 5411 1855 5491 habere
1883 5422 1980 5492 locos
2009 5421 2048 5489 in
2071 5435 2262 5493 numerato
