4732 6030
83 316 153 387 881
534 309 698 388 DECb
733 312 810 385 DE
842 308 1411 387 APPELLATlONlBUS
1446 308 1662 388 PANUM.
2046 318 2119 390 882

78 487 161 582 quia
178 487 357 572 insumis,
380 481 847 579 moreborumtemporum‚
874 486 964 556 cocti
981 499 1074 555 sunt.
1124 484 1314 555 utilitatem
1331 501 1488 557 nostram
1504 485 1646 556 condita
1662 505 1744 555 esse.
1794 481 1886 556 Etsi
1902 500 2017 558 autem
2034 515 2119 582 pro-

77 587 126 661 Et
142 592 243 661 aiunt
257 593 381 661 furnos
396 592 582 661 inventum
597 587 812 686 Aegyptium
827 612 909 663 esse.
1124 601 1203 680 pter
1221 587 1462 659 infirmitatem
1486 603 1632 659 naturae
1657 584 1851 668 humanae,
1879 591 1981 659 valdc
2003 594 2118 684 negli-

181 721 260 793 ΑΜ
291 726 359 795 suit
382 723 565 816 anfiquiot
593 726 829 810 consuetudo,
868 721 1073 815 priusquam
1124 703 1246 779 genter
1269 685 1354 760 llaec
1382 715 1487 782 opera
1514 703 1548 762 et
1570 690 1717 810 consilia
1741 686 1810 810 Dei
1832 692 2117 809 considerantur,

78 827 174 896 sumi
193 841 324 906 essent,
353 850 502 925 coquere
521 850 629 917 panes
651 841 760 897 tectos
777 826 956 895 cineribus
980 826 1074 894 inter
1123 807 1240 862 tamen
1274 795 1543 884 repugnandum
1569 807 1620 861 ²⁸²
1643 792 1852 863 ¹¹¹fir¹⁰¹²³¹¹·
1914 792 1997 866 ¹d⁸⁰
2021 795 2118 868 Μ’

78 931 258 998 carbones·
310 926 358 996 Hi
384 929 618 998 nominamur
641 928 657 998 ἐ
683 953 708 1000 2
746 921 840 1024 ιφιαι
896 951 986 1021 quae
1009 950 1072 1016 ap-
1123 896 1231 963 vitam
1254 894 1328 984 regi
1352 897 1429 965 vult
1451 896 1612 965 doctrina
1637 908 1669 964 et
1692 894 1895 986 disciplina,
1925 910 1965 966 Ul
1993 915 2116 971 mmm

657 952 684 1026 γ
708 954 755 1026 9²²
847 980 859 1012 ’
981 1010 990 1044 ⁸
1035 1028 1043 1044 ·
1122 991 1214 1066 hanc
1235 998 1440 1086 segniciem,
1467 1022 1557 1090 quae
1578 997 1763 1065 nobiscum
1780 998 1955 1082 nascitur,
1982 1017 2117 1071 mentes

78 1032 221 1123 pellatio
241 1054 342 1121 saepe
364 1031 402 1099 in
421 1031 528 1100 sacris
543 1031 645 1101 libris
667 1030 814 1123 repetita
833 1044 900 1111 est,
929 1053 1011 1123 quia
1032 1052 1072 1095 sn
1595 1100 1604 1117 ‚
1802 1100 1809 1115 ,
2088 1104 2096 1121 ,

78 1133 256 1202 sacrificiis
280 1127 348 1201 hoc
375 1133 481 1201 modo
509 1133 599 1203 cocti
629 1156 737 1224 panes
772 1133 1071 1226 proponebantur·
1122 1099 1675 1218 adsuefiantcommpnelactrone
1697 1101 1879 1168 doctrinae
1903 1096 2116 1219 etbouestrs

1122 1202 1308 1291 exemplis,
1334 1205 1376 1269 ad
1395 1225 1506 1291 ipsius
1525 1216 1740 1288 agnationem
1759 1215 1791 1271 et
1810 1203 2092 1275 celebrationem.

78 1233 200 1321 Quare
216 1248 249 1304 et
265 1248 399 1304 veteres
413 1233 601 1326 scriptores
615 1236 653 1304 in
669 1232 847 1319 Ecclesia,
875 1235 913 1302 in
929 1255 1070 1302 enarra·
1280 1303 1288 1318 ‚
1590 1305 1598 1319 ,
1629 1303 1638 1320 .

1223 1303 1362 1372 Deinde
1386 1316 1419 1372 et
1445 1303 1656 1372 valetudinis
1679 1305 1832 1372 tuendae
1854 1329 1973 1390 causa,
2008 1323 2047 1377 ut
2072 1313 2115 1378 de

77 1337 175 1406 tione
200 1336 473 1420 sacrificiorum,
507 1338 631 1408 dicunt
651 1338 832 1408 interdum
848 1333 904 1405 bis
919 1335 1072 1427 panibus
1237 1404 1246 1420 ,
1301 1404 1348 1421 ,,
1417 1404 1424 1419 ,
1608 1405 1616 1421 ,
2005 1409 2014 1426 ,
2087 1411 2095 1428 ,

76 1439 265 1508 sacrificari
290 1439 400 1506 lilium
424 1434 687 1509 Dei-iacentem
708 1441 746 1508 in
770 1439 966 1521 cineribus,
991 1459 1070 1506 cum
1121 1419 1265 1521 ‘fetens
1279 1407 1386 1484 estus'
1414 1419 1461 1473 ¹1³
1478 1407 1521 1473 de
1535 1406 1685 1498 pambus
1700 1428 1927 1496 quaeramus’
1953 1433 2015 1500 qm
2029 1412 2115 1479 [ω’

79 1564 144 1634 pro
160 1541 264 1609 nobis
281 1541 424 1611 victima
443 1540 555 1611 factus
575 1555 642 1610 est:
669 1543 820 1636 ideoque
836 1542 875 1610 in
893 1537 1072 1609 sacrificiis
1123 1505 1191 1574 ¹¹⁰⁸
1214 1529 1252 1573 ¹¹¹
1276 1519 1536 1577 nummulum
1560 1519 1649 1574 vem
1675 1520 1828 1595 P⁰⁵⁵¹¹¹¹²
1855 1510 1916 1601 ‘ini
1941 1534 2020 1579 ‘¹¹¹⁰
2044 1513 2116 1583 ⁸3⁰²

78 1638 169 1712 hanc
195 1643 344 1733 speciem
368 1638 559 1713 exhibitam
584 1667 675 1735 esse,
710 1658 750 1714 u,
775 1645 966 1734 cogitemus
998 1641 1072 1732 pri·
1121 1607 1208 1677 lenti
1234 1633 1273 1677 ac
1294 1609 1414 1679 minus
1436 1608 1525 1692 rari,
1550 1607 1743 1678 difficulter
1761 1623 1942 1681 vertantur
1964 1613 2001 1679 in
2027 1609 2115 1708 chy-

77 1768 175 1812 mum
193 1747 236 1814 de
250 1744 324 1813 lilio
337 1741 402 1812 Dei
423 1744 472 1812 sic
488 1743 651 1817 involuto
666 1746 863 1830 cineribus,
891 1743 1021 1813 deinde
1038 1754 1072 1810 et
1121 1709 1215 1792 lum’
1241 1710 1672 1828 ²²‚333¹¹³¹¹¹,⁸³¹¹3¹¹i¹¹⁸¹¹¹,
1694 1710 1794 1802 ‘luaSi
1821 1711 2056 1799 ¹¹¹¹¹¹¹⁰¹¹¹¹¹¹¹¹2
2081 1730 2116 1785 ‘²

77 1848 121 1914 de
144 1848 273 1914 nom
302 1846 493 1919 aerumnis·
554 1843 707 1939 oportet
731 1847 825 1918 enim
850 1868 915 1915 nos
938 1844 1071 1913 similes
1121 1811 1379 1881 obstructrones
1394 1811 1536 1894 sacrant,
1557 1835 1646 1903 quae
1662 1813 1841 1881 interdum
1857 1808 2004 1884 lethales
2019 1841 2116 1885 mor-

77 1948 152 2016 fieri
169 1949 334 2036 imaginis
355 1947 420 2016 fiffi
435 1943 514 2020 Dei·
567 1949 694 2021 Urimr
713 1973 795 2018 vm
813 1945 969 2017 Ecclesia
992 1959 1070 2015 ,an-
1122 1914 1185 1981 bos
1207 1912 1386 1983 adferunt.
1413 1927 1453 1982 ut
1475 1912 1603 1982 accidit
1625 1913 1727 1981 avide
1744 1915 1950 1983 vorantibus
1974 1918 2115 2006 placen·

78 2072 184 2142 qnam
208 2051 387 2118 cineribus
410 2051 555 2135 obruta,
581 2075 661 2121 cum
688 2051 794 2120 variis
814 2045 1072 2118 calamitatibus
1122 2028 1191 2098 ¹³⁵³
1214 2030 1275 2085 ³¹¹²
1292 2014 1383 2099 itria,
1410 2037 1499 2108 quae
1514 2028 1595 2084 ⁵¹¹¹st
1610 2039 1651 2083 ⁰¹
1665 2014 1779 2083 farina
1796 2028 1830 2085 ⁰²
1845 2015 1949 2084 melle
1965 2019 2040 2090 ‘³5⁰³
2055 2044 2114 2110 ὅθ·

78 2151 116 2218 in
131 2147 196 2219 hac
210 2153 280 2219 vita
296 2164 489 2222 exercetur.
542 2150 594 2223 Ita
611 2153 783 2222 efficimur
795 2151 834 2219 in
851 2149 1071 2221 confessione
1122 2138 1234 2232 ΨΜ
1262 2119 1357 2235 qum?
1383 2142 1447 2186 ¹¹⁰⁵
1465 2139 1633 2236 v⁰f³¹¹¹¹ff⁸
1652 2113 1772 2212 ‘men‘
1828 2111 1894 2188 E⁵²
1916 2134 2032 2190 mm
2056 2123 2111 2190 in‘

79 2266 114 2322 e,
130 2253 354 2322 invocmiom
371 2277 477 2344 panes
494 2250 569 2324 Deo
586 2255 790 2327 consecrati·
1121 2220 1227 2308 digna
1255 2213 1401 2287 homme
1423 2220 1656 2308 negligentia,
1686 2242 1761 2286 nou
1785 2213 1914 2288 habere
1940 2222 2115 2294 delectum

1121 2320 1159 2387 in
1195 2321 1299 2390 rebus
1330 2320 1520 2412 praecipue
1554 2320 1759 2390 necessariis
1791 2323 1834 2389 ad
1872 2323 2112 2394 valetudinem

1120 2425 1301 2495 tuendam.
1352 2421 1504 2493 Memini
1529 2422 1703 2512 exempla,
1739 2421 1800 2490 ubi
1823 2411 1902 2490 cum
1923 2427 1961 2494 in
1985 2450 2113 2517 magno

220 2593 229 2610 .
364 2592 400 2611 ..
795 2593 804 2611 ,
1120 2525 1259 2612 agmine
1283 2519 1490 2593 scholastico
1513 2523 1616 2593 multi
1641 2535 1785 2614 propter
1806 2547 1915 2615 panes
1937 2528 2029 2597 male
2054 2554 2114 2599 co-

78 2593 298 2663 vescentrbus
321 2593 445 2664 utrlsor
465 2596 710 2680 fermentatus,
743 2619 827 2688 qura
852 2616 932 2661 cum
957 2616 1071 2708 rarior
1121 2641 1212 2710 clos,
1246 2625 1453 2717 periculosis
1476 2625 1612 2694 morbis
1639 2624 1943 2696 conflictarentur:
1976 2645 2010 2701 et
2036 2631 2114 2702 ani·

78 2694 124 2763 m
138 2695 308 2778 “lem‘’
333 2695 472 2815 saelum
489 2699 740 2815 ⁰⁰⁰⁰,0‘lulm‘2
767 2710 801 2767 ⁸²
816 2696 890 2786 i1³⁸³
907 2695 1085 2763 fermenu'
1120 2729 1303 2796 madversa
1329 2750 1430 2797 causa
1447 2740 1601 2797 mutatus
1627 2738 1717 2797 esset
1740 2727 1858 2818 panis,
1884 2726 2012 2799 deinde
2034 2733 2114 2803 talis

77 2809 499 2886 ”ammpen‘ffaufflwm
518 2801 672 2868 amum·
720 2796 1069 2883 sumetfigummm
1120 2829 1268 2900 offensio
1288 2829 1499 2899 valetudinis
1518 2829 1747 2903 nonaccidit.
1791 2826 2019 2926 Tantumque
2035 2860 2114 2906 mo-

77 2897 316 2982 differentiae,
341 2893 598 2988 ΰῑβαῖῖχυλθέ
614 2898 790 2988 Panl⁸⁰⁸b
817 2896 1071 2989 ‘lui‘³l'¹¹d¹¹⁰⁸
1120 2932 1230 3001 menti
1263 2931 1301 3000 in
1336 2956 1427 3023 pane
1453 2945 1515 3011 est,
1548 2946 1587 3003 ut
1613 2955 1693 3001 cum
1723 2954 1799 2999 non
1825 2947 1916 3003 recte
1942 2939 2114 3008 maturuit

78 3001 222 3092 stium
238 2997 381 3069 ‘b0mbi
396 2994 485 3068 Q!
499 3021 631 3066 mmm
647 2994 763 3067 ham·
1039 3110 1044 3121 .
1122 3034 1239 3126 olyra,
1267 3057 1308 3101 ex
1328 3058 1397 3126 qua
1420 3046 1540 3122 postea
1563 3033 1602 3102 fit
1625 3032 1743 3124 panis,
1770 3033 1853 3126 quia
1874 3037 2019 3106 materia
2041 3039 2113 3109 sere

178 3131 275 3201 Haec
297 3132 574 3222 appellationum
598 3132 801 3202 discrimina
818 3155 913 3200 nunc
934 3129 1070 3218 collegi,
1120 3134 1235 3224 putris
1252 3147 1319 3219 est,
1346 3135 1443 3227 sequi
1462 3135 1557 3205 luem
1581 3136 1620 3204 in
1642 3135 1773 3226 populo
1796 3136 1865 3204 late
1888 3153 2113 3226 grassantem,

79 3235 208 3330 quibus
223 3234 384 3322 cognitis,
410 3234 568 3304 iuniores
581 3235 719 3305 facilius
733 3236 850 3325 legent
864 3231 992 3325 scripta
1008 3255 1071 3301 ve·
1119 3236 1288 3306 usitatum
1304 3238 1359 3310 sit.
1411 3234 1574 3330 Denique
1590 3237 1747 3327 exempla
1764 3238 1972 3329 quotidiana
1994 3257 2114 3313 osten-

77 3354 204 3408 terum.
258 3332 304 3406 Et
325 3336 460 3406 nescire
483 3336 738 3428 appellationes
760 3360 880 3407 rerum
902 3333 1072 3405 domesti-
1120 3340 1230 3418 dunt,
1257 3339 1459 3429 petulanter
1480 3340 1607 3408 accersi
1633 3338 1790 3407 infinitos
1809 3341 1952 3410 morbos
1970 3360 2114 3437 propter

79 3463 219 3523 carum,
246 3462 335 3532 quae
357 3439 487 3508 cotidie
501 3438 539 3506 in
559 3453 748 3531 conspectu
767 3454 869 3524 sum,
895 3449 998 3529 turpe
1019 3450 1070 3505 est
1120 3440 1369 3529 negligentiam
1385 3440 1422 3509 in
1439 3441 1545 3520 victu,
1563 3441 1625 3533 qui
1641 3440 1806 3508 facillime
1822 3442 1926 3510 vitari
1941 3460 2114 3533 poterant.

78 3543 140 3627 iis,
168 3540 229 3635 qui
246 3539 428 3611 doctrinae
441 3540 566 3610 studiis
584 3565 619 3610 se
636 3544 870 3624 dediderunt,
893 3553 928 3609 et
944 3552 983 3608 ut
996 3560 1069 3606 ser·
1120 3540 1235 3629 Quam
1251 3543 1354 3610 multi
1371 3565 1466 3610 ncrnc
1483 3554 1682 3629 aegrotant,
1708 3540 1771 3633 qui
1788 3556 1972 3634 postquam
1990 3545 2027 3613 in
2044 3547 2114 3617 llu-

78 3643 195 3712 monis
211 3643 341 3714 vetusti
363 3642 613 3734 proprietatem
633 3656 816 3727 tueantur,
842 3653 875 3710 et
890 3650 932 3708 ut
947 3636 1071 3726 cogni·
1120 3642 1215 3710 mine
1232 3644 1468 3712 ventriculum
1483 3640 1743 3730 frigelecerunt‚
1769 3664 1809 3711 ac
1825 3641 1953 3713 deinde
1969 3664 2114 3738 propter

79 3747 123 3818 tis
140 3746 324 3815 vocabulis
336 3760 480 3814 naturas
496 3768 614 3813 rerum
631 3745 867 3814 considerent.
920 3737 1070 3828 Quoties
1119 3756 1252 3812 aestum
1275 3743 1385 3811 avide'
1402 3743 1622 3833 ingesserunt
1644 3766 1777 3828 cerasa,
1803 3760 1837 3815 et
1862 3746 1993 3836 largius
2013 3751 2113 3819 bibe-

79 3847 228 3941 adspicis
245 3848 378 3939 positos
394 3847 431 3914 in
448 3870 566 3915 mensa
583 3870 701 3936 panes,
718 3847 832 3939 prima
848 3868 920 3912 esse
936 3843 979 3910 de
993 3836 1069 3909 Deo
1118 3858 1217 3914 runt.
1270 3842 1365 3913 Hinc
1397 3860 1494 3915 ortae
1527 3845 1734 3925 cruditates,
1770 3857 1802 3913 et
1830 3848 2114 3940 putrefactiones,

79 3964 113 4019 et
129 3951 173 4018 de
187 3948 411 4041 providentia
427 3947 591 4039 cogitatio
607 3949 770 4033 debebat,
787 3948 883 4041 quod
898 3939 1071 4033 singulari
1120 3968 1244 4016 causae
1267 3947 1475 4015 morborum
1501 3960 1585 4016 sunt
1614 3968 1688 4014 non
1712 3946 1883 4022 fallentes.
1935 3944 1967 4020 Ε
1990 3966 2111 4024 contra

80 4050 227 4120 consilio
252 4051 318 4123 Dei
340 4052 498 4127 instituta
524 4052 569 4120 sit
593 4051 753 4141 cognatio
776 4045 965 4135 frumenti,
990 4067 1069 4114 cum
1120 4047 1224 4116 multi
1239 4048 1333 4116 saevi
1349 4047 1476 4132 morbi,
1503 4048 1531 4117 si
1547 4048 1735 4117 mediocris
1751 4047 1932 4140 diligentia
1946 4053 1984 4121 in
2001 4055 2113 4127 victus

79 4148 238 4237 humano
256 4175 424 4245 corpore,
450 4167 491 4223 ut
507 4154 595 4224 verti
615 4152 653 4221 in
675 4175 836 4235 succum,
861 4147 1070 4240 sanguinem
1120 4149 1258 4219 ratione
1278 4144 1505 4234 adhibeatur,
1532 4151 1661 4241 depelli
1684 4165 1843 4242 possunt.
1894 4149 1943 4226 Et
1956 4159 2112 4230 remedia

80 4269 115 4324 et
138 4252 397 4323 nutrimentum
418 4256 540 4346 possit.
591 4255 740 4327 Servare
763 4278 827 4323 nos
848 4250 946 4323 Deus
966 4249 1071 4319 etiam
1121 4253 1196 4321 sine
1213 4248 1278 4323 hac
1294 4247 1527 4345 Philosophia
1542 4277 1622 4323 raro
1640 4267 1722 4324 sunt
1738 4253 1899 4325 efficacia.

81 4357 158 4425 sine
181 4355 277 4437 cibo,
311 4369 344 4424 et
369 4356 444 4424 siue
468 4358 632 4428 remediis
662 4366 833 4449 poterat.'
867 4355 935 4427 Sed
960 4348 1074 4422 voluit
1224 4351 1469 4425 Adbortamur
1482 4357 1601 4450 itaque
1619 4381 1698 4438 vos,
1724 4369 1764 4425 ut
1781 4371 1925 4448 propter
1938 4360 2112 4431 valetudi-

80 4454 173 4528 banc
187 4457 296 4525 vitam
313 4457 435 4527 multis
450 4460 636 4548 praesidiis
655 4460 831 4549 indigere,
857 4472 897 4529 ut
914 4477 1073 4527 commo-
1122 4457 1178 4526 nis
1195 4459 1349 4547 pericula
1367 4457 1443 4526 sitis
1459 4459 1711 4548 diligentiores,
1729 4458 1815 4529 etin
1831 4462 2112 4533 consideratione

81 4559 210 4628 nelacti
224 4572 343 4628 nostra
362 4561 566 4630 necessitate
581 4584 847 4650 agnosceremus
868 4572 978 4631 artem
994 4554 1073 4646 opi·
1122 4572 1283 4643 naturae,
1306 4560 1391 4632 etin
1409 4564 1559 4650 regenda
1577 4563 1689 4629 victus
1704 4560 1852 4633 ratione.
1904 4560 1990 4633 Plus
2006 4590 2113 4656 quam

178 2386 260 2457 Huc
285 2402 320 2460 et
340 2388 429 2458 aliae
446 2390 666 2460 differentiae
687 2391 770 2460 addi
790 2402 946 2480 possunt.
996 2381 1070 2455 Atii

78 2514 185 2581 panes
210 2504 292 2559 sunt
320 2492 539 2578 fermentati,
574 2494 634 2561 alii
662 2494 738 2562 sine
766 2494 949 2562 fermento.
1001 2487 1069 2559 Sed

81 4662 172 4742 licis,
200 4654 260 4754 qiri
278 4661 427 4751 singulis
442 4663 706 4735 necessitatibus
719 4688 781 4735 sua
797 4663 971 4756 praesidia
987 4681 1073 4727 con·
1121 4665 1256 4732 ferreus
1282 4674 1350 4744 est,
1384 4663 1446 4752 qui
1470 4675 1569 4732 tanta
1589 4684 1691 4731 causa
1716 4684 1789 4728 nou
1819 4679 1990 4737 movetur.
2044 4665 2112 4736 Sed

81 4764 186 4837 didit.
241 4762 329 4834 Inde
345 4764 460 4856 palam
484 4777 553 4847 est,
578 4759 671 4835 hanc
692 4791 809 4837 rerum
826 4780 1007 4845 naturam,
1034 4761 1072 4826 in
1124 4778 1240 4835 tamen
1264 4764 1483 4832 obtestamur
1496 4789 1558 4834 vos
1580 4765 1684 4835 etiam
1711 4774 1855 4851 propter
1869 4764 2003 4851 Deum,
2028 4793 2116 4838 con·
2172 4840 2177 4850 ,

81 4889 150 4960 qua
169 4867 376 4959 praecipuae
398 4880 513 4959 partes
536 4866 698 4936 mirando
720 4869 846 4937 ordine
864 4864 1074 4950 distributae
1124 4867 1276 4937 ditorem
1302 4858 1409 4933 huius
1430 4879 1576 4937 naturae
1600 4880 1635 4936 et
1658 4864 1830 4947 iudicem,
1855 4867 1915 4960 qui
1936 4871 2115 4963 praecipit,

81 4982 185 5054 sunt,
210 4994 283 5038 non
298 4968 451 5039 extitisse
467 4992 565 5048 casu,
592 4971 651 5037 sed
668 4971 713 5038 ab
727 4983 869 5040 aeterna
883 4980 1001 5039 mente
1017 4988 1073 5033 ar·
1123 4982 1162 5038 ut
1181 4965 1419 5037 valetudinem
1442 4968 1632 5055 tueamini,
1654 4982 1693 5038 ut
1715 4966 1791 5036 sitis
1804 4967 1922 5037 idonei
1942 4971 1985 5039 ad
2002 4974 2117 5042 medi·

81 5066 318 5142 cbitectatrice
339 5073 518 5142 conditam
543 5095 626 5143 esse.
677 5068 816 5141 Deinde
838 5086 872 5142 et
895 5067 962 5142 boc
979 5067 1074 5157 cogi·
1124 5069 1293 5141 tationem
1315 5068 1410 5160 piam
1437 5084 1471 5140 et
1490 5069 1690 5140 communia
1708 5069 1799 5139 vitae
1817 5070 1942 5142 officia.
1996 5071 2120 5144 Tuum

83 5174 232 5242 tandum
255 5189 326 5254 est,
359 5198 440 5244 vere
465 5174 569 5264 diligi·
594 5197 704 5264 genus
728 5169 923 5242 humanum
946 5197 965 5242 a
987 5169 1077 5254 Deo,
1124 5172 1307 5242 cerebrum
1333 5184 1368 5242 et
1387 5196 1450 5242 cor
1474 5187 1556 5243 sunt
1580 5172 1800 5243 domicilium
1819 5171 1973 5265 Spiritus
1994 5176 2117 5255 sancti,

82 5299 163 5345 cum
177 5280 361 5347 videamus
379 5272 446 5347 boc
461 5272 650 5367 pulchrum
665 5275 900 5358 domicilium,
926 5273 1075 5355 coelum,
1126 5298 1236 5368 quare
1255 5287 1295 5345 ut
1317 5266 1404 5343 baec
1427 5276 1585 5345 membra
1606 5275 1683 5344 sint
1703 5272 1830 5344 idonea
1858 5271 1990 5344 divinis
2011 5277 2118 5346 moti·

82 5391 117 5446 et
141 5377 233 5448 intra
255 5375 353 5451 hunc
382 5380 522 5464 orbem,
553 5393 702 5464 terram,
735 5398 826 5473 quae
850 5378 955 5449 nobis
977 5376 1079 5450 sedes
1126 5379 1204 5475 ltus,
1229 5377 1386 5446 studiose
1401 5392 1434 5447 et
1451 5392 1653 5448 reverenter
1669 5376 1854 5449 tueamini.
1897 5375 2003 5464 Quod
2021 5378 2052 5445 si
2066 5378 2119 5446 fa-

84 5493 190 5562 esset,
214 5494 251 5551 et
277 5482 433 5570 plurima
455 5496 569 5553 terrae
591 5490 798 5552 ornamenta
822 5480 1010 5572 praecipue
1030 5480 1074 5548 ad
1128 5478 1244 5560 cietis,
1270 5479 1432 5550 doct-rina
1458 5475 1727 5575 cctam-Physica
1750 5492 1947 5548 ornaturae
1965 5480 2119 5571 cognitio

51 5580 54 5587 ⁴
136 5580 322 5652 Mesenen.
350 5589 455 5655 Orza.
482 5588 566 5652 Vosss
594 5588 655 5653 xl.
1412 5576 1463 5653 56
