4732 6030
184 259 258 338 aas
620 253 782 336 unca.
820 256 895 335 ou
926 255 1112 336 moro
1141 255 1338 334 raum:
1373 256 1521 335 onus
1548 256 1655 336 nsr
1687 226 1795 336 nes
2147 223 2235 343 ns

284 430 329 504 ln
343 427 411 524 hoc
425 432 557 525 populo
572 422 738 502 maxillae
747 447 828 505 sunt
840 427 1058 527 Prophetae,
1082 457 1173 527 quo·
1222 443 1256 502 et
1273 430 1332 503 siti
1347 430 1386 500 in
1402 425 1460 502 his
1474 431 1728 504 certaminibus
1743 456 1833 525 pene
1849 432 2215 509 interiturivideami-

182 560 265 607 rum
285 536 389 606 labor
408 546 462 606 est
483 533 610 620 foelix,
642 532 836 627 praeliante
858 535 932 605 filio
953 531 1041 617 Dei,
1065 549 1100 607 et
1114 558 1172 605 re·
1221 533 1278 602 ni:
1304 545 1345 604 ut
1369 557 1466 604 nunc
1490 532 1582 603 bella
1608 547 1642 605 et
1664 536 1877 606 vastationes
1898 535 2003 606 nobis
2023 537 2128 607 multi
2145 536 2215 606 mi·

182 651 285 727 gente
307 648 441 706 mentes
463 649 498 707 et
517 636 657 726 linguas
679 631 949 728 Prophetarum.
1010 632 1172 709 sedhic
1220 649 1367 706 uantur.
1418 633 1488 706 Sed
1506 635 1668 708 exaudiet
1685 636 1855 708 nosDeus
1870 637 1909 706 in
1924 632 1981 706 his
1995 638 2133 728 magnis
2150 654 2214 729 pe-
2271 718 2273 723 ¹

182 738 258 829 ipse
278 739 349 807 dux
377 736 478 808 inter.
495 736 741 828 praeliandum
764 752 864 810 aestu
887 751 921 810 et
944 737 1004 809 siti
1025 739 1171 829 laugue—
1220 736 1363 820 riculis,
1388 751 1587 827 precantes,
1613 761 1658 807 ne
1669 734 1863 808 Ecclesiam
1881 737 1993 808 dele'ri
2008 738 2110 812 sinat.

181 839 293 914 factus
318 850 392 925 est,
425 863 505 908 cum
526 838 669 908 victima
687 838 786 911 fieret
809 839 849 910 in
868 863 981 930 agone
1003 852 1038 911 et
1056 853 1171 910 morte
1320 835 1417 907 Haec
1433 849 1505 907 tam
1528 839 1640 908 multa
1657 832 1715 906 hic
1736 835 1995 929 pulcherrimas
2012 852 2117 933 typus
2133 864 2211 909 rno-

182 939 315 1010 adfixus
335 939 449 1010 cruci:
476 937 538 1008 ubi
560 953 696 1027 nmen,
723 938 892 1010 invocans
908 955 1090 1013 aeternum
1109 966 1171 1033 pa·
1219 953 1300 1026 net,
1324 941 1370 1009 de
1392 937 1522 1032 quihus
1544 963 1624 1009 cum
1648 962 1749 1030 saepe
1768 940 1855 1010 alias
1870 940 1974 1011 etiam
1992 941 2151 1023 dicatur,
2176 954 2212 1012 et

181 1051 289 1125 trem,
313 1064 355 1110 ex
377 1053 489 1110 morte
508 1040 646 1129 revixit.
705 1034 838 1132 Estque
853 1043 887 1112 ei
908 1065 949 1112 ex
962 1041 1168 1113 mandibula
1220 1063 1322 1133 saepe
1342 1040 1533 1111 dicendum
1556 1039 1620 1125 sit,
1652 1064 1749 1111 utine
1768 1041 1913 1111 brevior
1931 1065 2011 1125 ero,
2037 1041 2101 1110 etsi
2126 1034 2211 1112 haec

181 1139 318 1225 asinae,
351 1140 388 1209 id
410 1154 480 1225 est,
511 1163 552 1209 ex
574 1141 706 1234 populo
731 1139 857 1224 lsrael,
893 1167 934 1212 ex
965 1139 1169 1236 prophetico
1221 1142 1406 1234 explicatio
1421 1142 1535 1212 multo
1552 1143 1695 1238 tenuior
1711 1156 1774 1227 est,
1796 1143 2055 1237 quamqualem
2071 1136 2210 1232 magni·

180 1241 330 1332 collegio
350 1254 450 1311 ortus
467 1242 567 1327 fons,
600 1243 637 1311 id
669 1255 737 1327 est,
771 1240 950 1330 Ecclesia,
991 1268 1081 1338 quae
1108 1268 1172 1337 per
1220 1244 1309 1314 tudo
1325 1243 1376 1320 rei
1393 1242 1603 1335 postulabat.

179 1341 317 1435 ipsum,
340 1366 405 1434 per
416 1338 606 1434 Apostolos
622 1355 656 1415 et
668 1366 731 1435 per
744 1343 922 1426 doctores,
949 1347 1012 1440 qui
1025 1348 1170 1417 fuerunt
1322 1337 1419 1414 Mihi
1434 1343 1539 1414 etiam
1555 1342 1735 1414 interdum
1750 1346 1787 1413 in
1798 1357 1952 1414 mentem
1967 1341 2083 1428 venit,
2106 1367 2208 1414 man-

181 1444 362 1536 deinceps‚
386 1456 524 1515 etsunt
545 1456 581 1515 et
606 1457 712 1516 erunt
736 1448 914 1540 usquead
940 1448 1169 1519 resurrectio-
1219 1445 1381 1517 dibulam
1405 1444 1600 1534 significare
1634 1444 1732 1514 illam
1756 1446 1867 1538 ipsam
1888 1441 2080 1516 humanam
2104 1459 2210 1516 uatu-

179 1568 262 1615 ncm
282 1556 523 1631 mortuorum,
548 1546 738 1637 colligitur.
1219 1547 1349 1617 remia
1366 1546 1439 1616 lilio
1452 1542 1540 1631 Dei,
1568 1547 1789 1639 adsumptam
1804 1570 1846 1641 ex
1860 1542 1928 1615 hoc
1943 1545 2087 1637 populo.
2136 1544 2208 1618 Sed
2233 1536 2238 1549 ’

282 1643 429 1738 Semper
451 1659 568 1716 autem
592 1646 811 1737 intelligatur
834 1642 893 1718 hic
918 1651 989 1719 dux
1005 1648 1168 1741 praeliari
1219 1643 1312 1719 hanc
1327 1645 1655 1739 interpretationem
1668 1671 1765 1740 nispe
1781 1642 1956 1737 relinquo.
2237 1730 2244 1743 1

179 1747 407 1833 mandibula,
433 1770 523 1839 quae
537 1737 680 1841 quidem
692 1749 818 1821 similis
833 1739 1050 1841 estcollegii,
1072 1752 1166 1846 quod
1321 1747 1464 1842 Vosque
1493 1761 1637 1839 propter
1661 1745 1778 1819 Deum
1806 1770 1930 1818 omues
1965 1743 2138 1829 obtestor,
2169 1759 2209 1816 ut

180 1863 254 1918 erat
286 1848 326 1917 in
360 1848 493 1941 populo
526 1846 650 1920 lsraiil:
693 1864 734 1921 ut
757 1864 842 1920 tunc
867 1847 985 1936 Elias,
1018 1848 1169 1936 Eliseus,
1219 1849 1462 1918 mandibulam
1487 1842 1642 1933 Christi,
1673 1848 1711 1919 id
1733 1862 1806 1933 est,
1836 1861 1950 1918 totu‘m
1971 1845 2208 1917 ministerium

178 1942 302 2021 Esaias
324 1963 358 2019 et
389 1964 510 2042 postea
534 1945 698 2041 Apostoli
728 1951 874 2022 fuerunt
902 1951 1082 2021 maxillae:
1118 1953 1168 2022 ita
1219 1944 1405 2038 Evangelii
1420 1971 1501 2019 vera
1517 1948 1646 2039 pietate
1661 1948 1890 2032 veneremini,
1915 1945 2071 2018 etDeum
2086 1946 2210 2016 nobis-

180 2049 346 2140 deinceps
360 2050 525 2119 maxillae
534 2065 618 2122 stant
626 2051 859 2145 Polycarpus,
888 2049 1070 2135 irenaeus,
1091 2049 1169 2121 Au·
1219 2074 1301 2118 cnm
1321 2048 1532 2140 precemini,
1558 2061 1599 2119 ut
1613 2045 1681 2120 hoc
1697 2051 1812 2143 ipsum
1831 2047 2066 2118 ministerium
2083 2061 2117 2117 et
2132 2060 2208 2118 stu-

180 2149 361 2238 gustinus,
392 2146 590 2234 Lutherus,
624 2153 779 2246 denique
801 2174 925 2222 omnes
943 2153 998 2245 pii
1013 2152 1169 2225 ministri
1219 2150 1278 2220 dia
1296 2147 1484 2239 Evangelii
1505 2162 1601 2239 ragat
1621 2165 1656 2223 et
1677 2164 1833 2223 tueatur:
1866 2152 1962 2244 quod
1985 2159 2077 2218 certe
2092 2149 2209 2235 faciet,

180 2249 219 2318 in
239 2263 312 2321 tota
325 2246 493 2324 Ecclesia.
952 2271 958 2278 ’
1219 2253 1249 2321 si
1267 2273 1333 2322 nos
1355 2264 1388 2322 et
1409 2251 1608 2322 doctrinam
1629 2244 1846 2334 amabimus,
1870 2263 1905 2321 ct
1925 2263 2083 2321 nostram
2099 2248 2209 2339 grati-

279 2347 328 2420 Et
349 2364 433 2421 sunt
463 2351 571 2422 unius
591 2351 711 2422 asinae
733 2352 958 2436 mandibula,
991 2354 1074 2447 quia
1096 2378 1168 2425 una
1219 2354 1381 2424 tudinem
1404 2352 1481 2424 Deo
1504 2375 1569 2446 pro
1591 2366 1692 2425 tauto
1711 2377 1878 2440 munere,
1913 2352 2043 2445 pietate
2067 2373 2208 2422 morum

179 2463 248 2536 est,
281 2444 488 2542 prophetica
509 2467 545 2523 et
560 2453 751 2546 apostolica
777 2454 958 2540 doctrina,
986 2479 1098 2549 quam
1117 2457 1169 2524 le·
1218 2454 1488 2525 declarabimus.
1537 2453 1638 2524 Dixi.

178 2574 277 2641 gere,
308 2552 460 2640 discere,
491 2555 657 2626 meditari
688 2567 724 2624 ct
750 2577 877 2627 sonare
903 2556 982 2649 pios
1007 2557 1170 2628 doctores

180 2665 331 2744 oportet.
488 2678 490 2683 ·

184 2792 187 2799 ·
280 2752 335 2824 Ne
351 2766 490 2844 putate,
515 2751 679 2825 homines
702 2755 816 2842 feros,
848 2762 954 2829 rudes
975 2759 1169 2845 literarum,
1375 2772 1378 2779 '

179 2858 320 2946 ignaros
335 2851 561 2947 propheticae
575 2868 610 2925 et
625 2858 837 2943 apostolicae
853 2860 1054 2945 doctrinae,
1081 2885 1170 2952 qua·
1231 2830 1298 2903 ΝΟ·
1315 2829 1377 2900 9²·
2027 2857 2074 2896 ⁸¹²·
2098 2832 2193 2900 ¹⁵⁴⁶·

1224 2924 1397 2955 Μ
2027 2921 2200 2952 Μ

178 2959 230 3027 les
249 2971 333 3028 suut
352 2957 459 3028 multi
479 2951 649 3045 Episcopi
671 2968 705 3023 et
719 2953 892 3026 Canonici
910 2955 1170 3030 Centaurorum

177 3058 329 3135 similes,
363 3069 509 3145 propter
530 3053 599 3121 loci
621 3053 827 3141 dignitatem
852 3056 1032 3128 ministros
1047 3055 1169 3127 Evan·
1331 3026 1408 3112 DC
1434 3024 1558 3109 (Ῑῖθῗθ
1583 3022 1746 3109 Pauli*
1777 3024 1909 3112 Dm
1925 3037 1994 3111 θέΐ
2009 3037 2093 3111 εἴθ·

177 3158 367 3250 galliene
418 3152 490 3223 Nec
514 3165 635 3244 putate
655 3153 763 3240 alios,
788 3155 851 3250 qui
867 3181 1071 3252 quanquam
1087 3173 1170 3231 sunt
1288 3182 1318 3237 n
1340 3181 1429 3237 ..aaa
1452 3179 1534 3235 unc
1551 3178 1586 3235 r.
1604 3178 1653 3234 ιιι.
1697 3179 1801 3251 aas..
1831 3181 1949 3239 senui.
1972 3180 2018 3238 ιιι.
2032 3198 2065 3305 p.
2080 3179 2157 3249 aas,
2179 3179 2210 3236 ιι
2242 3230 2247 3243 ,

162 3254 328 3339 literati,
357 3269 475 3352 tamen
510 3248 751 3346 propheticam
783 3271 818 3329 et
846 3260 1076 3350 apostolicam
1102 3262 1167 3331 do·
1320 3250 1354 3308 Τ·
1366 3251 1415 3307 ¹¹¹·
1431 3248 1544 3305 ΕΜ·
1563 3247 1659 3313 ¹¹¹·02
1726 3250 1754 3305 et
1771 3249 1844 3318 ¹9¹⁶
1862 3250 1991 3307 nimian
2004 3246 2031 3305 ¹¹
2046 3290 2055 3306 ·
2073 3268 2102 3323 t·
2115 3248 2193 3308 358·-
2287 3333 2294 3345 .

179 3358 330 3432 ctrinam
346 3366 596 3472 aspernantur,
620 3355 804 3474 ministros
818 3354 1006 3479 Evangelii
1023 3384 1108 3433 esse.
1217 3408 1347 3478 oratio
1375 3401 1424 3476 de
1450 3402 1558 3479 amo.
1578 3405 1714 3476 Pam-3
1746 3405 1855 3476 Dm
1880 3412 1938 3479 m
1983 3409 2050 3498 qm.
2071 3399 2192 3501 effla,
2258 3406 2261 3412 ,

281 3458 350 3530 sed
367 3479 408 3526 ⁶¹
424 3450 490 3525 Μ
505 3479 621 3540 ³⁸¹⁰⁸’
645 3459 684 3525 ιὰ
701 3473 770 3543 ‘⁸⁸’
796 3461 999 3552 ⁰¹⁰⁰¹¹²⁸¹⁰
1013 3458 1168 3553 lmphe'
1215 3516 1261 3580 ut
1283 3506 1409 3579 velitis
1436 3515 1475 3577 et
1500 3501 1735 3601 perficiatis,
1768 3514 1811 3576 nt
1839 3453 1969 3599 uliquis
1994 3511 2068 3597 ipat
2090 3455 2207 3602 protei

177 3561 249 3680 tipo
263 3573 298 3630 et
315 3557 533 3677 apostolico,
556 3578 695 3674 necesse
715 3572 768 3629 est
782 3575 957 3653 sumptam
978 3585 1053 3680 esse
1067 3587 1168 3632 man-
1240 3605 1361 3705 fiam·
1386 3613 1552 3681 remam
1570 3629 1595 3678 a
1609 3609 1720 3681 Dm·
1744 3607 1976 3679 Maxima.
2002 3610 2167 3680 Mauro

177 3661 358 3743 dibulam,
382 3682 465 3751 quta
484 3653 722 3727 laacdoctnna
738 3659 812 3728 sola
830 3664 1044 3751 sepateiecat
1062 3660 1169 3748 Deus,
1347 3664 1360 3701 '
2167 3657 2179 3682 ⁰

177 3764 267 3834 sicut
299 3757 433 3830 Paulus
468 3758 605 3851 inquit,
642 3753 837 3830 Ecclesiam
869 3775 1062 3834 extructam
1096 3785 1169 3833 esse
1217 3740 1316 3827 Cura
1339 3754 1473 3824 dictum
1496 3752 1544 3824 sit
1567 3751 1638 3839 iam
1665 3752 1705 3821 in
1729 3745 1786 3822 his
1810 3753 2056 3855 congressibus
2069 3755 2206 3846 praeci-

157 3887 283 3956 .super
305 3853 565 3952 Prophetarum
584 3872 620 3928 et
640 3854 894 3950 Apostolorum
915 3863 1168 3936 ministerium.
1215 3879 1285 3948 pue
1307 3855 1505 3954 faciendam
1524 3873 1598 3922 esse
1618 3852 1876 3922 invocationem
1901 3851 1988 3939 Dei,
2018 3867 2053 3924 et
2075 3855 2221 3927 deinde.

153 4014 188 4042 ,.
275 3962 373 4034 Haec
403 3984 466 4031 vos
497 3958 732 4030 consideratio
756 3963 993 4036 adolescentes
1019 3977 1169 4050 moveat,
1216 3957 1385 4048 dealiqua
1397 3952 1580 4023 doctrinae
1592 3967 1691 4043 parte
1700 3952 1958 4023 disserendum:
1980 3968 2056 4024 tum
2064 3957 2110 4026 ad
2123 3978 2206 4025 eru-
2278 3953 2281 3962 '

178 4079 219 4136 ut
232 4063 391 4135 statuatis
408 4086 485 4133 non
507 4062 651 4133 aliunde
669 4064 714 4132 dc
726 4058 796 4132 Dei
815 4064 969 4136 essentia
983 4077 1019 4138 ct
1038 4065 1168 4134 volun·
1216 4057 1366 4127 diendos
1388 4051 1566 4136 iuniores,
1598 4064 1673 4122 lum
1688 4076 1774 4122 vem
1796 4055 1840 4124 ad
1855 4055 2056 4126 θῐθῑῑθΰᾶθδ
2069 4079 2205 4138 omnen

177 4180 249 4237 tate
262 4165 468 4234 sumendam
489 4186 564 4235 esse
578 4162 795 4248 doctrinam,
828 4163 955 4236 nisiex
973 4160 1168 4256 Propheta-
1216 4159 1318 4229 fieta
1349 4178 1407 4225 me
1428 4175 1570 4247 quoque
1597 4175 1677 4222 meo
1699 4153 1780 4224 loco
1808 4166 1844 4226 et
1864 4179 1940 4230 mea
1963 4158 2207 4230 mediocritate

178 4291 260 4338 rum
275 4277 310 4334 et
326 4260 577 4355 Apostolorum
594 4264 846 4351 monumentis,
872 4279 908 4339 et
922 4260 1076 4360 haecpio
1092 4281 1168 4338 stu·
1215 4273 1418 4351 utrumque.
1473 4249 1553 4325 Etsi
1577 4253 1671 4324 enirn
1694 4279 1759 4351 uec
1778 4259 1879 4328 ardet
1892 4257 2033 4329 animus
2048 4260 2085 4328 in
2102 4261 2206 4330 irivo-

178 4369 240 4439 dio
270 4377 305 4443 ct
338 4388 421 4436 vera
449 4367 649 4437 animorum
679 4366 878 4438 intentione
910 4367 1068 4440 discatis:
1103 4392 1167 4440 nec
1215 4359 1371 4441 catione,
1396 4369 1569 4452 quantum
1592 4367 1697 4448 opto,
1723 4380 1789 4428 nec
1811 4358 1895 4430 satis
1917 4361 2129 4432 eruditionis
2145 4374 2206 4433 auc

178 4470 308 4561 pudeat
335 4489 399 4537 vos
424 4461 532 4537 huius
557 4469 677 4538 asinae
708 4469 848 4540 labores
883 4483 917 4540 et
941 4469 1167 4541 tolerantiam
1214 4461 1408 4547 faffllssffl,
1434 4459 1478 4528 ad
1495 4453 1591 4529 hunc
1605 4470 1744 4528 coelum
1757 4456 1958 4532 docendum
1974 4470 2034 4533 ¹aut
2049 4463 2205 4533 excitan-

178 4568 322 4641 imitari.
1216 4566 1321 4645 dum,
1345 4560 1485 4646 adfero,
1517 4573 1636 4630 tamen
1657 4559 1787 4631 scimus
1806 4562 1941 4632 dietum
1956 4587 2046 4633 esse:
2071 4558 2125 4634 Ex
2142 4586 2206 4632 ore
2319 4602 2328 4621 κ

279 4669 350 4742 Sed
374 4691 437 4738 vos
458 4668 503 4756 ad
525 4669 676 4738 eundem
699 4669 865 4756 modum,
897 4667 1084 4760 disciplina
1109 4691 1167 4738 re·
1216 4663 1407 4735 infantium
1422 4660 1678 4769 etlactantium
1694 4663 1872 4752 perfecisti
1889 4664 2042 4736 laudem.
2083 4658 2206 4734 Etiam

178 4773 269 4866 gite,
294 4784 329 4842 et
345 4769 449 4841 facite
464 4793 588 4860 operas
606 4769 646 4837 in
662 4789 747 4857 agro
755 4766 842 4855 Dei,
866 4766 934 4841 hoc
948 4784 1017 4855 est,
1043 4771 1081 4839 in
1096 4765 1167 4840 Ec·
1207 4765 1254 4837 'in
1277 4760 1517 4838 imbecillibus
1542 4771 1639 4830 amat
1660 4773 1694 4830 et
1715 4757 1881 4854 provehit
1895 4759 1993 4835 Deus
2009 4764 2110 4834 initia
2132 4765 2205 4834 vir-

177 4875 299 4947 clesia:
327 4889 359 4944 et
383 4871 421 4941 in
445 4867 510 4940 hac
531 4868 735 4940 assiduitate
751 4870 912 4943 laborum
935 4886 970 4942 et
987 4869 1166 4942 aerumnis
1215 4880 1348 4952 tutum,
1387 4861 1494 4931 modo
1525 4876 1566 4933 ut
1596 4860 1767 4953 proficere
1799 4861 1960 4937 velimus.
2025 4863 2145 4954 Quare
2171 4881 2206 4938 et

177 4976 401 5066 ingentibus,
428 4996 517 5067 quae
530 4973 696 5041 ferendae
712 4982 795 5042 sunt
815 4971 854 5040 in
875 4967 943 5043 hoc
958 4971 1166 5058 ministerio,
1213 4963 1300 5037 haec
1331 4987 1410 5035 mea
1444 4975 1525 5033 vota
1557 4975 1593 5033 et
1625 4956 1717 5031 hanc
1743 4963 1939 5034 orationem
1965 4963 2043 5037 Deo
2068 4982 2204 5059 gratam

176 5080 284 5149 talem
317 5087 487 5167 praestate
516 5073 762 5156 tolerantiam,
802 5072 940 5165 qualem
968 5073 1166 5166 praestabat
1215 5091 1289 5138 esse
1313 5090 1428 5158 spero.

175 5178 394 5258 Hieremias,
419 5173 548 5246 Daniel
564 5175 688 5247 etalii.
737 5170 834 5244 llaec
847 5176 994 5247 veniant
1008 5175 1048 5245 in
1063 5197 1165 5244 men·
1249 5173 1281 5214 ‘·
1314 5167 1475 5239 Primum
1504 5164 1614 5256 igitur
1640 5161 1717 5236 Deo
1744 5177 1906 5253 aeterno,
1940 5170 2033 5260 patri
2055 5168 2203 5240 Domini

175 5295 269 5366 tem,
306 5284 387 5351 cu'm
418 5277 662 5346 mandibulam
690 5274 782 5345 asini
811 5275 996 5347 nominare
1021 5276 1164 5351 auditis.
1212 5271 1327 5342 nostri
1341 5269 1420 5341 lesu
1433 5261 1568 5364 Christi
1583 5266 1713 5357 gratias
1727 5289 1811 5358 ago,
1836 5269 1932 5362 quod
1953 5270 2123 5340 immensa
2138 5269 2204 5337 bo-

176 5383 323 5454 Accidet
335 5393 451 5453 autem
468 5377 569 5449 vobis
583 5402 724 5473 quoque
736 5389 777 5448 ut
798 5373 984 5464 Samsoni,
1004 5391 1046 5449 ut
1061 5390 1162 5449 aestu
1211 5373 1324 5444 nitate
1344 5394 1381 5444 se
1401 5366 1581 5462 patefecit,
1613 5381 1648 5440 et
1670 5367 1782 5439 filium
1804 5393 1908 5441 suum
1922 5367 2117 5442 Dominum
2134 5392 2206 5444 no-‚
