4732 6030
237 281 285 357 47.
740 270 904 349 DECL.
936 268 1014 349 llll
1047 273 1286 350 STUDllS
1319 272 1751 353 THEOLOGlClS.
2207 276 2258 350 ta

240 470 367 528 eterra
377 453 552 546 producto
562 446 773 542 palpabilem
791 471 875 520 esse.
926 444 974 519 Et
989 444 1248 541 haecquidem.
1278 443 1420 519 Christo
1443 448 1685 519 transmissum
1709 449 1853 545 quidem
1883 462 1935 519 est
1955 444 2024 519 hoc
2049 447 2197 534 laetum,
2230 464 2263 521 et

240 559 382 642 omnia,
407 557 437 627 si
448 564 585 644 peccato
602 563 727 619 natura
745 572 820 617 non
840 550 959 620 vitiata
976 565 1081 631 esset,
1107 573 1231 619 omnes
1280 565 1441 620 aeternae
1455 550 1706 620 consolationis
1721 554 1889 636 verbum,
1921 565 1954 620 et
1970 548 2203 639 Evangelium
2222 555 2265 620 ad

240 659 374 753 posteri
398 653 531 734 Adam,
556 652 702 721 masculi
719 651 814 720 iuxta
832 675 872 720 ac
891 652 1082 737 foeminae,
1109 653 1229 722 claris·
1281 666 1447 743 posteros.
1508 649 1577 722 Sed
1610 667 1726 723 tamen
1756 655 1849 724 intra
1874 652 2021 745 parietes
2052 651 2090 719 in
2119 654 2269 740 angulis,

242 763 330 835 sime
354 757 492 846 cognita
520 749 742 836 habuissent,
776 766 881 845 atque
913 754 960 822 ita
984 768 1098 823 totum
1122 777 1231 843 genus
1280 769 1417 824 tantum
1450 752 1486 820 in
1516 754 1661 821 familiis
1693 751 1997 838 Patriarcbarum,
2036 754 2130 844 apnd
2152 750 2269 823 Habel

243 859 439 932 humanum
457 856 502 943 ab
518 850 669 925 Oriente
684 877 797 946 usque
822 856 865 922 ad
886 850 1117 924 Occidentem
1142 857 1231 925 fuis·
1280 870 1437 934 tantum,
1466 854 1556 923 illud
1583 855 1702 923 lumen
1726 851 2012 946 Theologorum,
2042 856 2135 946 apud
2166 848 2269 924 Nuba

243 978 296 1034 set
327 957 547 1055 gymnasium
578 957 757 1046 quoddam
788 951 1066 1044 pulcherrimum
1094 970 1129 1025 et
1158 957 1230 1025 fre·
1282 970 1461 1047 parentem
1477 955 1625 1025 alterum
1641 957 1780 1043 generis
1794 954 1959 1041 humaui,
1981 958 2072 1046 apud
2090 953 2172 1026 Sem
2188 979 2271 1025 rere

243 1061 513 1158 quentissimum
540 1053 753 1126 scholarium
777 1052 1008 1145 'l‘heologiae:
1042 1057 1110 1125 nisi
1136 1059 1229 1149 quod
1282 1082 1467 1148 magnum,
1492 1075 1843 1150 verequeaugusltum
1862 1054 2143 1141 Melchizedecls,
2168 1058 2269 1151 quasi

242 1154 432 1236 discrimen
455 1162 573 1228 forsan
596 1158 718 1227 luisset
741 1159 935 1240 donorum,
968 1159 1059 1228 sicut
1083 1159 1182 1227 stella
1212 1182 1232 1227 a
1281 1159 1508 1248 margaritum
1543 1161 1763 1251 preciosum,
1811 1161 2043 1242 custoditum,
2083 1150 2271 1227 conserva-

241 1267 342 1336 stella
365 1262 487 1332 dillert
508 1259 676 1330 claritate.
742 1256 876 1325 Verum
908 1273 1092 1351 postquam
1127 1259 1231 1350 primi
1282 1275 1428 1353 tumque
1461 1275 1513 1330 est
1541 1261 1678 1353 reliquo
1707 1275 1782 1332 toto
1817 1259 1963 1331 Cainico
1997 1273 2030 1329 et
2070 1257 2271 1331 Nimrotico

244 1368 299 1436 illi
333 1378 494 1457 parentes
528 1360 640 1429 nostri
672 1359 807 1448 decepti
835 1355 1045 1457 πανουργία
1077 1359 1233 1443 Diaboli,
1282 1365 1418 1431 arundo
1436 1375 1470 1430 et
1487 1376 1568 1432 ante
1584 1376 1619 1432 et
1642 1364 1930 1453 postdiluvinm,
1958 1361 2155 1429 insaniente
2172 1363 2270 1431 rabie

243 1493 312 1561 qua
334 1489 406 1535 nou
436 1461 565 1532 desinit
588 1460 751 1530 insidiari
774 1483 882 1550 regno
903 1459 990 1545 Dei,
1023 1461 1112 1552 lapsi
1138 1475 1232 1542 sunt,
1282 1463 1412 1531 infiniti
1429 1465 1576 1547 erroris,
1600 1463 1799 1544 idolatriae,
1823 1462 2114 1545 abominationis,
2133 1463 2270 1556 reliqua

241 1570 304 1638 illa
320 1567 441 1636 divina
460 1577 493 1632 et
510 1564 680 1631 excellens
695 1575 820 1631 natura
843 1557 998 1632 hominis
1013 1559 1235 1633 horribiliter
1283 1577 1354 1634 tota
1374 1564 1525 1633 colluvie
1540 1561 1727 1635 hominum
1751 1568 1988 1636 tumultuante
2005 1563 2126 1643 bellis,
2153 1566 2252 1633 caedi
2267 1609 2273 1632 1
2313 1593 2316 1596 ’

242 1679 407 1757 corrupta
433 1679 504 1753 est,
531 1665 730 1747 debilitata,
763 1677 797 1732 et
817 1664 977 1733 lractain
1000 1665 1135 1733 viribus
1155 1688 1233 1733 cor·
1283 1667 1367 1744 bus,
1400 1665 1504 1750 rixis,
1540 1652 1845 1748 contentionibus,
1880 1661 2086 1734 hominibus
2108 1665 2201 1734 inter
2235 1690 2272 1735 sc

244 1772 341 1864 poris
357 1782 392 1837 et
407 1768 554 1834 animae.
605 1765 723 1856 Atque
741 1765 829 1832 illud
851 1766 977 1835 vitium
999 1767 1147 1854 originis
1167 1768 1233 1834 late
1283 1767 1513 1855 flagrantibus
1542 1769 1703 1859 viperino
1737 1770 1841 1859 plane
1871 1768 1975 1846 odio,
2015 1767 2112 1835 omni
2143 1789 2272 1855 genere

243 1876 594 1958 inomnesposteros
618 1869 718 1935 Adae
740 1878 968 1956 propagatum
996 1877 1138 1948 est,'nt
1162 1869 1232 1933 iam
1282 1869 1482 1935 acerbitatis
1515 1883 1548 1938 et
1580 1870 1808 1941 crudelitatis.
1871 1867 1964 1938 Sunt
1998 1889 2079 1955 ergo
2113 1868 2274 1961 reliquae
2310 1872 2312 1876 '

246 1975 285 2043 in
319 1971 490 2039 vomnibus
527 1966 754 2046 mortalibus,
806 1981 993 2058 antequam
1033 1968 1235 2036 inserantur
1283 1968 1464 2037 doctrinae
1487 1992 1634 2054 omnes,
1667 1985 1701 2040 et
1726 1965 1957 2059 Philosophia
1986 1983 2076 2049 tota,
2112 1971 2272 2064 adeoque

244 2068 410 2156 Christo,
445 2066 629 2139 horribilis
653 2069 697 2137 sit
719 2067 883 2153 caecitas,
918 2082 959 2137 ut
981 2093 1095 2160 neque
1117 2066 1232 2138 Deum
1282 2071 1357 2160 ipse
1378 2067 1591 2158 Decalogus,
1623 2071 1837 2162 conscriptio
1857 2072 1972 2159 legum
1996 2084 2030 2140 et
2048 2083 2275 2156 statutorum,

246 2192 317 2248 tam
337 2175 431 2242 clare
454 2193 683 2260 cognoscere,
717 2192 833 2262 neque
850 2170 887 2237 iu
904 2171 976 2238 ulla
992 2183 1149 2240 creatura
1166 2167 1232 2236 Dei
1282 2171 1493 2254 medicinae,
1513 2172 1686 2256 fomenta,
1710 2171 1898 2260 ligamina,
1921 2185 1956 2241 et
1973 2172 2127 2240 remedia
2143 2172 2274 2254 affecti,

244 2275 475 2370 praesentiam
506 2283 541 2340 et
559 2271 716 2339 divinam
748 2271 988 2361 operationem
1013 2273 1061 2341 ita
1091 2294 1234 2340 cernere
1282 2272 1439 2341 morbosi
1467 2286 1501 2341 et
1520 2272 1650 2363 leprosi
1672 2273 1829 2362 corporis
1856 2272 2002 2358 mundi,
2037 2286 2073 2343 et
2094 2274 2273 2345 vcrlsserati

243 2379 401 2472 possint,
426 2388 532 2466 atque
545 2375 642 2443 abeo
656 2396 736 2441 casu
752 2367 871 2441 schola
887 2369 1121 2462 Theologica,
1145 2396 1234 2464 qnae
1282 2373 1420 2460 generis
1445 2368 1611 2454 humaui,
1644 2374 1775 2466 quibus
1795 2398 1867 2443 nou
1889 2398 1978 2464 opus
2001 2375 2121 2444 fuisset
2144 2377 2182 2443 in
2199 2377 2272 2447 vita

242 2466 329 2551 alias
345 2500 407 2568 per
422 2489 535 2545 totum
548 2474 671 2542 fuisset
688 2474 814 2542 diffusa
833 2475 954 2542 orbem
973 2487 1165 2556 terrarum,
1190 2475 1234 2540 ab
1282 2470 1492 2557 hominum,
1525 2475 1554 2542 si
1575 2474 1672 2543 illius
1688 2476 1824 2566 lapsus,
1850 2488 1883 2544 et
1898 2476 1986 2545 tanti
2008 2477 2090 2545 mali
2110 2471 2276 2546 haeredi·-

243 2576 393 2651 Oriente
416 2600 527 2668 usque
555 2577 597 2642 ad
627 2569 824 2654 Occasum,
856 2575 1043 2645 celebratio
1078 2575 1235 2643 nominis
1284 2577 1370 2645 taria
1404 2575 1566 2663 contagio
1595 2599 1667 2643 non
1698 2578 1922 2665 corripuisset
1950 2591 2126 2667 posteros,
2158 2593 2220 2648 atet
2241 2581 2270 2649 si

242 2680 386 2753 Domini
404 2695 520 2747 coacta
545 2691 595 2744 est
619 2676 658 2742 iu
677 2686 885 2765 angustum,
911 2679 997 2745 adeo
1021 2690 1060 2744 ut
1083 2678 1166 2744 inde
1188 2676 1234 2743 ab
1285 2692 1361 2767 post
1378 2676 1514 2767 lapsum
1538 2700 1660 2745 omnes
1675 2672 1837 2747 homines
1853 2676 2021 2748 Habelica
2039 2680 2107 2747 lide
2123 2683 2271 2749 verbum

243 2784 360 2854 Adam
391 2794 426 2848 et
456 2771 690 2860 Patriarcbis,
723 2776 891 2845 omnibus
913 2779 1130 2868 temporibus
1152 2800 1234 2844 vera
1284 2792 1318 2846 et
1331 2778 1601 2868 promissionem
1618 2776 1685 2846 Dei
1705 2779 1829 2848 audire
1848 2793 1880 2848 et
1898 2781 2049 2849 retinere
2064 2782 2271 2872 potuissent.

241 2880 398 2954 Ecclesia
416 2879 566 2970 pusillus
581 2901 663 2966 grex
677 2878 797 2946 luerit.
847 2876 940 2946 Ante
955 2879 1100 2969 quidem
1116 2874 1235 2946 burri·
1287 2878 1416 2946 Verum
1435 2874 1630 2968 Theologia
1655 2880 1716 2948 illa
1737 2905 1827 2974 pura
1844 2896 1895 2952 est
1915 2883 2096 2965 doctrina,
2128 2896 2161 2951 et
2186 2908 2264 2974 pro·

242 2985 351 3054 bilem
375 2983 477 3051 illum
493 2982 631 3070 lapsum
653 2981 701 3048 sic
719 2975 903 3048 habiturae
925 2993 1026 3049 erant
1038 3003 1093 3048 res
1107 2977 1235 3048 buma-
1283 2979 1405 3058 fessio,
1433 2982 1475 3046 ad
1503 3005 1609 3072 quam
1627 2981 1763 3071 integra
1784 2997 1909 3052 natura
1927 2985 2031 3054 initio
2053 2985 2194 3053 condita
2209 2999 2272 3066 est,

244 3109 330 3168 nae,
355 3084 452 3176 quod
475 3080 572 3151 Dens
594 3080 668 3172 ipse
688 3080 878 3149 domestice
901 3081 1006 3170 plane
1027 3093 1062 3149 et
1079 3096 1235 3171 paterne,
1284 3084 1327 3151 ad
1346 3104 1452 3172 quam
1466 3082 1592 3162 creati,
1619 3083 1655 3151 in
1674 3107 1777 3151 cruce
1799 3086 1917 3173 precio
1939 3104 2069 3175 magno
2087 3088 2275 3179 redempti,

244 3189 335 3257 sicut
348 3184 508 3253 Psalmus
523 3181 589 3265 ait,
617 3177 1043 3270 gubernassethomines‚
1068 3199 1108 3252 nt
1120 3184 1234 3253 tenel-

243 3290 299 3358 los
313 3284 408 3355 filins
427 3295 590 3354 tractans.
650 3281 706 3350 lbi
728 3282 862 3350 sincera
885 3280 1141 3372 cognitio'Dei,
1168 3307 1235 3374 pu-

242 3412 304 3460 rus
321 3388 457 3468 cultus,
481 3382 748 3452 ardentissimus
764 3407 864 3452 amor
879 3385 978 3452 verbi
994 3398 1027 3453 et
1042 3385 1236 3454 voluntatis

241 3489 329 3570 Dei,
356 3511 492 3559 summa
515 3499 550 3554 et
564 3485 601 3552 in
616 3484 691 3553 dies
705 3507 863 3553 crescens
883 3486 1071 3555 admiratio
1087 3510 1234 3574 operum

242 3590 310 3665 Dei
332 3591 471 3669 fuisset,
505 3587 557 3655 ibi
585 3585 808 3655 dulcissimus
831 3586 975 3657 affectus
1004 3609 1084 3676 erga
1108 3585 1243 3672 Deum,

243 3691 431 3790 purissima
444 3684 657 3776 Theologia‚
677 3691 795 3756 omnia
811 3688 914 3777 plena
929 3689 1093 3772 veritate,
1114 3689 1234 3758 omnia

243 3796 347 3888 plena
373 3791 531 3873 iusticia,
557 3813 692 3858 summa
717 3789 897 3878 voluptas,
922 3791 1086 3858 invocare
1101 3791 1234 3875 Deum,

244 3895 420 3987 appellare
453 3904 585 3966 tantam
613 3903 647 3961 et
675 3892 859 3961 coelestem
881 3893 980 3961 illam
1007 3893 1234 3975 maiestatem,

242 3996 402 4077 Patrem,
443 3996 588 4064 laudare
620 3990 757 4078 Deum,
797 3993 938 4081 rimari,
971 4008 1006 4065 et
1038 3996 1235 4086 expendere

241 4122 349 4191 opera
369 4096 453 4166 Dei.
519 4092 654 4160 Verum
679 4105 759 4183 post
788 4093 925 4181 lapsum
951 4091 1068 4175 Adae,
1103 4098 1141 4164 in
1171 4096 1234 4163 illa

241 4201 391 4291 prima,
412 4209 445 4265 et
468 4206 569 4262 aucta
593 4192 718 4274 etiam,
752 4205 786 4260 et
815 4193 957 4262 llorenti
984 4209 1096 4264 aetate
1126 4197 1234 4278 orbis,

241 4322 325 4391 prae
339 4321 409 4390 qua
424 4293 537 4365 nostri
546 4291 730 4361 novissimi
745 4295 914 4383 temporis
929 4294 1055 4364 effoeta
1065 4310 1235 4379 senectus,

240 4403 414 4492 podagra,
447 4409 481 4469 et
501 4393 626 4463 senilis
644 4393 748 4460 tussis
769 4407 821 4461 est
838 4395 961 4462 mundi
971 4446 983 4480 ,
1010 4398 1103 4487 apud
1121 4397 1234 4464 maio·

240 4527 314 4574 rem
340 4514 373 4570 et
396 4495 628 4590 potentiorem
659 4508 793 4584 partem
822 4489 1006 4564 hominum
1034 4497 1153 4565 omnia
1178 4522 1235 4566 re-

1284 3181 1488 3263 restaurati,
1514 3183 1600 3251 etin
1615 3197 1794 3251 aeternum
1810 3186 1952 3252 tandem
1974 3186 2192 3271 glorificandi
2213 3211 2267 3257 sn-

1285 3308 1375 3353 mus.
1429 3278 1642 3369 l'heologia,
1664 3280 1828 3372 inquam,
1850 3295 1900 3350 est
1918 3283 1978 3351 illa
1996 3287 2185 3373 professio,
2210 3312 2269 3379 per

1286 3409 1390 3478 quam
1406 3379 1540 3466 Adam,
1562 3380 1695 3465 llabel,
1717 3376 1839 3462 Noha,
1861 3376 1961 3467 Sem,
1984 3398 2017 3452 et
2031 3386 2164 3454 similes
2176 3414 2270 3458 sum·

1286 3487 1334 3555 mi
1360 3480 1523 3554 homines
1543 3485 1610 3552 sub
1631 3483 1723 3566 sole,
1756 3507 1835 3551 crim
1857 3484 1926 3551 iam
1943 3497 2055 3553 toturn
2075 3507 2185 3573 genus
2201 3483 2272 3555 hn-

1286 3611 1430 3656 manum
1448 3599 1537 3655 esset
1551 3585 1714 3676 potestati
1730 3583 1880 3655 Satanae
1894 3587 2110 3666 subiectum,
2135 3588 2273 3680 aliqua-

1286 3704 1389 3760 tenus
1410 3688 1449 3754 in
1472 3682 1539 3754 hac
1559 3688 1662 3755 etiam
1689 3686 1824 3755 vitaer
1849 3709 1958 3775 reguo
1982 3688 2105 3758 mortis
2132 3689 2274 3761 eluctati

1285 3804 1369 3860 sunt
1391 3789 1429 3855 in
1450 3789 1579 3871 vitam,
1604 3799 1638 3856 et
1658 3811 1677 3856 e
1697 3801 1838 3878 peccato
1861 3803 1894 3859 et
1915 3791 2070 3858 tenebris
2096 3790 2139 3859 ad
2165 3792 2274 3881 origi-

1286 3915 1367 3959 nem
1401 3888 1553 3978 paradisi
1578 3902 1612 3958 et
1642 3890 1741 3979 regui
1772 3891 1941 3960 coelestis.
2004 3889 2163 3960 Proinde
2195 3918 2276 3961 cum

1286 3991 1384 4061 nialla
1400 3991 1445 4057 sit
1460 3985 1689 4081 Philosophia
1712 3992 1956 4076 excellentior,
1986 3992 2085 4062 nulla
2105 3993 2275 4083 sapientia

1287 4092 1474 4164 sublimior
1497 4105 1559 4160 aut
1582 4094 1835 4182 praestantior,
1862 4118 1968 4186 quam
1984 4091 2101 4163 Deum
2118 4108 2153 4164 et
2170 4120 2276 4187 opera

1287 4197 1362 4266 eins
1385 4216 1611 4283 cognoscere,
1652 4217 1774 4262 omnes
1798 4190 1961 4263 homines
1989 4219 2129 4264 summo
2158 4198 2276 4266 studio

1287 4295 1419 4378 adniti,
1445 4307 1478 4362 et
1500 4294 1539 4361 in
1562 4289 1630 4363 hoc
1651 4295 1855 4365 incumbere
1876 4297 2024 4379 debent,
2052 4310 2098 4378 ut
2115 4299 2277 4389 quamvis

1288 4396 1379 4467 luris
1394 4396 1558 4475 scientia,
1583 4395 1724 4465 Medica
1740 4411 1831 4482 arte,
1858 4412 1892 4468 et
1908 4399 2084 4466 similibus
2101 4393 2187 4467 haec
2205 4400 2277 4468 vita

1287 4521 1404 4568 carere
1426 4522 1497 4565 nou
1522 4498 1647 4588 possit,
1678 4510 1795 4567 tamen
1817 4499 1984 4568 omnibus
2008 4493 2062 4567 his
2083 4500 2207 4583 rebus,
2241 4512 2277 4570 et

238 4605 330 4696 pleta
356 4601 540 4682 idolatria,
575 4619 711 4679 errore,
738 4610 772 4667 et
794 4621 834 4666 ex
857 4597 1072 4668 illoadllatu
1088 4597 1232 4669 Diaboli
1288 4595 1354 4667 hoc
1377 4611 1452 4667 toto
1474 4601 1607 4667 mundo
1629 4611 1795 4680 utantur,
1827 4602 1926 4693 quasi
1950 4623 2023 4669 non
2043 4612 2209 4680 utantur,
2243 4613 2278 4670 et

241 4700 333 4775 nihil
354 4700 608 4794 contemptius,
633 4693 727 4766 nibil
746 4700 1002 4791 aspernabilius
1028 4724 1101 4769 esse
1120 4701 1235 4790 coepit
1288 4714 1399 4770 totum
1425 4701 1516 4769 vitae
1539 4724 1681 4770 cursum
1707 4724 1748 4771 eo
1771 4702 1972 4773 institutum
1997 4715 2030 4772 et
2047 4726 2088 4770 eo
2104 4704 2276 4772 directum

237 4831 342 4890 vero,
390 4817 509 4874 sancto
551 4814 585 4871 et
628 4800 766 4870 sincero
807 4802 905 4870 cultu
943 4797 1030 4881 Dei,
1081 4825 1234 4894 veraque
1288 4798 1460 4886 habeant,
1492 4816 1532 4871 nt
1553 4825 1616 4892 per
1639 4805 1795 4873 studium
1822 4826 1924 4871 verae
1951 4802 2152 4892 religionis,
2178 4826 2279 4873 erer-

241 4903 452 4995 Theologia.
511 4903 602 4975 Nam
627 4916 705 4993 post
727 4902 817 4971 illud
839 4903 993 4972 immane
1010 4917 1045 4972 et
1059 4898 1234 4972 horribile
1288 4905 1409 4973 citium
1434 4903 1531 4971 verbi
1555 4902 1641 4987 Dei,
1679 4907 1723 4972 ad
1749 4899 1839 4973 hanc
1865 4904 2000 4994 primae
2030 4906 2218 4974 creationis
2245 4918 2280 4975 et

238 5010 347 5078 totius
377 5006 514 5096 generis
543 5000 692 5073 humani
732 5000 922 5088 damnum,
962 5029 1044 5073 vera
1078 5006 1233 5093 cognitio
1288 5004 1447 5074 coelestis
1463 5005 1704 5100 generositatis
1725 5009 1870 5075 redeant
1886 5007 2072 5095 originem.
2125 5004 2181 5075 Sit
2196 5028 2281 5075 saue

235 5108 322 5193 Dei,
355 5122 388 5181 et
412 5108 512 5177 verbi
535 5107 670 5190 divini,
701 5121 736 5177 et
760 5107 821 5176 illa
850 5105 993 5194 vestigia
1026 5106 1233 5196 paradisiaci
1288 5101 1503 5193 Theologia,
1537 5130 1616 5174 cum
1632 5108 1783 5197 aucupio
1800 5120 1835 5175 et
1847 5110 2029 5178 occasione
2046 5109 2277 5198 pecuniarum

237 5210 411 5310 gymnasii
433 5222 644 5279 ssianserunt¹
665 5209 702 5275 in
726 5208 859 5299 paucis.
911 5206 1098 5276 Namcnm
1115 5204 1232 5277 Adam
1288 5219 1420 5288 careat,
1447 5231 1526 5274 cum
1551 5223 1675 5278 ventos
1700 5220 1733 5276 et
1754 5209 1871 5277 fumos
1892 5209 1973 5280 illos
1989 5211 2189 5278 mundanae
2202 5210 2281 5296 glo-

164 5356 167 5361 -
238 5329 316 5407 pust
335 5314 474 5404 lapsum
498 5310 698 5398 erigeretur.
724 5308 1041 5392 rursus‚.oraculo
1074 5308 1233 5385 vivificae
1288 5308 1361 5376 riae
1379 5331 1451 5376 nou
1466 5302 1610 5387 habeat,
1637 5311 1913 5394 contemptibilis
1928 5335 2045 5381 coram
2061 5305 2281 5395 hominibus,

237 5414 482 5509 promissionis
513 5412 675 5499 divinae,
709 5411 756 5479 de
778 5412 919 5480 sesninc
949 5411 1012 5480 illo
1045 5411 1233 5481 benedicto
1287 5422 1324 5481 at
1352 5433 1458 5502 quam
1485 5409 1610 5498 ingens
1636 5422 1669 5478 et
1694 5409 1856 5482 infinitus
1880 5408 2065 5482 thesaurus
2085 5428 2137 5485 est
2160 5437 2278 5483 corato
