4732 6030
185 242 261 316 oor
784 235 946 317 onor.
985 237 1061 311 oa
1092 235 1278 312 mero
1312 234 1493 311 Mosts
1522 256 1608 314 mc.
1746 186 1751 193 ’
2128 236 2207 309 sos

286 408 509 481 Dimicabant
523 410 718 480 sacerdotes
735 406 869 480 ludaiei
884 411 929 479 de
942 409 1015 479 suis
1035 409 1167 479 sacrifi-
1214 409 1283 479 fuit
1304 410 1416 497 legem
1431 403 1627 496 Evangelio
1651 406 1792 485 cedere,
1818 405 1913 495 quod
1935 415 1969 472 et
1989 415 2071 472 ante
2089 404 2203 493 legem

189 513 271 594 ciis,
293 532 340 579 ne
350 510 519 579 autoritas
532 523 592 579 aut
609 522 771 601 quaestus
786 511 1079 580 diminuerentur.
1215 523 1249 578 et
1275 509 1434 601 politiam
1459 507 1553 577 Mosi
1584 508 1814 598 promissum,
1857 518 1892 574 et
1920 505 2088 572 brevibus
2118 528 2203 594 pro-

286 608 338 679 lta
359 634 456 679 nunc
477 603 643 678 monachi
664 622 889 700 propugnant
910 632 988 679 suas
1011 633 1167 679 ceremo-
1215 610 1442 679 missionibus
1466 609 1619 688 editum,
1655 619 1688 675 et
1713 601 1890 674 Ecclesiae
1916 605 2201 674 commendatum

186 709 282 793 nias,
308 733 395 802 quas
407 709 547 777 venales
560 703 706 779 babent:
734 725 907 781 caeterum
925 723 1088 779 metuunt
1103 733 1166 799 po-
1214 710 1337 783 tuerat.

186 810 314 879 tentiae
327 807 613 892 diminutionem,
632 809 661 879 si
676 811 822 880 mutatio
838 810 1035 902 aliquarum
1050 811 1166 898 legum
1316 810 1386 880 Sed
1401 812 1552 878 clamant
1565 831 1638 876 non
1654 805 1916 876 concedendum
1933 822 2018 884 esse,
2042 815 2082 870 ut
2098 804 2201 893 pauci

183 909 254 981 fiat.
303 906 412 978 Multi
427 909 604 978 licentiam
620 910 839 1001 voluptatum
860 935 1003 981 suarum
1019 909 1166 998 astringi
1216 921 1250 980 et
1261 910 1391 1000 privati
1408 910 1584 999 publicam
1603 905 1882 976 emendationem
1899 902 2100 971 instituant.

184 1010 324 1077 nolunt.
1317 1008 1566 1078 lmoomnibus
1576 1009 1767 1077 estdictum
1779 1008 1822 1073 de
1832 1004 1904 1071 lilio
1913 998 1996 1069 Dei:
2013 999 2119 1070 Hunc
2135 1024 2200 1072 au-

285 1105 335 1174 Hi
362 1121 444 1176 sunt
473 1108 588 1177 fontes
611 1109 775 1178 odiorum
808 1110 974 1177 adversus
1002 1105 1165 1198 Evange-
1216 1109 1298 1182 dite.
1333 1105 1512 1177 Omnibus
1529 1108 1759 1197 praecipitur:
1784 1099 2039 1173 AbiieiteDeos
2055 1101 2203 1185 alienos,

184 1207 287 1275 lium·
776 1238 787 1253 ·
1216 1224 1249 1279 et
1263 1210 1371 1297 fugite
1385 1209 1492 1278 idola.
1517 1204 1761 1276 Omnesvocat
1774 1199 1952 1285 iiliusDei,
1969 1226 2047 1270 cum
2064 1200 2198 1291 inquit:
2267 1266 2274 1275 ,

284 1303 387 1373 Nunc
409 1317 522 1373 autem
547 1304 721 1373 sanabiles
744 1329 866 1375 omnes
887 1302 1075 1389 adhortor,
1101 1308 1165 1375 ob-
1218 1307 1342 1378 Venite
1356 1310 1401 1377 ad
1420 1331 1474 1374 me
1491 1331 1614 1376 omnes
1630 1307 1691 1397 qui
1706 1305 1874 1374 laboratis
1891 1314 1923 1371 et
1946 1300 2082 1369 onerati
2106 1301 2200 1386 estis,

185 1418 293 1475 testor
310 1417 452 1493 propter
465 1405 612 1492 gloriam
631 1402 716 1489 Dei,
740 1418 774 1474 et
792 1428 853 1496 per
872 1429 970 1475 suam
986 1408 1145 1476 salutem.
1216 1423 1251 1479 et
1275 1431 1336 1498 ego
1360 1408 1511 1477 reficiam
1536 1429 1610 1475 vos.
1661 1403 1730 1472 Hic
1749 1403 1999 1493 promissiones
2023 1400 2199 1489 amplissi-

283 1502 442 1572 Primum
470 1517 508 1573 ut
538 1516 692 1573 statuant
714 1528 823 1572 unam
849 1528 921 1573 esse
948 1530 1065 1574 veram
1089 1520 1164 1576 eta
1216 1534 1292 1577 mae
1323 1509 1547 1579 audientibus
1580 1502 1811 1593 Evangelium
1845 1514 2113 1592 proponuntur,
2158 1513 2199 1571 ut

183 1602 259 1674 Deo
282 1604 446 1672 traditam
470 1604 695 1692 religionem,
728 1627 789 1673 seu
812 1606 1008 1674 doctrinam
1031 1608 1075 1673 de
1092 1607 1163 1676 vita
1215 1632 1316 1700 saepe
1335 1610 1430 1678 alias.

183 1719 343 1785 aeterna,
369 1726 459 1796 quae
473 1726 535 1792 per
549 1698 760 1793 Prophetas,
781 1698 984 1789 Christum,
1011 1701 1164 1795 Aposto-
1316 1708 1427 1797 Saepe
1443 1707 1547 1775 etiam
1564 1699 1758 1772 horrendas
1773 1721 1905 1793 poenas
1920 1701 2077 1768 minatur
2092 1698 2202 1785 Deus,

183 1806 255 1888 los,
279 1804 447 1893 patefacta
469 1816 503 1872 et
517 1816 703 1892 propagata
719 1816 780 1876 est.
830 1802 992 1874 Caeteros
1008 1829 1090 1873 vero
1106 1830 1164 1874 re·
1215 1809 1379 1878 omnibus
1393 1803 1578 1892 Evangelii
1594 1802 1907 1892 contemptoribus.
1958 1799 2099 1869 Denter.
2120 1799 2199 1871 ta:

182 1905 331 1993 ligiones
351 1902 510 1971 omnium
535 1903 693 1990 gentium
721 1904 981 1973 commenticias
1004 1918 1039 1973 et
1061 1906 1165 1973 fabu-
1215 1902 1426 1996 Prophetam
1444 1904 1615 1972 suscitabo
1634 1904 1684 1970 eis
1696 1904 1739 1969 de
1755 1902 1872 1968 medio
1888 1901 2034 1967 fratrum
2052 1922 2199 1968 suorum

183 2005 373 2075 losasesse.
1215 2007 1363 2074 similem
1380 2004 1451 2087 tui,
1484 2018 1518 2070 et
1531 2026 1658 2092 ponam
1676 2002 1781 2069 verba
1797 2023 1872 2068 mea
1886 1999 1923 2065 in
1939 2023 1999 2066 ore
2016 1999 2109 2082 eius,
2142 2000 2198 2068 lo·
2227 2074 2230 2079 ,

285 2101 377 2168 Vero
391 2101 498 2187 igitur
511 2100 629 2168 reniet
637 2095 814 2169 Dominus
829 2095 1165 2171 nosterlesusChri-
1215 2119 1410 2197 queturque
1425 2105 1470 2172 ad
1487 2126 1545 2170 eos
1562 2101 1681 2169 omnia
1696 2125 1786 2192 quae
1800 2122 2008 2189 praecepero
2023 2098 2107 2188 ipsi:
2134 2096 2196 2189 qui

184 2215 269 2282 stus,
295 2214 328 2269 et
343 2201 561 2269 iudicaturus
578 2212 629 2268 cst
645 2213 757 2268 totum
771 2221 884 2288 genus
900 2196 1106 2285 humanum,
1131 2213 1164 2270 et
1214 2219 1330 2274 autem
1354 2204 1460 2272 verba
1483 2204 1558 2271 eius
1581 2225 1670 2293 quae
1691 2201 1856 2294 loquetur
1882 2199 1920 2266 in
1944 2199 2088 2266 nomine
2115 2208 2205 2267 meo'

184 2302 281 2370 dabit
296 2301 402 2367 vitam
418 2311 607 2381 aeternam,
631 2298 676 2366 iis
692 2296 996 2390 quiEvangelium
1013 2292 1164 2390 amplexi
1214 2305 1336 2374 audire
1360 2303 1534 2386 noluerit,
1563 2324 1628 2390 ego
1650 2303 1747 2371 ultor
1768 2326 1841 2370 ero.
1889 2296 1937 2369 Et
1957 2297 2115 2388 Baptista
2138 2296 2197 2365 in-

182 2415 275 2484 sunt,
301 2411 334 2467 et
349 2399 490 2467 abiiciet
504 2398 541 2464 in
556 2411 697 2467 aeterna
713 2393 897 2489 supplicia,
923 2400 985 2490 qui
999 2397 1167 2489 Evange-
1214 2406 1309 2496 quit:
1337 2402 1408 2491 Qui
1427 2403 1622 2471 noneredit
1638 2402 1726 2484 filio,
1748 2425 1821 2470 non
1838 2399 1974 2468 videbit
1987 2399 2108 2479 vitam,
2133 2398 2195 2464 sed

181 2500 270 2568 llum
285 2511 582 2588 contempserunt.
1213 2506 1264 2572 ira
1281 2502 1346 2572 Dei
1362 2503 1519 2571 manebit
1534 2523 1745 2590 supereum.
1787 2497 1834 2568 Et
1850 2500 1887 2565 in
1907 2499 2029 2588 priore
2049 2496 2196 2587 epistola

280 2596 377 2666 Haec
398 2599 459 2689 qui
483 2621 566 2666 vere
581 2599 746 2680 credunt,
777 2590 842 2665 hos
862 2598 990 2667 deinde
1008 2600 1167 2668 obtestor
1213 2607 1256 2672 ad
1273 2597 1572 2690 CorinthiosCap.
1587 2600 1712 2668 ultimo
1728 2599 1876 2667 dicitur:
1898 2596 1939 2666 si
1956 2599 2037 2688 quis
2051 2620 2125 2664 non
2138 2595 2197 2663 di-

182 2711 326 2789 propter
342 2694 543 2776 Christum,
577 2710 611 2766 et
632 2719 730 2767 suam
754 2709 790 2766 et
804 2695 980 2768 Ecclesiae
1006 2701 1166 2783 salutem,
1213 2704 1290 2792 ligit
1316 2703 1511 2773 Dominum
1541 2698 1657 2768 lesum
1678 2693 1880 2779 Christum,
1913 2698 1958 2765 sit
1982 2691 2193 2774 Anathema‚

181 2815 220 2868 ut
246 2800 341 2867 iuxta
361 2793 594 2886 Evangelium
616 2810 650 2865 et
670 2796 738 2884 ipsi
759 2797 912 2881 discant,
944 2795 1058 2867 Deum
1082 2821 1163 2867 vere
1212 2798 1437 2872 Maranatha,
1487 2799 1528 2869 ld
1545 2815 1613 2884 est,
1643 2798 1698 2888 (ut
1716 2800 1819 2867 dirus
1834 2793 2043 2865 Ambrosius
2060 2809 2090 2862 et
2112 2795 2193 2885 qui-

180 2899 356 2973 invocare,
373 2910 406 2965 et
421 2897 510 2963 alios
524 2898 569 2964 de
584 2895 806 2963 invocatione
816 2895 882 2964 Dei
895 2900 1020 2966 docere
1033 2899 1165 2970 sinant.
1212 2908 1292 2972 dam
1316 2903 1377 2972 alii
1398 2896 1693 2992 interpretantur)
1716 2900 1895 2967 Dominus
1915 2897 2022 2967 venit.
2073 2894 2194 2981 Signi-

282 2997 350 3066 sed
380 2993 534 3062 obilcitis
553 2991 845 3062 consuetudinem
869 2995 967 3082 longi
995 3000 1163 3086 temporis
1212 3004 1335 3074 fleatur
1349 3001 1443 3070 enim
1460 3002 1576 3070 statim
1596 2998 1789 3067 affuturum
1808 3021 1880 3066 esse
1901 2996 2013 3064 filium
2031 2995 2097 3064 Dei
2113 2994 2192 3061 vin-

31 3104 37 3115 ‘
140 3119 143 3125 ’
180 3111 216 3166 et
232 3095 424 3163 multorum
441 3092 659 3160 saeculorum
676 3113 901 3176 consensum,
927 3107 960 3162 et
977 3095 1163 3184 disputatis
1211 3104 1336 3186 dicem,
1360 3125 1400 3168 ac
1415 3100 1620 3188 puniturum
1634 3121 1757 3166 omnes
1772 3094 1957 3184 Evangelii
1972 3106 2192 3185 contempto-

180 3217 255 3263 non
278 3214 351 3260 esse
371 3213 563 3280 paucorum
576 3204 636 3260 aut
653 3189 871 3283 privatorum
896 3192 1079 3264 instituere
1099 3190 1162 3263 has
1210 3226 1267 3271 res
1278 3215 1312 3270 et
1328 3196 1456 3271 hostes.
1508 3198 1634 3266 Veniet
1648 3193 1742 3266 haud
1761 3198 1885 3279 dubie,
1911 3212 1944 3265 et
1960 3192 2034 3263 non
2048 3208 2192 3263 cuncta-

183 3291 457 3362 emendatlonet·
1210 3303 1324 3383 bitur,
1355 3315 1396 3370 ut
1419 3300 1536 3389 inquit
1555 3290 1745 3384 Plopheta.
1794 3293 1870 3366 Etsi
1895 3291 2056 3364 homines
2071 3288 2191 3378 Athet,

281 3390 408 3461 Facilis
429 3383 562 3459 adhaec
590 3391 772 3479 responsio
796 3402 849 3460 est
879 3391 992 3463 doctis
1024 3405 1059 3463 et
1082 3395 1161 3484 piis,
1209 3401 1271 3492 qni
1295 3396 1385 3468 hanc
1405 3397 1664 3486 generationem
1688 3409 1721 3464 et
1745 3390 1841 3463 hunc
1864 3395 2046 3464 interitum
2074 3388 2194 3463 homi-

182 3492 311 3586 quibus
323 3504 407 3561 nota
426 3501 478 3558 est
493 3486 668 3557 Ecclesiae
680 3488 882 3581 antiquitas.
1209 3523 1294 3568 num
1321 3513 1461 3569 aeterna
1491 3497 1566 3585 lege
1595 3496 1692 3564 volui
1721 3495 1957 3577 arbitrantur,
1990 3509 2030 3563 ut
2049 3488 2191 3585 Phy'sici

234 3594 246 3613 ³
282 3589 408 3660 Vetera
425 3602 652 3659 monumenta
667 3589 856 3657 clarissime
868 3603 1052 3676 testantur,
1068 3588 1161 3659 Mis-
1208 3599 1402 3668 somniant:
1444 3597 1562 3663 rident
1595 3619 1653 3677 ea,
1694 3617 1783 3684 quae
1816 3596 1859 3661 de
1891 3607 2042 3661 venturo
2076 3590 2195 3660 iudice

178 3715 234 3765 sas
256 3692 430 3782 privatas,
461 3687 719 3755 invocationem
747 3700 987 3775 mortuorum,
1016 3704 1050 3759 et
1073 3690 1162 3757 alias
1207 3694 1348 3767 Christo
1366 3698 1553 3778 dicuntur,
1578 3697 1637 3762 sed
1655 3691 1704 3782 pii
1721 3686 1814 3760 hanc
1836 3694 1984 3761 lucinam
2001 3690 2190 3760 execratio-

179 3792 395 3881 corruptelas
409 3788 588 3856 doctrinae
612 3798 647 3853 et
662 3786 955 3871 ceremoniarum,
980 3811 1069 3881 quas
1080 3788 1160 3857 tolli
1207 3797 1280 3880 nis,
1306 3790 1536 3877 Maranatha,
1558 3805 1791 3881 usurparunt,
1816 3805 1855 3860 nt
1877 3816 1914 3858 se
1935 3805 1969 3860 et
1983 3792 2070 3857 alios
2093 3814 2191 3857 com-

178 3893 357 3984 cupimus,
391 3909 510 3956 recens
535 3886 573 3951 in
598 3881 789 3952 Ecclesiam
815 3889 1016 3976 pervasisse.
1076 3884 1158 3957 Non
1206 3896 1483 3974 monetaeerent,
1512 3907 1553 3962 ut
1574 3891 1818 3960 advenientem
1840 3891 1992 3959 iudicem
2007 3885 2190 3958 Christum

179 3994 288 4082 igitur
318 4011 448 4058 novam
480 3984 675 4055 doctrinam
708 3997 768 4053 aut
803 4008 913 4056 novas
944 3987 1160 4057 ceremonias
1208 4007 1415 4064 metuerent.

180 4093 375 4173 afferimus,
400 4089 461 4156 sed
483 4087 527 4154 ad
550 4080 736 4171 Evangelii
761 4085 972 4172 puritatem,
996 4089 1039 4156 ad
1060 4085 1159 4177 Apo-
1308 4091 1468 4162 Audiant
1490 4113 1573 4179 ergo
1604 4101 1637 4158 et
1661 4088 1852 4157 formident
1881 4082 1973 4154 lianc
2001 4087 2191 4157 execratio-

181 4192 349 4261 stolorum
365 4202 399 4258 et
412 4185 539 4257 veteris
550 4181 726 4253 Ecclesiae
742 4185 938 4265 doctrinam
955 4199 988 4254 et
1003 4209 1159 4255 ceremo-
1206 4215 1287 4259 nem
1311 4214 1449 4274 omnes,
1479 4191 1508 4259 ei
1532 4190 1611 4283 quis
1632 4213 1705 4257 non
1726 4188 1842 4275 diligit
1862 4185 2056 4257 Dominum
2072 4186 2189 4255 lesum

180 4290 259 4358 nias
273 4289 446 4367 redimus,
470 4301 505 4356 et
520 4306 656 4354 errores
672 4307 712 4351 ac
734 4283 828 4385 idola
846 4285 1047 4369 obiicimus,
1069 4286 1158 4355 sicut
1205 4288 1399 4376 Christum,
1418 4287 1680 4372 sitAnathema,
1701 4285 1925 4358 Maranatha,
1957 4287 2077 4357 Sciant
2093 4300 2189 4379 certo
2277 4343 2289 4361 ,

180 4385 238 4459 hic
261 4388 426 4479 praecipit
450 4385 576 4468 lacob,
601 4397 634 4452 et
656 4397 878 4478 praeceptum
903 4399 954 4455 est
977 4399 1158 4455 aeternum
1204 4388 1385 4464 Christum
1400 4406 1589 4462 venturum
1604 4413 1689 4468 esse,
1710 4402 1750 4460 ut
1766 4387 2085 4479 puniatEvangelii
2101 4411 2188 4457 eon-

181 4503 216 4558 et
238 4487 472 4557 immutabile:
496 4485 623 4575 Fugite
639 4485 746 4553 idola.
1204 4507 1405 4583 temptores.

280 4586 447 4656 Poterant
468 4609 505 4653 se
530 4584 621 4653 tueri
649 4584 745 4672 longi
775 4584 942 4673 temporis
968 4597 1156 4655 consuetu·
1305 4592 1364 4663 Sic
1397 4606 1430 4661 et
1464 4595 1508 4660 ad
1536 4588 1682 4679 Galatas
1703 4588 1885 4658 scribitur:
1917 4587 1956 4657 Si
1984 4588 2063 4678 quis
2088 4587 2185 4656 aliud

181 4691 283 4771 dine,
306 4702 339 4755 et
361 4686 551 4753 multarum
572 4685 727 4770 gentium
747 4685 1158 4754 consensuetiamaudi-
1203 4689 1435 4780 Evangelium
1462 4692 1621 4767 docebit,
1654 4683 1853 4756 Anathema
1874 4688 1931 4758 sit,
1990 4687 2042 4755 Ne
2067 4687 2185 4756 existi.

180 4804 273 4860 tores
296 4784 412 4856 lacob.
462 4782 553 4852 Nam
576 4783 687 4851 mullo
711 4799 793 4854 ante
819 4787 911 4873 apud
935 4797 1057 4873 gentes
1077 4786 1158 4854 illas
1203 4806 1296 4861 mate
1311 4792 1386 4860 leve
1399 4804 1458 4858 aut
1475 4785 1667 4857 humanum
1683 4789 1882 4879 convicium
1899 4809 1982 4869 esse,
2006 4786 2182 4856 diciAna·

179 4891 329 4959 extincta
348 4885 460 4952 suerat
473 4905 553 4949 vera
569 4876 635 4948 Dei
651 4884 790 4954 noticia.
835 4882 953 4953 Multo
970 4885 1078 4971 magis
1097 4883 1155 4954 lu·
1204 4887 1333 4961 thema,
1384 4890 1453 4961 Sed
1488 4890 1610 4958 scitote
1641 4887 1710 4954 dici
1746 4882 1966 4971 Anathema,
2004 4882 2186 4956 hominem

178 4989 257 5058 daei
280 4989 445 5056 adversus
462 4980 651 5073 Apostolos
669 4981 874 5069 abrogantes
895 4986 1004 5072 legem
1021 4983 1154 5053 Mosai·
1203 4993 1426 5075 damnatum,
1451 4990 1506 5058 cui
1521 4986 1617 5058 Deus
1632 4988 1679 5055 ita
1695 4987 1875 5071 irascitur,
1900 5000 1940 5058 ut
1958 5000 2051 5056 totas
2066 5002 2187 5076 gentes

179 5114 253 5158 cam
278 5084 458 5154 vetustatis
482 5081 685 5164 autoritate,
708 5094 741 5148 et
760 5078 1014 5173 Prophetarum
1037 5108 1156 5153 exem·
1203 5092 1327 5180 puniat
1353 5104 1386 5161 et
1408 5114 1525 5159 rerum
1547 5102 1694 5156 naturae
1717 5111 1752 5154 m
1775 5088 1919 5169 ledicat,
1943 5086 2014 5155 nisi
2031 5088 2093 5156 ille
2106 5110 2180 5156 sce-

178 5190 247 5279 plis
268 5187 336 5256 niti
356 5196 536 5275 poterant,
567 5206 645 5250 cum
668 5179 808 5273 quidem
839 5196 872 5251 et
893 5207 913 5252 a
936 5184 1010 5253 Deo
1035 5186 1154 5254 datam
1201 5191 1333 5260 leratus
1354 5219 1373 5263 e
1394 5191 1511 5259 medio
1532 5189 1688 5258 tollatur.
1719 5184 1790 5280 ⁸Ut
1813 5189 1842 5256 si
1864 5189 2072 5277 parricidam
2089 5187 2185 5254 dicas

177 5313 250 5359 esse
264 5289 374 5375 legem
390 5282 551 5374 Apostoli
570 5281 778 5366 faterentur,
804 5284 864 5350 sed
883 5296 1000 5352 tamen
1016 5308 1153 5354 necesse
1201 5288 1399 5363 Anathema
1417 5314 1508 5375 esse,
1532 5286 1632 5375 Cain,
1658 5289 1829 5375 Absalon,
1853 5302 1888 5359 et
1903 5289 2045 5359 similes.
2094 5285 2183 5356 Pro-
