4732 6030
156 339 255 419 roos
673 317 833 401 unct,
866 315 941 396 un
973 314 1280 397 caruroun
1313 256 1664 402 ruoncuusr.
2054 315 2196 399 ⁸roos

145 496 414 600 breviloquus,
453 499 513 595 qui
541 511 648 579 tunc,
680 519 760 564 cum
793 494 954 563 nondum
985 492 1151 564 meliores
1202 494 1391 585 temporit,
1415 495 1543 568 tribuit
1564 493 1707 566 lectioni
1728 488 1961 586 propheticae.
2016 489 2069 564 lte
2085 492 2196 565 timul

160 612 244 683 libri
270 614 306 679 in
330 605 397 676 hoc
417 624 543 694 genere
559 596 791 677 haberentur,
817 609 851 666 et
865 594 1036 688 expetitus
1052 608 1102 664 cst
1118 605 1152 664 ct
1202 614 1237 667 et
1251 593 1428 666 Ecclesiae
1448 596 1645 667 doctrinam
1666 596 1796 668 rectius
1812 596 1987 680 discebat,
2013 595 2104 666 etin
2123 596 2197 665 lin-

156 713 287 786 ctudiis
303 707 446 800 profuit.
1202 721 1271 790 gua
1289 699 1525 774 exercebatur,

263 843 359 934 (2⁰3³
373 863 457 910 ΜΟ
473 834 672 907 d⁰effi¹¹²¹¹¹
688 831 780 903 ¹¹¹1ss
793 831 1030 913 inchfflfflb
1052 825 1152 897 tufus
1305 830 1466 927 Cumque
1485 832 1554 902 iam
1578 855 1651 904 non
1669 831 1767 902 rudis
1784 846 1872 903 esset
1886 827 2025 901 Ehreae
2042 829 2195 922 linguae,

162 949 277 1023 studia
309 946 347 1014 in
372 939 491 1014 Gallia
518 939 654 1007 maiora
683 958 757 1005 esse
788 931 938 1016 sciebat,
971 929 1153 1003 Aureliam
1203 958 1297 1005 nova
1317 935 1350 1004 rt
1371 934 1498 1025 legatio
1520 947 1555 1004 ,32
1570 959 1642 1003 „on
1660 933 1813 1005 difficilis
1828 936 1871 1003 ,d
1890 935 2016 1003 mbem
2029 928 2193 1012 Romam,

161 1051 341 1146 proiectus
355 1055 417 1128 cst,
432 1040 495 1112 ubi
512 1039 577 1109 etsi
591 1037 798 1129 praecipuus
816 1035 918 1103 labor
931 1045 1005 1100 erat
1020 1031 1153 1099 discere
1203 1038 1405 1107 facultatem
1420 1032 1726 1126 praebuitRamaa
1741 1035 1910 1106 audiendi
1926 1032 2097 1104 iudaeum
2113 1058 2191 1126 par.

161 1152 257 1233 iuris
272 1146 481 1226 doctrinam,
505 1154 621 1210 tamen
637 1135 799 1208 hortator
814 1135 881 1204 luit
896 1132 1070 1216 iuventuti
1086 1153 1154 1198 no·
1204 1141 1292 1208 farta
1320 1138 1497 1209 effidima,
1526 1139 1565 1205 tn
1588 1159 1650 1206 gua
1675 1135 1815 1226 lingua,
1847 1131 2022 1215 Abffiam,
2055 1136 2192 1226 „139ae

163 1254 251 1336 hili,
276 1264 316 1320 ut
332 1249 488 1335 linguam
509 1239 655 1310 latinam
669 1251 761 1307 recte
776 1237 970 1319 disserent,
995 1257 1035 1302 ac
1051 1253 1155 1301 enar·
1205 1238 1377 1311 nominat.
1444 1237 1514 1309 Sed
1541 1239 1744 1330 priusquam
1770 1241 1814 1307 de
1840 1261 1879 1307 ea
1903 1236 2081 1325 legatione
2105 1237 2198 1320 dico,

163 1353 257 1426 ravit
278 1346 462 1420 Ciceronis
481 1339 676 1434 Epistulas,
704 1339 883 1408 interdum
900 1348 935 1405 ct
951 1356 1074 1424 graece
1088 1334 1159 1402 do·
1206 1339 1405 1411 recitandae
1437 1355 1521 1411 stant
1551 1342 1724 1433 quaedam
1753 1339 1855 1407 aulae
1885 1336 2198 1426 Wirtehergensis

155 1455 250 1538 'wib
275 1449 325 1521 ibi
340 1471 418 1518 eum
434 1447 600 1537 istium-‘³
616 1462 696 1510 ‘¹¹¹⁰
713 1438 882 1510 ”Obilim
896 1437 1046 1517 audiret,
1066 1456 1157 1526 quae
1206 1442 1439 1521 mutationes,
1465 1463 1555 1534 quae
1575 1435 1672 1510 hunc
1695 1439 1801 1510 etiam
1816 1463 1891 1507 non
1908 1438 2034 1507 leviter
2049 1439 2198 1509 adflixe-

166 1549 368 1644 ditmar,
391 1545 589 1616 liberaliter
603 1541 726 1623 dabat,
752 1552 913 1629 sumptus
935 1534 1060 1607 habuit
1073 1556 1157 1603 suo-
1208 1555 1312 1624 rant,
1359 1555 1393 1610 at
1430 1543 1623 1611 multarum
1662 1564 1780 1610 rerum
1810 1539 1969 1632 exempla
2000 1539 2199 1613 continent.

165 1679 247 1726 rum
270 1651 469 1722 studiorum
496 1644 666 1733 copiosos.
719 1636 877 1711 Ornatus
904 1652 1021 1709 autem
1045 1636 1158 1726 gradu
1208 1641 1413 1713 Ebemdus
1455 1643 1592 1733 primns
1633 1642 1704 1715 dux
1742 1640 2049 1730 Wirtebergensis
2088 1654 2199 1711 testa-

166 1758 207 1826 in
220 1751 385 1829 Pictoris,
412 1746 518 1817 rediit
532 1746 570 1813 in
586 1741 826 1826 Germaniam,
850 1764 890 1810 ac
904 1753 943 1810 ut
954 1737 1157 1826 Tubiugam
1207 1756 1367 1815 mantum
1397 1742 1627 1828 condiderat,
1655 1756 1696 1812 „g
1720 1742 1798 1832 5930
1822 1742 1976 1812 minet„
1998 1743 2200 1813 mecedem

166 1853 466 1950 proficisceretur,
509 1844 706 1915 invitabant
733 1866 814 1912 eum
845 1853 878 1910 el
902 1840 1065 1911 vidniltt
1095 1862 1158 1928 pa·
1208 1840 1411 1915 armlescens
1438 1843 1597 1927 Ulricus,
1629 1843 1685 1913 cui
1714 1856 1833 1913 tameu
1861 1855 1976 1912 certos
2003 1856 2141 1914 tutores
2164 1856 2200 1912 et

167 1957 276 2039 triae,
302 1966 336 2022 et
358 1948 509 2019 recentis
532 1943 761 2027 Academiae,
786 1956 820 2011 et
840 1941 940 2012 aulae
962 1941 1160 2023 celebritas,
1208 1949 1460 2035 gubernatores
1475 1944 1632 2028 addidit,
1656 1957 1780 2015 contra
1795 1944 1832 2013 id
1850 1954 2106 2015 tastamentum
2120 1967 2201 2016 rur.

160 2068 252 2128 'uam
274 2068 308 2124 et
329 2053 366 2121 in
387 2045 578 2121 Academia
601 2047 689 2118 etin
706 2045 785 2114 aula
808 2041 1160 2113 eruditorumetbo·
1210 2048 1313 2117 canit
1343 2047 1452 2126 alius,
1485 2045 1585 2115 cuius
1613 2059 1775 2115 naturam
1804 2067 1877 2117 nou
1909 2046 2121 2135 probaverat
2143 2068 2200 2115 sa-

158 2181 301 2232 ‘uocum
318 2154 478 2222 cicorum
499 2170 625 2236 magna
653 2145 852 2237 frequentia
877 2156 967 2223 erat,
1006 2162 1159 2237 quorum
1210 2149 1311 2237 pianr
1340 2161 1374 2217 at
1397 2148 1512 2217 banus
1532 2142 1702 2237 princeps
1723 2140 1940 2220 Ebu-,mm
2003 2143 2079 2217 Nm
2097 2147 2200 2219 fefel—

169 2256 282 2352 aliqui
294 2257 334 2325 in
351 2251 482 2324 Galliis
496 2248 686 2317 familiares
702 2244 869 2338 capnioni
881 2245 1032 2316 fuerant.
1210 2249 1254 2319 lit
1281 2245 1507 2319 Eherardum
1535 2269 1598 2315 sua
1623 2247 1669 2315 de
1698 2246 1761 2316 illo
1791 2246 1984 2332 divinatio,
2021 2270 2201 2320 successor

272 2392 326 2462 Ac
341 2401 380 2459 ut
395 2385 432 2453 iu
447 2380 679 2453 aulamci-tius
693 2392 897 2464 vocaretur,
923 2377 1058 2447 occasio
1075 2369 1161 2445 haec
1210 2348 1344 2439 ΡΝῙῙΠ8
1372 2347 1526 2430 ‘illimes
1558 2341 1775 2417 mmmmm
1803 2344 2105 2437 Aullmliflifflum
2135 2344 2202 2419 he-

163 2486 258 2580 luit,
276 2490 446 2578 Princeps
462 2485 617 2574 optimus
634 2477 839 2551 Eberardus
854 2504 894 2547 eo
913 2492 1069 2568 tempore
1083 2472 1163 2548 Ro-
1211 2448 1291 2569 huit
1311 2447 1513 2566 {⁰5¹¹in
1535 2448 1697 2517 mnium
1719 2447 1964 2539 cupiditatum.
2022 2446 2091 2519 Ηῖῦ
2112 2451 2198 2542 quill

169 2619 265 2668 mam
282 2587 455 2684 proficisci
472 2587 691 2666 decreverat,
717 2606 788 2675 quo
803 2604 882 2648 cum
898 2601 997 2647 senes
1011 2575 1163 2646 Nauele-
1212 2550 1431 2637 ¹¹¹i⁶ll¹8²b²⁸
1448 2555 1503 2637 *δί
1517 2549 1613 2640 ⁸l’ud
1628 2546 1913 2623 Muifflffifflum
1928 2547 2198 2638 lml'fflwl'ems

170 2722 271 2775 rum,
298 2691 443 2762 Petrum
468 2683 703 2756 Arluncnsem
726 2696 761 2751 et
779 2677 984 2749 Gabrielem
1009 2679 1164 2760 duceret,
1213 2665 1253 2720 ¹¹²
1273 2672 1449 2720 ⁸¹¹0oe⁸⁸⁰1⁸
1470 2648 1532 2721 ille
1548 2648 2115 2738 removereturagubematioue,
2139 2649 2201 2719 im

169 2796 209 2871 hi
229 2801 465 2870 monuerunt,
490 2798 532 2855 ut
548 2784 799 2871 adiungeretur
819 2780 905 2871 ipsis
919 2777 1075 2870 Capnio,
1100 2777 1163 2870 qui
1212 2753 1321 2822 fiam
1348 2764 1424 2867 “Ji
1449 2748 1735 2869 mmihi-lenm
1758 2772 1846 2844 quoe
1873 2772 1914 2819 ea
1936 2771 1992 2819 res
2016 2750 2201 2838 agebatur,

173 2915 208 2972 ct
230 2912 363 2969 exteras
385 2889 547 2959 nationes
570 2899 672 2954 antea
689 2883 853 2965 vidisset,
882 2894 917 2950 et
932 2902 1036 2950 usum
1053 2873 1164 2947 habe·
1213 2875 1254 2922 ³⁰
1274 2874 1462 2944 Praempue
1480 2847 1675 2941 Capnrom,
1699 2872 1806 2969 quem
1828 2873 1909 2921 cum
1928 2850 2137 2922 decrevisset
2160 2851 2201 2919 in

170 3017 228 3074 ret
248 2997 357 3068 latine
380 2988 523 3062 dicendi
543 2999 577 3055 et
591 2984 787 3066 scribendi,
812 2995 846 3053 et
859 3004 985 3050 sonum
1002 3003 1165 3071 pronun-
1213 2974 1387 3024 emerem
1415 2951 1609 3069 abducere,
1652 2967 1816 3070 monitus
1842 2949 1999 3043 Capnio,
2037 2950 2128 3040 {ugit
2158 2951 2200 3020 iri

170 3098 336 3173 ciationis
361 3094 480 3162 minus
503 3083 702 3158 horridum.
760 3080 858 3153 Haec
890 3080 991 3150 initia
1019 3080 1166 3151 serenent
1214 3052 1569 3172 ³J¹lffmol³alatrnam3
1599 3053 1663 3122 uhr
1683 3063 1777 3170 ‘tuuc
1800 3063 1909 3125 eruut
1931 3050 2001 3121 viri
2021 3050 2090 3144 ipsi
2110 3050 2202 3121 ami.
2228 3045 2235 3063 ’

169 3194 352 3293 Capnioui
373 3191 521 3260 militiae
542 3189 693 3270 aulicae,
722 3183 791 3254 luit
813 3182 908 3253 enim
924 3179 1085 3272 Principi
1101 3186 1165 3253 ad·
1215 3178 1363 3272 ⁶¹J⁸¹¹¹¹¹s
1392 3150 1609 3271 Deibufgtue
1638 3176 1822 3244 eprscopua
1851 3149 2095 3241 vangionum,
2128 3150 2203 3221 Pii.

173 3304 321 3375 modum
343 3305 440 3386 grata
464 3287 576 3381 ipsius
600 3288 772 3354 industria
792 3282 947 3363 Romae,
981 3282 1064 3376 quia
1085 3282 1165 3351 ani·
1215 3278 1297 3374 ntus
1325 3252 1582 3336 Cancellarrus,
1614 3249 1827 3346 liudolphus
1853 3248 2045 3343 Agricola,
2076 3267 2114 3324 at
2138 3251 2205 3322 vi.

171 3400 363 3477 madvertit
396 3389 565 3462 libentius
597 3385 716 3455 audiri
741 3381 936 3476 Capnionis
966 3383 1164 3454 orationem
1214 3357 1332 3445 8¹¹¹118·

176 3534 197 3579 a
225 3500 377 3574 summis
403 3492 511 3576 viris,
544 3511 651 3584 quam
675 3485 847 3571 aliomm,
878 3485 940 3581 qui
965 3483 1167 3555 retinebant
1319 3466 1455 3540 Videtis
1469 3482 1504 3539 et
1516 3465 1722 3558 Principum
1736 3466 2064 3553 dissimilitudines,
2088 3470 2206 3540 etho.

173 3606 330 3702 Pfflium
351 3617 491 3669 *ΟΜΝ
1215 3594 1346 3640 norum
1366 3570 1526 3640 virorum
1550 3567 1724 3663 pericula,
1748 3569 1908 3664 quinon
1931 3593 2016 3641 raro
2038 3571 2206 3661 illudge-

277 3736 361 3807 Non
382 3730 496 3799 multo
518 3737 598 3816 post
621 3721 775 3791 reditum
797 3717 948 3806 Legatus
965 3718 1094 3788 missus
1114 3733 1166 3789 est
1215 3686 1351 3744 mmm
1365 3685 1545 3764 “ieiumi

175 3839 223 3915 ad
243 3835 464 3911 Fridericum
491 3826 762 3917 imperatorem,
792 3821 856 3889 ubi
887 3820 983 3890 inter
1003 3816 1166 3890 Medicus
1322 3796 1539 3901 “iissl'lffli'w
1560 3797 1676 3886 '‘titt‘'
1704 3789 1835 3905 36ὼῇ
1855 3799 1905 3878 ζῶ
1926 3800 1978 3864 1⁰²
1997 3801 2083 3903 ,We

177 3934 405 4036 Imperatoris
420 3944 494 4000 erat
511 3927 660 3997 iudaeus
674 3918 784 3993 lehiel
799 3919 937 4002 Loans,
962 3943 1068 4015 qttem
1084 3944 1165 3991 cum
1320 3887 1433 3951 ’,ΜΨ
1450 3884 1594 3971 mim
1613 3906 1892 3971 mmmm
1911 3885 2067 3950 imm

177 4045 312 4117 inillis
348 4033 472 4107 aulicis
504 4026 748 4116 congressibus
778 4023 887 4092 semel
910 4036 1015 4115 atque
1037 4022 1166 4093 iterum
1291 4020 1467 4096 Exulabat
1489 4023 1598 4114 igitur
1618 4020 1774 4115 Capnio,
1798 4021 1859 4093 sed
1879 4022 1916 4089 in
1936 4018 2013 4089 aula
2031 4012 2209 4092 Palatina

173 4146 314 4237 Capnio
330 4136 465 4231 aliquid
479 4133 524 4201 de
536 4131 658 4218 lingua
671 4123 787 4196 Ebrca
804 4125 997 4194 sciscitatus
1011 4135 1111 4206 esset,
1132 4137 1166 4192 et
1216 4141 1303 4198 tnnc
1325 4127 1468 4221 quidem
1487 4125 1656 4210 florente,
1686 4148 1766 4195 cum
1790 4137 1824 4194 et
1844 4118 2019 4212 Principis
2039 4113 2208 4214 Philippi

178 4245 291 4321 lehiel
309 4242 444 4310 videret
464 4257 544 4302 eum
569 4231 711 4298 avidum
731 4249 804 4296 esse
818 4226 896 4295 eius
918 4226 1077 4314 linguae,
1102 4227 1168 4294 ad·
1218 4228 1330 4297 virtus
1351 4227 1486 4317 egregia
1504 4241 1609 4311 essct,
1635 4238 1669 4295 ct
1687 4224 1791 4295 multi
1807 4223 1874 4293 viri
1889 4220 1986 4293 docti
2002 4221 2111 4291 simul
2126 4246 2210 4292 ver·

176 4351 277 4422 misit
301 4366 382 4413 eum
403 4341 442 4406 iu
462 4332 736 4403 familiaritatem
752 4341 788 4396 et
811 4327 997 4415 legationis
1008 4340 1167 4421 tempore
1217 4343 1399 4413 serentur,
1424 4353 1576 4422 quorum
1598 4326 1729 4416 singuli
1753 4349 1896 4418 magnas
1913 4319 2124 4394 Academiae
2147 4347 2210 4393 or·

175 4451 331 4524 fideliter
345 4465 427 4513 eum
440 4437 481 4505 ia
497 4428 736 4503 Grammatica
750 4428 892 4498 erudiit.
924 4424 1087 4498 lliccum
1104 4430 1166 4496 de·
1219 4455 1304 4499 nare
1339 4443 1513 4522 poterant.
1581 4427 1724 4497 Talium
1762 4427 1957 4497 amicorum
1985 4426 2208 4496 consuetudo

178 4550 343 4624 liberatio
358 4553 451 4614 esset
465 4538 502 4606 iu
517 4535 597 4604 astla
614 4534 657 4600 de
668 4553 816 4600 munere
829 4530 948 4597 dando
963 4530 1109 4612 oratori,
1127 4543 1169 4599 ut
1219 4531 1363 4602 exilium
1380 4532 1412 4601 ei
1427 4532 1590 4603 leniebat.
1637 4525 1693 4597 lbi
1707 4541 1742 4599 et
1756 4523 1924 4619 Philippo
1938 4524 2103 4600 Palatino
2115 4521 2210 4618 Epi-

178 4680 255 4726 mos
279 4667 348 4735 est,
369 4639 510 4735 Capnio
538 4659 600 4727 per
617 4630 713 4702 hunc
735 4654 838 4701 suum
856 4628 1065 4720 Magistrum
1087 4654 1168 4721 per·
1219 4648 1338 4704 tomen
1360 4629 1586 4704 historiarum
1609 4629 1823 4719 composuit,
1845 4629 1987 4697 recitata
2009 4626 2101 4696 serie
2127 4650 2209 4696 mo·

178 4757 267 4838 ficit,
298 4768 337 4824 ut
367 4750 562 4818 donaretur
581 4733 713 4806 Codice
734 4729 851 4802 Ebreo
872 4726 1110 4821 pulcherrime
1135 4745 1169 4800 ct
1219 4730 1446 4805 narchiarum
1477 4758 1518 4801 ex
1539 4729 1722 4802 Herodoto
1753 4744 1788 4800 et
1810 4723 2072 4819 Xenophonte,
2105 4740 2143 4796 et
2168 4751 2209 4798 ex

179 4855 404 4943 integerrime
433 4843 588 4934 scripto,
627 4834 828 4911 continente
848 4831 991 4903 Moisen
1012 4846 1049 4903 et
1080 4833 1168 4903 alios
1219 4837 1298 4912 aliis
1322 4837 1426 4907 bouis
1448 4834 1697 4924 scriptoribus,
1729 4831 1798 4924 qui·
1814 4844 1933 4922 postea
1957 4851 2013 4898 res
2036 4826 2211 4900 Macedo-

178 4961 297 5032 libros
323 4945 557 5042 propheticos.
614 4936 816 5010 Delectatus
841 4949 893 5004 est
921 4958 1026 5004 senex
1050 4948 1086 5005 et
1113 4958 1169 5004 sa·
1221 4939 1317 5007 niens
1351 4952 1385 5007 ct
1406 4934 1586 5007 Romanas
1608 4933 1882 5025 descripserunt:
1915 4930 1965 4999 ibi
1985 4932 2211 5002 comoediam

178 5063 281 5156 piens
309 5052 504 5139 imperator
527 5042 645 5113 studio
674 5035 831 5107 hominis
857 5037 1035 5125 genuani,
1062 5037 1168 5106 etad
1220 5039 1375 5130 scripsit,
1399 5035 1536 5128 Capitis
1547 5049 1673 5127 caput,
1698 5031 1948 5127 plenamnign'
1964 5031 2051 5101 salis
2063 5045 2099 5102 et
2111 5055 2211 5105 acer·

176 5178 314 5234 caetera
341 5155 437 5220 dona
465 5143 564 5215 bunc
593 5136 873 5234 prdclrerrirrurm
897 5139 1074 5223 codicem,
1106 5139 1167 5228 qui
1220 5138 1340 5210 biretis
1362 5140 1529 5209 adversus
1552 5132 1786 5220 monachum,
1819 5135 1883 5229 qui
1907 5133 1981 5202 eius
2002 5133 2102 5206 vitae
2123 5135 2211 5204 iusi·

133 5262 136 5266 ’
179 5289 255 5335 non
272 5255 443 5353 potuisset
452 5247 524 5315 cmi
540 5242 703 5315 trecentis
719 5241 846 5320 aurcis,
871 5239 1043 5308 adiunxit.
1085 5237 1169 5308 Fla·
1221 5242 1337 5311 dietus
1361 5263 1446 5315 erar.
1498 5238 1554 5310 lbi
1569 5251 1607 5310 ct
1628 5239 1777 5310 alteram
1792 5234 2011 5306 comoediam
2026 5236 2147 5308 edidit
2159 5237 2214 5306 la·

178 5388 285 5457 grans
301 5360 410 5451 igitur
423 5347 565 5430 studio,
586 5358 623 5414 et
642 5343 790 5433 coguitis
806 5340 1034 5420 rudimentis,
1059 5341 1169 5410 etin.
1220 5341 1341 5413 hulam
1372 5343 1553 5433 gallinam,
1587 5340 1728 5432 plenam
1760 5335 1903 5408 candidi
1933 5334 2036 5427 salic,
2072 5336 2115 5406 iu
2146 5361 2215 5432 qua

182 5479 333 5538 suuntur
350 5455 483 5538 bibliis,
501 5445 662 5543 ipseiem
677 5457 849 5537 quantum
862 5445 944 5517 aula
957 5443 1170 5515 concedebat
1218 5444 1374 5517 forensia
1392 5437 1607 5539 sophismata
1626 5441 1816 5535 praecipue
1834 5449 1941 5513 texet.
1998 5432 2110 5509 Hauc
2131 5462 2216 5512 uar-
