4732 6030
164 333 240 414 666
699 325 859 403 nucu.
892 323 968 400 nn
1000 306 1334 399 66606666
1367 310 1665 392 carnoten
1896 282 1901 295 '
2118 320 2198 394 666

166 507 247 581 1611.
274 502 368 574 'Hic
396 502 426 570 61
449 461 758 572 velim-rhetorico
780 525 879 572 more
902 501 946 570 de
966 498 1154 593 splendore
1204 493 1320 564 rinam
1344 507 1377 564 et
1402 488 1546 561 Annam
1567 477 1765 579 Sophiam,¹
1782 513 1874 582 quae
1893 492 1998 563 unica
2020 476 2219 586 superstes*

164 606 337 680 natalium
367 602 504 684 dicere,
537 616 570 673 et
600 605 644 672 de
671 594 932 675 Cimbricorum
955 600 1094 693 Regum
1121 613 1155 670 et
1205 609 1269 666 est.
1328 593 1462 665 Lucere
1493 606 1609 663 autem
1634 586 1746 660 virtus
1768 591 1943 664 Dominae
1965 594 2003 662 in
2026 596 2192 686 coniugio

163 713 209 779 de
252 701 523 775 Marcbionum¹
548 703 922 796 Brandeburgensium
975 703 1154 789 laudibus,
1201 697 1390 789 praecipue
1418 695 1527 787 cepit,
1560 694 1598 760 in
1626 716 1697 785 quo
1721 716 1800 762 cum
1825 697 1869 764 ad
1893 720 2056 765 normam
2079 697 2193 766 66616-

164 832 270 904 quam
285 809 391 894 longa
407 805 563 876 narratio
576 808 695 876 futura
710 807 822 879 esset?
844 806 922 879 'Sed
938 819 1046 877 totam
1060 799 1153 875 hanc
1201 812 1309 884 stem,
1335 813 1448 869 totum
1467 798 1559 866 vitae
1575 795 1791 864 curriculum
1810 798 1987 887 dirigeret,
2013 791 2106 866 hanc
2123 799 2193 868 sibi

162 924 297 1002 partem
316 920 516 998 praetereo,
542 908 627 999 quia
644 908 710 977 etsi
725 923 777 980 est
787 932 955 1000 magnum
974 911 1078 978 decus
1093 929 1151 994 ge·
1201 898 1303 969 Pauli
1331 900 1486 988 regulam
1516 900 1719 988 proposuit,
1753 901 2043 995 complectentem
2068 922 2191 969 omues

162 1011 258 1081 neris
280 1008 466 1092 nobilitas,
492 1032 598 1101 quam
620 1009 732 1079 161666
755 1010 858 1079 etiarn
881 998 1058 1105 quandam
1079 1030 1157 1076 6666
1199 1002 1278 1092 6166
1300 1015 1483 1072 matronae
1502 1001 1665 1071 virtutes:
1692 1013 1852 1069 servatur
1873 1002 2082 1091 mulierper
2097 1001 2190 1070 1116-

162 1112 305 1182 virtutis
334 1103 626 1190 inchoationem,
653 1123 769 1180 tamen
801 1112 870 1181 alia
900 1125 983 1182 sunt
1012 1110 1150 1179 veriora
1200 1125 1280 1172 rum
1294 1102 1572 1194 generationem,
1598 1104 1627 1171 si
1641 1100 1809 1172 manserit
1822 1102 1860 1171 in
1875 1103 1961 1189 1616,
1985 1103 2188 1188 dilectione,

161 1223 382 1282 ornamenta.
435 1207 569 1282 Didicit
584 1211 702 1281 literas
719 1226 753 1283 et
766 1212 937 1282 sinceram
954 1211 1149 1282 doctrinam
1199 1206 1382 1276 sanctitate
1399 1217 1432 1273 et
1448 1203 1628 1286 modestia.

161 1316 207 1384 de
222 1312 298 1383 Deo
319 1324 353 1381 et
374 1311 448 1379 filio
467 1312 561 1391 eius,
586 1306 744 1382 Domino
761 1327 883 1384 nostro
902 1313 981 1384 lesu
996 1307 1150 1396 Christo,
1302 1305 1461 1375 Primum
1474 1319 1567 1375 recte
1581 1304 1798 1395 intelligebat
1809 1306 1902 1377 vitae
1914 1330 2036 1398 genus,
2062 1305 2100 1374 in
2116 1330 2187 1399 quo

162 1428 199 1485 61
222 1412 342 1482 omnia
364 1412 527 1481 exercitia
551 1412 709 1504 pietatis,
747 1429 781 1485 et
804 1416 958 1485 aliarum·
976 1414 1148 1485 virtutum
1199 1419 1292 1478 erat:
1314 1405 1683 1494 sciebatconiugium,
1705 1422 1740 1479 et
1753 1432 1957 1489 aerumnas,
1983 1431 2071 1502 quas
2085 1431 2187 1477 sexus

161 1514 296 1605 optima
309 1511 497 1602 disciplina
512 1514 702 1584 assuefacta
719 1528 781 1601 est,
801 1517 884 1586 inde
899 1540 1011 1609 usque
1026 1538 1046 1585 6
1061 1536 1151 1606 pue·
1198 1509 1383 1578 muliebris
1404 1507 1442 1577 in
1465 1521 1568 1600 partu
1590 1521 1623 1578 et
1648 1508 1863 1596 educatione,
1877 1511 2010 1579 sobolis
2027 1510 2188 1594 sustinet,

161 1616 263 1699 ritia,
296 1627 481 1704 parentum
505 1614 698 1704 diligentia.
750 1613 912 1712 Cumque
933 1641 1008 1687 non
1033 1615 1149 1685 solum
1197 1607 1274 1680 Deo
1296 1611 1453 1702 placere,
1476 1610 1535 1678 sed
1557 1611 1644 1679 adeo
1667 1609 1751 1681 addi
1775 1625 1938 1702 oportere
1955 1611 2102 1682 virtutes
2119 1635 2187 1680 ne·

160 1715 318 1787 studiose
342 1706 481 1784 audiret
502 1717 666 1791 docentes
688 1716 727 1786 iu
751 1715 925 1804 Ecclesia,
959 1716 1149 1789 sedetiam
1200 1713 1382 1792 cassanias,
1415 1710 1570 1802 primum
1589 1710 1717 1796 fidem,
1747 1712 1877 1781 deinde
1900 1724 2062 1782 caeteras.
2115 1711 2186 1782 Ar·

161 1816 275 1887 libros
305 1815 479 1886 divinitus
506 1816 610 1887 nobis
640 1821 924 1902 commendatos,
954 1818 1102 1909 scriptos
1130 1839 1149 1884 a
1198 1814 1304 1902 debat
1326 1825 1442 1881 autem
1466 1813 1503 1879 in
1518 1823 1659 1901 pectore
1681 1813 1755 1881 eius
1771 1813 1852 1882 fidei
1868 1813 1990 1883 lumen
2006 1815 2095 1883 adeo
2110 1836 2186 1881 nou

160 1911 350 2007 Prophetis
364 1931 398 1986 61
407 1912 599 2008 Apostolis,
620 1932 654 1989 et
666 1921 887 1990 eruditorum
900 1919 1150 2009 explicationes
1198 1914 1406 1993 obscurum,
1445 1924 1486 1980 61
1511 1911 1549 1979 16
1575 1913 1810 2002 professione,
1843 1914 1961 1984 studio
1992 1914 2186 1994 doctrinae,

160 2017 237 2108 ipsa
260 2018 392 2105 legeret
415 2018 634 2103 avidissime,
666 2041 840 2090 summam
864 2019 1046 2089 doctrinae
1070 2041 1150 2087 coe·
1199 2013 1238 2082 in
1253 2012 1391 2081 assidua
1408 2010 1726 2098 invocationeDei,
1749 2013 1787 2082 in
1804 2016 2032 2084 moderandis
2045 2040 2187 2085 moero-

159 2118 258 2188 lestis
273 2118 321 2187 ita
336 2132 453 2188 mente
467 2118 645 2209 complexa
662 2134 714 2191 est
728 2121 921 2211 integram,
945 2134 985 2192 ut
1001 2142 1149 2189 consen·
1198 2115 1300 2184 ribus
1320 2127 1355 2183 61
1379 2114 1564 2183 6611666616
1588 2114 1699 2184 animi
1722 2116 1919 2186 constantia
1937 2116 2030 2186 clare
2044 2118 2186 2207 conspi-

160 2241 241 2288 sum
266 2213 469 2288 Catholicae
491 2216 668 2290 Ecclesiae
691 2235 828 2302 nosset,
854 2235 889 2292 et
911 2245 993 2291 vero
1016 2219 1148 2290 iudicio
1198 2227 1347 2287 ceretur.
1404 2212 1478 2284 Neo
1503 2226 1640 2285 tantum
1671 2216 1879 2287 ceremoniis
1909 2241 1971 2289 seu
1995 2217 2185 2308 tragoediis

160 2341 202 2388 66
228 2331 302 2388 1616
332 2332 473 2409 pectore
501 2321 786 2412 amplecteretur,
819 2322 962 2392 6116166
985 2325 1149 2412 dogmata
1199 2316 1336 2386 6616161
1348 2313 1484 2400 Deum,
1510 2319 1571 2386 6661
1592 2317 1684 2387 66616
1704 2318 1841 2394 6116116.
1892 2316 2072 2389 Audiebat
2096 2344 2186 2411 quo-

160 2440 236 2489 non
264 2419 379 2486 solum
411 2420 547 2489 erudite
578 2423 767 2508 refutaret,
797 2423 857 2492 sed
889 2424 997 2495 etiam
1023 2423 1150 2492 acriter
1198 2417 1285 2489 tidie
1325 2417 1583 2487 enarrationem
1620 2418 1803 2488 6166161666
1834 2420 2010 2502 666166116,
2048 2420 2186 2509 legebat

161 2533 397 2611 aversaretur:
423 2520 561 2612 luitque
582 2524 676 2614 apud
699 2539 833 2615 patrem
858 2537 892 2597 et
914 2526 1059 2596 fratrem
1074 2521 1149 2594 Re-
1199 2521 1294 2609 ipsa,
1328 2518 1521 2588 disserebat
1545 2542 1625 2588 curn
1649 2517 1816 2610 Principe
1836 2520 1881 2589 de
1900 2521 2098 2612 praecipuis
2120 2522 2187 2589 do-

160 2642 221 2710 ges
241 2619 477 2688 sanctissimos
499 2622 690 2709 monitrix,
720 2638 760 2695 61
781 2648 873 2706 666,
902 2649 986 2696 vera
1011 2639 1149 2697 etcon-
1198 2621 1331 2690 6161666
1353 2619 1533 2690 membris.
1583 2617 1657 2690 Nec
1682 2643 1782 2689 more
1795 2621 1994 2690 academico
2011 2620 2187 2714 quaslibet
2243 2666 2249 2679 ·

159 2721 315 2792 sentiens
341 2721 544 2791 docentium
568 2749 636 2793 vox
661 2738 747 2796 esset
769 2727 808 2795 in
831 2721 1017 2812 Ecclesiis,
1046 2739 1080 2799 et
1103 2749 1149 2794 ne
1198 2720 1384 2812 opiniones
1405 2721 1462 2789 vel
1481 2720 1706 2806 admittebat,
1731 2723 1788 2790 vel
1808 2721 2021 2803 mirabatur,
2047 2737 2087 2792 ut
2109 2744 2187 2790 mos

160 2823 261 2892 locus
281 2822 476 2909 erroribus,
502 2823 565 2915 qui
580 2837 663 2893 tunc
679 2827 807 2914 passim
823 2828 991 2899 fanaticas
1005 2827 1149 2919 opinio·
1198 2836 1249 2911 661
1271 2822 1402 2891 levium
1423 2821 1664 2911 ingeniorum,
1688 2834 1752 2892 aut
1766 2823 2001 2894 curiosorum:
2026 2825 2087 2893 6661
2101 2823 2186 2893 661-

160 2933 225 2993 666
242 2924 466 3014 spargebant,
488 2924 751 2999 concederetur,
1198 2947 1368 2994 ramesse
1391 2946 1531 3008 veram,
1556 2936 1761 3014 perpetuam
1784 2938 1818 2994 et
1838 2923 2021 2994 immotam
2045 2927 2088 2994 616
2103 2920 2180 2994 Deo

262 3022 363 3094 Sicut
393 3023 479 3090 olim
503 3017 698 3090 Theodosii
727 3024 949 3115 imperatoris
971 3026 1043 3094 filia
1065 3023 1149 3096 Pla·
1199 3024 1407 3100 sententiam
1429 3025 1674 3108 adseverabat,
1699 3046 1790 3116 quae
1809 3024 2007 3096 illustribus
2023 3025 2186 3096 16611666·-

159 3124 254 3196 616116
276 3121 378 3191 166161
395 3119 551 3191 Arcadio
572 3123 742 3193 monitrix
764 3125 832 3196 1611
852 3127 897 3194 de
914 3125 1067 3218 puritate
1084 3127 1149 3195 do·
1198 3126 1269 3194 niis
1291 3125 1327 3191 in
1343 3120 1500 3193 Ecclesia
1522 3126 1691 3215 patefacta
1713 3138 1776 3198 est.
1828 3123 1931 3196 Η666
1945 3141 2095 3219 utraque
2109 3150 2185 3194 ma-

160 3223 295 3295 6161666
317 3222 520 3308 6611666616,
544 3236 577 3293 61
599 3237 717 3318 postea
738 3223 918 3296 Martiano
943 3227 1149 3320 imperatori
1198 3250 1269 3311 nu,
1294 3224 1365 3294 imo
1380 3237 1453 3294 toto
1471 3239 1630 3315 pectore,
1655 3224 1944 3315 amplectebatur.
1994 3224 2098 3296 Hanc
2112 3227 2184 3295 dis-

144 3320 355 3407 'hortatrix,
377 3324 422 3392 de
444 3325 579 3416 synodo
602 3320 886 3397 chalcedonensi
909 3329 1148 3402 convocanda.
1198 3328 1363 3398 cernebat
1394 3327 1440 3396 ab
1467 3319 1616 3395 ethnicis
1639 3338 1675 3395 et
1696 3324 1776 3394 aliis
1801 3326 2046 3420 opinionibus:
2079 3321 2186 3397 huius

160 3422 236 3494 Nec
264 3423 480 3493 voluntatem
507 3418 600 3494 hanc
619 3438 653 3496 61
676 3451 797 3496 curam
818 3427 1024 3499 retinendae
1047 3429 1148 3521 puri·
1198 3427 1409 3523 cogitatione
1430 3448 1467 3494 se
1486 3427 1531 3496 ad
1551 3426 1811 3496 invocationem
1833 3441 1868 3496 et
1883 3430 1927 3497 ad
1945 3428 2094 3497 aliarum
2111 3429 2186 3496 vir·

140 3523 635 3617 Ι161166166161666666666666
667 3528 848 3618 deposuit,
884 3531 945 3599 sed
974 3529 1147 3600 iudicium
1196 3526 1696 3600 16166661161666666116161.
1747 3524 1912 3621 Denique
1926 3524 2019 3597 hanc
2035 3529 2186 3599 ducebat

160 3626 257 3695 idern
279 3619 373 3694 haud
399 3625 507 3694 dubie
523 3627 567 3694 ad
591 3625 830 3696 dulcissimam
846 3626 915 3697 Dei
931 3640 964 3698 et
980 3629 1047 3697 1111
1061 3629 1148 3709 6166,
1198 3652 1280 3698 vere
1298 3649 1433 3695 sacram
1455 3649 1620 3697 ancoram
1642 3650 1724 3696 esse¹
1737 3627 1906 3698 omnibus
1927 3628 2126 3699 actionibus
2150 3644 2185 3701 et

160 3720 420 3816 Prophetarum
443 3748 483 3794 ac
498 3723 772 3816 Apostolorum,
799 3725 955 3813 Mariae,
979 3723 1097 3814 Evae,
1115 3741 1150 3798 61
1197 3727 1373 3819 6661666116.

161 3839 282 3897 666166
316 3824 475 3895 666166116
508 3827 667 3894 66166661
697 3829 989 3899 consuetudinem
1018 3829 1149 3903 attulit.
1299 3824 1385 3896 Fuit
1394 3826 1757 3898 autemintercaetera
1767 3828 1965 3898 testimonia
1975 3828 2054 3899 fidei
2066 3829 2186 3921 ipsius,

161 3922 254 3998 Cum
277 3926 387 4017 igitur
407 3924 561 4020 inclytus
575 3924 746 4019 Princeps
762 3942 899 4014 noster,
925 3915 1151 4021 comperisset
1198 3923 1267 3997 hoc
1288 3949 1448 4019 quoque,
1474 3927 1570 4016 qrrod
1594 3927 1724 3998 eximio
1748 3928 1866 3997 studio
1887 3925 2098 4000 Academiae
2119 3956 2186 4001 no-
2312 3958 2318 3970 ·

161 4027 321 4095 indolem
349 4049 423 4096 esse
454 4027 491 4095 in
523 4051 562 4096 ea
587 4028 822 4118 praeclaram,
851 4053 967 4100 mores
986 4031 1150 4123 optimos,
1199 4041 1291 4098 strae
1321 4025 1611 4096 constitutionem
1643 4042 1678 4099 61
1706 4030 2009 4099 conservationem
2038 4032 2187 4107 adiuvit.

162 4126 382 4217 agnitionem
409 4139 444 4197 et
470 4126 732 4199 invocationem
753 4128 823 4202 Dei
851 4153 992 4216 veram,
1023 4131 1149 4201 66616-
1199 4126 1247 4200 111
1278 4129 1323 4197 661
1353 4126 1421 4196 6116
1447 4127 1559 4199 multa
1584 4129 1752 4199 16661616
1776 4125 1843 4200 166
1865 4133 2019 4204 addidit:
2054 4132 2184 4203 Decem

163 4227 261 4317 gium
283 4226 360 4296 eius
380 4239 415 4297 et
434 4227 496 4318 pio
520 4229 670 4300 consilio
692 4231 880 4321 expetivit,
905 4244 939 4302 et
956 4232 1149 4324 assentien-
1200 4229 1500 4313 adolescentibus,
1540 4230 1601 4321 qui
1633 4230 1672 4298 in
1702 4231 1847 4300 familiis
1874 4233 2057 4303 nobilibus
2087 4250 2187 4305 erant
2300 4292 2313 4301 .

162 4329 259 4399 tibus
289 4341 386 4417 patre
416 4324 513 4417 Rege
540 4326 696 4416 Daniro,
741 4344 777 4402 et
804 4332 1020 4422 gravissimis
1050 4333 1149 4420 regni
1200 4333 1295 4416 nati,
1319 4330 1536 4400 discentibus
1558 4330 1675 4401 literas
1697 4334 1857 4424 praebuit
1874 4347 2034 4424 sumptus
2051 4338 2095 4404 de
2111 4358 2188 4420 suo,

162 4428 404 4522 principibus,
429 4428 602 4503 obtinuit:
631 4431 738 4503 Venit
752 4433 861 4522 igitur
874 4435 966 4524 regis
981 4435 1053 4504 filia
1071 4435 1150 4504 Do·
1201 4433 1252 4501 eis
1279 4445 1539 4523 praeceptorem
1569 4455 1631 4503 sua
1653 4435 1801 4525 pecunia
1824 4436 2006 4527 praeierit:
2038 4460 2127 4530 quos
2147 4451 2187 4507 ut

162 4525 308 4612 rothea,
333 4532 377 4599 661
392 4527 579 4600 Albertum
592 4528 838 4604 Marchionem
853 4533 1151 4626 Brandeburgen-
1201 4535 1245 4603 ad
1273 4534 1480 4603 discendum
1512 4533 1698 4620 invitaret,
1730 4550 1764 4607 et
1791 4537 1908 4606 studia
1937 4559 2039 4628 saepe
2058 4537 2186 4628 inspici

163 4654 258 4717 sem,
280 4629 517 4700 Borussorum
538 4629 694 4717 Ducem,
720 4651 793 4706 non
815 4649 856 4708 ut
872 4630 995 4707 Thetis
1020 4638 1063 4705 ad
1083 4635 1150 4706 Pe-
1201 4635 1357 4718 curavit,
1382 4648 1416 4704 et
1432 4657 1533 4724 saepe
1547 4634 1663 4702 missis
1678 4659 1720 4704 ex
1734 4638 1921 4707 venatione
1937 4661 1977 4706 ac
1993 4639 2188 4727 piscatione

163 4734 260 4803 leum
286 4726 466 4823 Delphino
489 4745 607 4816 vecta,
640 4730 833 4806 Nereidum
859 4737 1062 4807 comitatum
1087 4740 1149 4807 ad·
1201 4735 1409 4806 muneribus
1436 4735 1695 4804 commonefieri
1722 4737 2056 4810 616611616166611.
2089 4737 2188 4810 Con-

164 4835 316 4919 ducens,
341 4836 401 4904 sed
424 4833 574 4903 afferens
595 4833 669 4902 6661
683 4831 752 4905 Dei
765 4838 981 4927 agnitionem
998 4852 1031 4910 61
1047 4838 1151 4909 1666-
1201 4835 1349 4907 61661161
1381 4848 1492 4905 mater
1519 4848 1553 4904 et
1582 4837 1671 4905 aliae
1701 4838 1833 4906 multae
1863 4834 2025 4909 heroides
2054 4835 2185 4932 templa

163 4935 359 5020 ontionem,
385 4948 420 5004 et
443 4934 603 5003 omnium
624 4935 772 5005 aliarum
798 4939 968 5011 virtutum
990 4936 1151 5025 chorum,
1202 4937 1458 5017 condiderunt,
1492 4950 1526 5005 et
1556 4951 1674 5007 coetus
1706 4939 1943 5009 adiunxerunt
1973 4943 2188 5028 canentium,

162 5060 372 5128 summaque
390 5037 578 5105 concordia
601 5050 635 5107 et
651 5049 775 5107 mutuo
791 5062 911 5109 amore
925 5066 1005 5111 cum
1021 5042 1150 5112 marito
1202 5040 1264 5133 qui
1289 5051 1323 5108 et
1346 5037 1413 5125 ipsi
1440 5033 1501 5131 (ut
1521 5059 1585 5126 ego
1607 5036 1779 5135 arbitror)
1805 5038 1910 5110 initio
1925 5035 2124 5111 scholarum
2141 5046 2189 5111 si·

163 5159 277 5230 usque
300 5140 343 5206 ad
368 5149 561 5207 extremum
579 5137 742 5229 spiritum
759 5137 845 5208 vixit
861 5164 972 5211 annos
986 5166 1099 5213 unum
1118 5157 1152 5214 et
1201 5139 1491 5235 miles-luerunt:
1525 5152 1662 5229 postea,
1695 5155 1735 5211 ut
1762 5143 1872 5210 multa
1902 5144 1996 5213 bona
2017 5142 2190 5228 instituta,

167 5238 304 5328 viginti.
363 5236 436 5308 Nec
460 5239 528 5309 1611
552 5240 784 5321 infoecunda,
816 5243 875 5309 sed
903 5243 1036 5331 peperit
1059 5244 1151 5314 lilios
1200 5240 1369 5332 paulatim
1392 5239 1533 5329 ignavia
1554 5235 1740 5310 hominum
1757 5257 2054 5336 corrumpuntur,
2074 5245 2189 5312 studia

163 5339 274 5425 duos,
298 5363 424 5431 nempe
447 5338 635 5412 Alberturn
660 5354 693 5411 et
710 5338 928 5412 Fridericum
946 5341 1150 5415 Albertum:
1200 5343 1383 5412 literarum
1406 5345 1541 5411 deserta
1564 5354 1667 5428 sunt,
1689 5359 1723 5413 et
1741 5345 1866 5414 umbra
1890 5346 2036 5429 mansit,
2062 5343 2190 5412 6161611-
2242 5346 2249 5357 ’

162 5439 255 5512 filias
274 5441 358 5512 item
375 5455 545 5537 quatuor,
569 5442 735 5527 Luciam,
759 5439 995 5531 Dorotheum,
1020 5440 1152 5516 Callia·
1200 5458 1255 5515 cet
1274 5444 1408 5514 rituum
1430 5443 1641 5516 observatio.
1692 5443 1746 5516 Ac
1767 5445 1944 5516 recentior
1967 5456 2062 5514 aetas
2076 5445 2190 5517 multa
