4732 6030
1002 59 1025 69 μυ
1047 54 1117 67 ...υ-υ
1138 54 1164 63 ,ι-
1198 50 1226 59 --—
1506 38 1509 42 '
1592 26 1616 34 ¹⁶
1634 24 1638 29 ¹
1678 32 1784 57 1..,,,,,-
1818 32 1821 37 -
1886 23 1889 26 “

267 96 901 141 *afflue-autfid-

5 146 29 159 ρ..
71 140 134 155 *7¹*
146 138 165 145 ·“
177 134 225 149 --—‘
239 134 249 147 '-

255 273 331 348 548
740 284 742 288 “
814 260 976 332 DECL.
1026 258 1102 332 DE
1135 258 1287 334 ODIO
1323 257 1734 338 SOPHISTICES.
2219 276 2300 353 544

259 444 453 522 ducibilius
479 437 544 506 tibi
567 433 741 517 offendes,
775 434 883 502 modo
902 433 1048 521 dignum
1070 434 1146 503 eius
1161 431 1251 501 Pro·
1302 433 1401 500 dium
1419 433 1507 500 illud
1525 432 1784 501 nobilissimum
1810 437 1893 504 satis
1915 441 2095 512 consecuti
2111 443 2300 519 fuerimus:

258 556 428 624 sessorem
452 554 485 609 te
506 529 682 605 exhibeas.
740 533 832 602 Nam
861 536 891 602 si
920 557 1030 622 nugas
1061 535 1117 603 vel
1139 536 1252 603 aniles
1277 596 1280 609 ,
1302 534 1517 622 subiungere
1537 549 1715 625 postremo
1738 539 1894 621 deceret,
1918 563 2027 630 quam
2049 557 2185 615 certum
2202 548 2301 620 futu-

261 652 429 750 quasdam
446 637 673 709 delirationes
695 637 841 706 sectanti
860 661 965 706 nemo
980 637 1046 706 tibi
1062 637 1166 706 fidem
1186 632 1252 705 ha·
1276 615 1279 670 l
1303 659 1361 703 rae
1377 636 1654 705 inuoortalitatis
1668 638 1815 728 pignus,
1841 638 1975 733 inclyta
1993 640 2211 718 Venetorum
2234 655 2302 723 do-

260 759 358 830 beat‚
385 767 458 813 non
471 741 539 809 arti
555 763 645 831 quae
662 739 701 805 in
717 750 750 808 te
765 761 840 807 non
856 752 926 817 est,
951 763 1073 807 verum
1091 739 1251 827 ignaviae
1301 736 1469 822 minatio,
1502 735 1666 807 Patavini
1689 762 1830 831 quoque
1846 742 1939 810 cives
1963 745 2202 840 antiquissimi
2217 778 2298 843 per.

259 873 341 929 tuae
370 844 620 936 imputandum
650 863 791 909 censeo:
833 841 961 930 dignus
984 842 1079 909 enim
1103 864 1158 923 es,
1190 840 1252 932 qui
1302 840 1451 928 cipient,
1479 840 1507 907 si
1530 841 1773 908 conditionem
1800 838 2053 918 astronomiae
2075 850 2301 944 frequentius

259 952 419 1028 lubidrio
436 942 615 1026 habearis,
641 946 726 1011 dum
741 943 797 1011 vix
814 943 926 1034 prima
938 944 1138 1012 rudimenta
1148 941 1252 1010 loan-
1302 942 1487 1028 legendae,
1515 966 1604 1031 quae
1621 966 1709 1032 pene
1724 943 1876 1014 extincta
1893 960 1962 1029 est,
1988 948 2028 1017 in
2041 944 2109 1022 hoc
2122 957 2302 1026 excellen-

259 1060 317 1129 nis
338 1057 382 1124 de
407 1051 515 1120 Sacro
535 1043 646 1114 Busto
670 1068 897 1134 percurrens,
931 1045 1090 1136 pauculis
1108 1047 1252 1113 demum
1301 1042 1437 1110 tissima
1452 1045 1571 1111 studio
1587 1045 1840 1133 reparaverint.
1891 1046 1962 1117 Sed
1981 1073 2027 1118 ne
2044 1053 2177 1124 diutius
2192 1058 2300 1131 libito

262 1153 437 1233 Alkabitii
453 1147 658 1240 primordiis
674 1147 916 1230 introductus,
950 1170 1066 1238 neque
1083 1146 1253 1215 differen-
1304 1143 1553 1225 detineamini,
1579 1146 1685 1214 missa
1708 1142 1840 1216 isthaec
1862 1149 1960 1234 faxo,
1994 1154 2038 1221 ad
2062 1156 2192 1226 calcem
2215 1184 2301 1229 ora.

261 1265 347 1335 tiam
372 1257 447 1323 cius
469 1263 658 1341 quartam,
682 1249 745 1316 ubi
761 1249 925 1339 scopulus
941 1249 1177 1317 directionum
1199 1260 1253 1316 at·
1303 1245 1412 1314 tionis
1429 1271 1534 1337 quam
1552 1247 1706 1337 primum
1725 1250 1967 1322 descensurus.
2020 1253 2111 1325 Nam
2126 1259 2300 1353 quicquid

262 1387 331 1459 que
354 1352 591 1427 radiationum
618 1348 848 1439 prospicitur,
881 1351 964 1419 satis
987 1350 1178 1437 attingens,
1212 1373 1253 1416 cx
1304 1347 1480 1417 eiusmodi
1495 1371 1613 1416 rerum
1634 1365 1831 1420 memoratu
1852 1352 1998 1441 dignum
2018 1358 2217 1446 videbitur,
2241 1363 2298 1434 lu·

261 1462 394 1554 templo
419 1455 675 1525 Astronomum
702 1465 736 1520 te
758 1453 962 1541 proclames.
1020 1450 1094 1521 Hui
1121 1451 1254 1519 ridicu·
1305 1451 1392 1518 turis
1411 1451 1684 1519 accommodabo
1700 1452 1922 1522 lectionibus.

261 1571 337 1638 lum
353 1572 466 1652 capnt.
519 1550 555 1623 Ο
570 1575 680 1640 genus
695 1548 881 1622 hominum
897 1553 1255 1645 impudentissimum,
1403 1548 1697 1640 Expergiscimini
1712 1554 1820 1642 igitur
1835 1555 1904 1623 viri
1924 1563 2238 1650 praestantissimi,
2263 1580 2296 1634 et

261 1669 324 1763 qui
342 1668 427 1733 dum
445 1658 525 1727 aliis
537 1679 610 1723 sese
625 1668 823 1738 ostentant,
848 1655 1013 1723 inertiam
1028 1679 1126 1724 suam
1137 1654 1253 1745 palam
1304 1675 1368 1740 pro
1391 1668 1506 1724 vestra
1532 1654 1667 1743 ingenti
1689 1658 1950 1744 perseverantia
1969 1658 2105 1746 favete,
2137 1679 2177 1734 ut
2200 1669 2295 1736 unde

262 1767 430 1842 omnibus
445 1758 675 1851 prostituunt.
730 1755 821 1843 Quis
836 1759 953 1825 credet
969 1781 1028 1824 eos
1044 1754 1255 1847 persomnia
1304 1768 1379 1822 orta
1398 1755 1481 1837 fuit,
1505 1757 2108 1834 eodemnostrarevertaturoratio.
2162 1765 2297 1838 Videor

263 1870 456 1967 quaedam,
482 1874 520 1930 ut
542 1860 590 1927 ita
612 1858 757 1950 loquar,
788 1853 881 1926 hanc
904 1871 1014 1926 artem
1039 1855 1255 1948 preciosissi-
1305 1858 1468 1947 equidem
1493 1870 1571 1946 post
1592 1859 1757 1946 pauculas
1779 1859 2002 1932 definitiones
2023 1877 2128 1956 atque
2143 1866 2294 1937 divisio-

262 1996 356 2042 mam
388 1988 461 2036 esse
490 1960 718 2031 consecutos?
765 1983 870 2052 quam
903 1959 1025 2028 multis
1065 1959 1254 2028 sudoribus
1305 1980 1385 2039 nes,
1411 1958 1605 2046 primordia
1623 1973 1822 2029 nostrarum
1840 1963 1970 2031 artium
1992 1987 2296 2051 commemorasse,

263 2067 518 2155 nocturnisque
533 2062 664 2149 vigiliis
678 2062 736 2129 vix
753 2065 895 2130 tandem
913 2061 1104 2130 inveniunt
1118 2059 1254 2130 studio-
1305 2059 1434 2150 quibus
1463 2060 1625 2147 gentibus
1660 2062 1813 2151 primum
1844 2078 2029 2134 veneratae
2054 2067 2144 2152 sint,
2169 2083 2204 2140 et
2222 2096 2294 2163 quo

263 2171 403 2246 sissimi.
456 2165 524 2234 Sed
543 2186 603 2251 spe
620 2163 735 2230 dolosi
752 2162 890 2230 nummi
907 2164 1090 2250 deceptos,
1122 2161 1255 2249 garrire
1304 2173 1405 2250 pacto
1422 2185 1461 2230 ex
1477 2162 1607 2249 linguis
1619 2163 1823 2253 peregrinis,
1848 2167 1891 2233 ad
1903 2164 2051 2237 Latinos
2064 2172 2209 2240 tandem
2224 2187 2294 2242 tra-

262 2275 357 2364 cogit
373 2294 428 2339 res
443 2277 588 2354 angusta
607 2263 716 2330 donni.
769 2262 891 2355 ltaque
906 2261 1159 2351 Magistrorum
1176 2261 1254 2329 otfi-
1305 2264 1428 2330 ductae
1446 2263 1626 2344 venerint,
1652 2265 1803 2333 transitu
1818 2268 1973 2357 quodam
1996 2272 2150 2360 tetigisse
2168 2298 2222 2342 me
2237 2299 2295 2343 ar-

262 2379 328 2448 ciis
351 2395 424 2442 sese
446 2368 632 2454 ingerunt,
666 2363 727 2454 qui
752 2389 936 2457 nunquam
958 2366 1056 2433 fuere
1076 2361 1254 2453 discipuli.
1304 2363 1429 2434 bitror.
1482 2362 1675 2438 Generales
1691 2369 1853 2451 demum,
1878 2392 1954 2437 non
1970 2389 2118 2463 quantas
2132 2399 2294 2464 pronum

263 2477 346 2567 Quo
368 2472 551 2556 deinceps,
583 2464 653 2530 nisi
675 2488 731 2532 me
750 2465 842 2536 fallit
861 2467 1019 2549 animus,
1042 2465 1254 2543 factumest,
1304 2466 1396 2532 ciare
1413 2465 1532 2554 potui,
1559 2470 1618 2536 scd
1636 2492 1723 2560 quas
1737 2471 1898 2557 angustia
1912 2475 2079 2563 temporis
2089 2477 2190 2556 tulit,
2213 2478 2294 2547 lau.

169 2648 174 2658 ,
262 2593 301 2652 ut
322 2576 420 2645 nitor
439 2567 547 2638 huius
568 2565 1007 2656 disciplinaevenerabilis
1030 2590 1119 2657 pene
1140 2566 1254 2635 extin-
1303 2569 1365 2635 des
1389 2567 1576 2658 disciplina
1599 2571 1728 2639 nostris
1748 2571 1901 2640 absolvi:
1936 2597 2002 2643 nec
2028 2579 2126 2668 prius
2156 2579 2294 2670 quievit

262 2696 339 2751 ctus
361 2676 420 2744 sit:
458 2672 546 2738 adeo
578 2666 658 2734 falsi
680 2664 918 2749 Professores,
950 2668 1079 2737 melius
1104 2667 1252 2736 dixerim
1304 2668 1460 2751 animus,
1495 2695 1601 2760 quam
1625 2672 1783 2741 divinam
1816 2688 1989 2745 astrorum
2024 2680 2186 2769 peritiam
2218 2681 2294 2749 sin-

262 2779 469 2855 histriones,
509 2793 585 2838 eam
615 2784 880 2858 oppresserunt:
921 2771 1051 2860 quibus
1084 2792 1254 2858 saepenu-
1302 2769 1418 2856 gulari
1446 2774 1634 2860 praeconio
1662 2774 1882 2844 extollerem:
1922 2781 2124 2869 etquidem
2152 2782 2291 2853 merito.

260 2906 379 2964 mero,
405 2877 435 2944 si
452 2876 620 2943 lacessere
641 2884 805 2960 pergent,
830 2872 965 2941 bellum
982 2887 1080 2942 atrox
1103 2869 1253 2960 intrepi·
1303 2869 1406 2938 Nunc
1423 2872 1600 2962 reliquum
1623 2890 1692 2953 est,
1723 2877 1952 2966 Alfraganum
1970 2878 2143 2970 insignem
2161 2878 2291 2951 Astro-

260 2981 451 3055 dusciebo,
1303 2973 1442 3040 nomiae
1470 2969 1677 3047 historicum
1699 2979 1744 3047 ad
1768 2979 1892 3050 limina
1922 2983 2048 3053 domus
2074 3009 2147 3054 uno
2178 2986 2289 3054 verbo

362 3079 457 3151 Ante
482 3075 603 3145 oculos
621 3073 731 3162 igitur
754 3099 892 3144 causam
916 3068 1072 3158 habetis,
1098 3097 1162 3143 cur
1186 3075 1250 3142 do·
1302 3076 1504 3149 salutemus.

261 3208 348 3256 num
372 3180 463 3249 illud
486 3175 742 3244 inaestimabile
763 3177 864 3245 flocci
888 3178 1081 3265 pendatur,
1109 3200 1172 3245 cur
1187 3170 1252 3243 hac

260 3300 382 3358 nostra
402 3288 605 3366 tempestate
629 3277 788 3344 coelestis
808 3279 867 3345 illa
891 3278 1077 3367 disciplina
1101 3300 1252 3368 perpau-
1310 3313 1444 3323 --Μ

260 3391 312 3461 cis
332 3384 462 3475 sapiat,
492 3402 572 3446 cum
597 3377 707 3444 ferme
730 3401 852 3445 omnes
874 3379 974 3468 quasi
996 3379 1135 3466 agmine
1149 3379 1253 3461 facto,

260 3488 404 3561 divitias
440 3478 658 3575 quaeritent,
700 3479 810 3565 magis
840 3493 880 3549 ut
911 3479 1023 3547 instar
1054 3480 1250 3547 belluamm
1300 3471 1366 3541 No.
1390 3471 1451 3542 67.
2084 3509 2133 3554 sn.
2167 3493 2263 3560 1541.

259 3589 379 3662 ventri
398 3583 623 3669 indulgeant,
649 3603 756 3670 quam
775 3581 905 3650 virtute
923 3581 1095 3672 bonisque
1117 3580 1252 3649 artibus
1303 3569 1427 3592 W*
2070 3575 2286 3618 Μ

247 3687 561 3763 immortalitatem
577 3695 850 3773 consequantur,
871 3677 962 3749 nihil
977 3696 1114 3773 praeter
1125 3705 1251 3750 aurum
1541 3673 1617 3758 De
1646 3668 1750 3758 odio
1772 3675 2044 3787 80pftistices.

258 3817 365 3866 suave
378 3790 569 3860 credentes.
622 3781 761 3853 Interea
777 3796 895 3853 tamen
910 3785 994 3852 boni
1017 3784 1251 3875 praeceptoris
1368 3842 1473 3896 Prodite
1492 3845 1560 3898 haec
1585 3847 1672 3898 orario
1704 3847 1793 3902 vm
1815 3842 1892 3901 1541·
1916 3849 1942 3906 3·
1978 3851 2049 3920 ιρι.
2089 3854 2133 3907 οἱ
2153 3855 2288 3917 scrobem

258 3893 407 3990 penuria
427 3888 503 3958 heri
527 3898 661 3978 potest,
693 3911 764 3979 quo
785 3888 904 3956 minus
921 3887 965 3954 ad
988 3887 1248 3977 plenitudinem
1402 3912 1676 3970 b;,1„,1,‚M,1,„,g
1689 3934 1736 3969 no.
1750 3916 1812 3970 240·
1824 3943 1859 3981 τ
1894 3916 1995 3974 Bm„
2010 3924 2039 3975 in
2053 3923 2204 3981 „edm
2220 3929 2254 3984 T·
2266 3934 2290 3991 1.

249 4001 496 4093 ‘perducantur
521 3984 627 4057 huius
649 3989 735 4058 artis
758 4005 949 4071 amatores,
986 3989 1124 4058 tametsi
1151 3988 1250 4075 inge·
1402 4001 1428 4052 Ρ·
1442 3982 1494 4034 ⁶⁰⁴
1506 4001 1579 4053 'tto
1603 3985 1630 4037 ⁵¹¹
1644 3985 1761 4041 servasi.
1776 3987 1798 4039 1.
1812 4005 1838 4056 Ρ·
1852 3986 1956 4065 ⁵²⁷·.‘¹
1968 3988 2094 4049 aicham.
2107 3991 2140 4049 T·
2153 3995 2175 4049 ¹·
2188 3999 2290 4066 92³9·

257 4103 358 4171 nium
373 4090 617 4214 huiuscemodi
632 4091 737 4158 rebus
753 4085 1158 4207 habeantaptissimumq
1185 4087 1251 4157 Ni·
1300 4143 1429 4213 Oratio
1453 4142 1499 4213 de
1521 4142 1604 4215 odio
1627 4142 1850 4236 sophistices
1896 4151 1939 4218 in
1956 4157 2252 4241 promotioneM
2272 4201 2291 4216 .

256 4200 310 4271 hil
328 4222 421 4267 emm
438 4191 641 4265 tamfacrle,
668 4192 760 4281 quod
778 4215 851 4258 non
866 4192 1007 4259 dsflicrle
1024 4192 1104 4274 hat,
1131 4214 1159 4258 si
1176 4215 1249 4258 non
1501 4241 1502 4244 ,
1859 4194 1869 4231 ⁹
2248 4180 2272 4230 α

257 4310 480 4394 praeceptore
503 4292 606 4359 docto
621 4310 729 4360 manu
744 4293 894 4362 ducaris.
947 4291 1088 4358 Possem
1103 4315 1250 4361 enume-
1295 4248 1681 4369 9im⁰mmr⁸⁰ilal⁰
1701 4269 1725 4316 α
1748 4249 1801 4317 M·
1828 4251 2017 4323 Em'lw
2042 4254 2289 4335 aetatula,

255 4425 334 4472 rare
349 4394 524 4488 plurimos
540 4403 611 4458 tam
628 4405 782 4472 veteres,
806 4415 911 4482 quam
933 4395 1122 4461 modernos
1139 4393 1248 4483 partis
1372 4347 1630 4438 salveldenm’
1657 4352 1824 4423 mmm·
1876 4353 2213 4434 APMMDJU’·

258 4496 436 4574 iudicialis
449 4493 687 4573 Professores,
714 4488 834 4572 indos,
862 4490 1033 4575 Graecos,
1060 4492 1195 4563 Arabes
1209 4519 1249 4564 ac
1296 4484 1470 4564 Arbitror
1486 4496 1665 4584 probabili
1680 4497 1831 4566 consilio
1843 4498 2022 4571 institutos
2036 4527 2109 4574 esse
2124 4503 2190 4578 hos
2204 4534 2288 4581 con·

255 4604 419 4677 Latinos:
453 4609 495 4664 ut
513 4606 674 4684 apertum
691 4592 806 4678 fieret,
832 4619 936 4686 quam
953 4595 1074 4666 multis
1093 4609 1126 4664 et
1142 4621 1248 4688 quam
1297 4618 1446 4683 gressus,
1470 4597 1651 4688 inquibus
1666 4597 1909 4669 testimonium
1925 4604 2109 4677 doctrinae
2123 4609 2177 4690 iis,
2200 4637 2291 4705 quo·

255 4706 360 4779 claris
388 4697 541 4790 ingeniis
570 4688 804 4786 Philosophia
836 4697 1104 4768 influentiarum
1135 4699 1248 4766 coele·
1297 4720 1375 4765 rum
1391 4697 1569 4789 explorata
1586 4712 1636 4768 est
1653 4699 1826 4783 eruditio,
1850 4703 2030 4774 tribuitur.
2069 4707 2179 4781 Decet
2192 4716 2289 4786 enim

255 4810 363 4881 stium
396 4806 559 4881 inventa,
602 4799 748 4868 adaucta
782 4813 817 4869 et
843 4800 1048 4871 confirmata
1080 4800 1246 4870 extiterit.
1297 4792 1492 4891 haecquasi
1504 4799 1661 4868 censoria
1677 4800 1808 4871 iudicia
1825 4804 1965 4893 publice
1979 4807 2068 4881 lieri.
2101 4810 2290 4907 Sedquae.

253 4912 394 4982 Possem
408 4901 611 4974 certissimis
625 4903 811 4970 ostendere
824 4902 1040 4987 rationibus,
1066 4926 1170 4996 quam
1185 4926 1247 4969 ne·
1296 4924 1434 4991 cunque
1452 4914 1535 4971 sunt
1552 4925 1693 4984 causae,
1718 4927 1773 4971 me
1791 4928 1997 4994 congressus
2014 4911 2082 5002 ipsi
2099 4914 2289 4992 delectant.

254 5010 401 5086 cessaria
424 5007 471 5075 sit
486 5002 638 5073 Medicis
654 5016 830 5073 astrorum
846 5004 992 5094 peritia,
1027 5030 1133 5098 quam
1148 5005 1247 5074 utilis
1297 5001 1398 5071 luvat
1413 5002 1507 5070 enim
1524 5019 1643 5074 coetus
1655 5004 1774 5075 videre
1792 5007 1969 5078 bonorum
1984 5025 2019 5082 et
2032 5015 2220 5090 doctorum
2234 5024 2290 5091 vi-

213 5121 216 5129 '
253 5133 432 5191 canonum
448 5120 552 5197 atque
565 5104 681 5192 legum
700 5103 974 5189 professoribus,
997 5131 1102 5199 quam
1119 5107 1247 5175 iucun-
1294 5127 1435 5187 rorum,
1461 5106 1522 5197 qui
1537 5120 1622 5177 sunt
1637 5107 1826 5198 praecipua
1841 5125 2048 5184 ornamenta
2061 5113 2241 5194 Ecclesiae
2255 5139 2292 5201 et

251 5222 318 5303 da,
343 5230 520 5307 quamque
536 5208 720 5274 commoda
739 5208 1073 5278 rerumdiviuarum
1088 5221 1246 5278 contem·
1294 5203 1448 5296 Reipub.
1506 5205 1554 5278 Et
1574 5204 1654 5278 cdm
1679 5207 1768 5277 alios
1790 5209 1829 5276 in
1859 5211 1938 5281 aliis
1962 5216 2097 5289 artibus
2121 5228 2289 5297 excellere

250 5314 464 5416 platoribus:
492 5329 703 5398 exponerem
720 5308 880 5397 insuper,
906 5334 1012 5403 quam
1027 5324 1164 5380 mature
1175 5309 1246 5380 im·
1294 5309 1558 5392 animadverto,
1584 5310 1681 5380 subit
1695 5309 1856 5379 animum
1871 5315 2052 5405 cogitatio,
2080 5335 2212 5415 quanta
2226 5353 2288 5401 va.

249 5417 422 5495 minentia
436 5407 595 5484 hostium
612 5407 767 5499 pericula
781 5411 892 5483 vitare
907 5416 1100 5505 possimus,
1125 5412 1155 5482 si
1170 5425 1246 5483 stu·
1293 5409 1415 5482 rietate
1438 5411 1569 5482 artium
1590 5409 1688 5488 Deus
1707 5423 1742 5483 et
1766 5412 1993 5505 instruxerit,
2019 5435 2056 5492 et
2069 5423 2163 5498 inter
2176 5452 2215 5501 se
2227 5457 2287 5503 co-
