4732 6030
182 348 258 422 889
675 332 838 409 uucL.
871 335 945 409 DE
976 331 1463 412 INGRATlTUDlNE
1495 332 1719 411 CUCULl.
2143 342 2220 417 840

185 513 364 589 Ecclesiae
385 514 439 582 vel
462 509 669 599 praecipua?
721 507 881 580 Primum
899 510 995 579 enim
1018 508 1176 605 ingentia
1200 515 1205 599 l
1229 507 1299 599 gite
1314 506 1454 592 animis,
1477 519 1511 578 et
1527 507 1725 598 expendite,
1749 529 1856 600 quam
1873 528 2007 595 graves,
2029 535 2138 605 quam
2155 515 2224 585 du-

188 620 398 697 certamina,
425 612 597 702 pericula,
633 612 875 703 difficultates,
910 613 1049 703 publice
1071 611 1177 681 susti·
1202 602 1205 643 ²
1229 610 1359 679 rabiles
1388 632 1518 700 poenas
1544 609 1702 681 minetur
1725 605 1846 693 Deus,
1878 632 1960 679 curn
1985 612 2058 698 ait,
2084 639 2225 708 semper

188 716 374 790 nentboni
392 712 579 798 Doctores,
607 716 852 805 propagandae
867 727 980 783 rectae
995 715 1176 784 doctrinae
1202 740 1206 786 t
1229 707 1378 781 haesura
1412 713 1504 780 mala
1538 711 1578 779 in
1610 714 1735 794 domo,
1768 710 1807 777 iu
1834 709 1957 782 liberis
1988 714 2224 805 ingratorum.

189 841 312 902 causa,
338 816 467 884 deinde
490 817 671 905 privatim,
698 831 737 886 ut
750 816 905 884 nutrices
924 816 1045 885 fovent
1058 816 1177 884 infan·
1201 791 1206 907 Ι
1230 812 1329 900 Quid
1343 813 1414 882 dici
1431 813 1566 883 tristius
1581 812 1742 905 poterat?
1776 811 1850 881 laur
1867 815 2036 904 cogitate,
2056 820 2160 911 quale
2177 821 2224 892 sit

190 920 294 998 tulos,
319 918 364 987 ita
384 943 518 986 summa
532 942 629 1001 cura,
648 918 844 1006 diligentia,
871 919 1067 1001 sedulitate,
1093 941 1177 1009 pro·
1202 912 1206 1029 ᾗ
1231 937 1342 1004 genus
1364 915 1637 999 beneficiorum,
1662 915 1759 1007 quod
1780 914 1820 982 in
1840 910 1961 986 schola
1978 919 2071 988 bene
2089 923 2225 992 consti-

111 1024 112 1029 ’
189 1017 325 1090 vehunt
349 1019 489 1109 ingenia
517 1019 741 1092 discentium.
791 1015 840 1091 Et
864 1032 981 1091 tamen
1004 1044 1107 1110 saepe
1130 1019 1178 1102 fit,
1232 1030 1307 1087 tuta
1333 1015 1502 1106 accipitis.
1560 1011 1663 1084 Nihil
1697 1011 1838 1086 homini
1863 1020 2071 1110 contingere
2096 1023 2224 1094 melius

190 1138 231 1195 ut
255 1125 423 1191 educatus
450 1134 555 1214 atque
580 1121 764 1191 institutus
784 1144 910 1210 magua
939 1124 1025 1202 lide,
1058 1135 1178 1212 postea
1231 1130 1366 1209 potest,
1390 1142 1496 1211 quam
1518 1132 1612 1187 recta
1628 1119 1810 1200 doctrina,
1837 1119 1993 1210 primum
2012 1125 2057 1192 de
2080 1124 2223 1213 religio-

191 1226 323 1295 oblitus
347 1224 507 1292 omnium
529 1224 798 1307 beneficiorum,
822 1237 854 1294 et
876 1224 1041 1294 incitatus
1064 1222 1179 1293 ambi·
1232 1243 1288 1304 ne,
1315 1220 1443 1289 deinde
1459 1220 1503 1288 de
1519 1214 1677 1289 honestis
1692 1221 1783 1290 vitae
1799 1221 1935 1306 officiis,
1961 1224 2139 1295 deserum
2154 1249 2221 1296 na·

190 1328 307 1407 tione,
333 1338 395 1395 aut
410 1338 556 1395 naturae
571 1326 838 1404 malevolentia,
865 1337 925 1395 aut
939 1324 1085 1409 invidia,
1110 1324 1180 1391 im·
1231 1337 1322 1408 tura,
1346 1320 1738 1415 deniquedeomnibus
1754 1322 1903 1405 artibus,
1927 1327 2221 1418 quaesuntvitae

191 1443 312 1521 petum
335 1427 442 1497 faciat
468 1427 506 1495 iu
528 1440 786 1517 praeceptores,
811 1450 876 1497 nec
893 1451 1019 1498 nocere
1041 1439 1178 1497 tanturn
1231 1425 1347 1496 utiles.
1397 1422 1570 1494 Traditur
1588 1435 1705 1492 autem
1718 1422 1832 1509 vobis,
1857 1424 1928 1495 Dei
1940 1428 2133 1514 beneficio,
2158 1430 2222 1499 do·

191 1529 298 1621 ipsis,
323 1531 383 1598 sed
404 1528 487 1598 odio
508 1529 666 1619 ipsorum
689 1530 800 1598 bonas
818 1540 909 1599 artes
929 1529 1129 1621 opprimere
1147 1539 1180 1596 et
1232 1525 1345 1596 ctrina
1359 1519 1575 1605 Christiana,
1603 1548 1689 1615 pure
1704 1540 1739 1594 et
1752 1525 1969 1617 simpliciter.
2005 1528 2223 1622 Proponun-

193 1631 312 1701 delere
342 1643 501 1703 conetur.
560 1627 619 1700 An
647 1625 714 1700 hoc
738 1629 944 1700 cuculorum
968 1654 1079 1721 genus
1107 1652 1179 1698 non
1233 1643 1291 1698 tur
1305 1641 1338 1698 et
1355 1641 1510 1697 caeterae
1531 1622 1698 1697 honestae
1711 1625 1938 1719 disciplinae,
1964 1654 2029 1701 nec
2044 1631 2117 1701 ulla
2139 1626 2223 1724 pars

193 1733 336 1802 videtur
362 1732 445 1800 odio
476 1732 648 1821 dignum?
692 1729 775 1800 Non
800 1732 894 1800 enim
922 1733 993 1800 iam
1018 1732 1180 1821 vitupero
1233 1723 1483 1819 Philosophiae
1506 1728 1707 1818 negligitur.
1764 1725 1988 1802 Errarrantur
2008 1732 2134 1823 optimi
2156 1755 2222 1803 au·

193 1829 357 1903 homines
370 1829 532 1917 hebetes,
558 1847 619 1904 aot
632 1834 767 1918 tardos,
792 1834 852 1901 sed
869 1833 1039 1922 ingratos,
1065 1846 1098 1902 et
1113 1856 1180 1922 no·
1233 1845 1326 1901 tores
1349 1827 1479 1899 Graeci
1509 1843 1543 1899 et
1563 1828 1701 1910 Latini,
1740 1830 1801 1923 qui
1830 1842 1890 1902 aut
1917 1831 2033 1903 fontes
2054 1828 2221 1904 Philoso-

192 1935 297 2005 cendi
314 1935 471 2026 cupidos.
511 1933 617 2004 Tales
633 1935 776 2004 cuculos
790 1935 917 2015 odisse,
943 1956 1098 2005 omnesa
1117 1958 1182 2002 na-
1233 1927 1336 2023 phiae
1358 1931 1563 2015 continent,
1588 1946 1649 2002 aut
1671 1947 1821 2022 prosunt
1835 1934 1880 2002 ad
1897 1933 2119 2004 formandam
2137 1959 2221 2005 ora-

193 2050 272 2107 tura
295 2037 385 2106 bene
410 2036 564 2107 instituti
587 2039 729 2109 debent.
780 2031 826 2105 Et
848 2035 936 2106 tales
959 2031 1017 2104 hic
1039 2037 1181 2128 pingere
1233 2035 1377 2104 tionem.
1429 2030 1484 2103 De
1501 2033 1784 2125 praeceptoribus
1804 2034 1891 2125 ipsis
1907 2059 1982 2106 non
2002 2037 2135 2122 dicam,
2159 2037 2221 2106 sed

193 2137 311 2225 uolui,
342 2150 382 2207 ut
405 2137 578 2207 admoniti
603 2138 859 2220 adolescentes,
893 2137 1014 2228 procul
1042 2162 1101 2206 eos
1120 2138 1181 2206 fu·
1233 2150 1351 2207 tamen
1369 2134 1557 2204 dexteritas
1580 2147 1615 2204 et
1639 2135 1825 2224 prudentia
1851 2133 1889 2205 in
1904 2140 2049 2209 doctore
2064 2136 2222 2230 duplicat

64 2232 67 2237 ’
191 2238 292 2330 giaut
308 2250 342 2307 et
360 2253 575 2308 execrentur.
626 2236 779 2309 Student
799 2238 894 2311 enim
912 2234 1080 2308 hicuculi
1103 2238 1183 2307 aliis
1233 2236 1451 2307 beneficium,
1506 2233 1594 2307 Nam
1610 2236 1685 2329 ,qui
1716 2238 1755 2306 in
1782 2239 1943 2317 docendo
1976 2263 2050 2318 non
2079 2235 2223 2311 adhibet

193 2340 355 2410 affricare
377 2362 474 2409 suam
507 2338 681 2424 scabiem,
719 2353 752 2409 et
781 2339 972 2410 inveniunt
1002 2342 1057 2410 vel
1082 2341 1182 2410 stoli·
1232 2362 1351 2409 rerum
1367 2339 1540 2407 delectum
1554 2350 1616 2409 aut
1631 2362 1706 2408 non
1722 2332 1829 2424 videt,
1850 2340 1938 2434 quid
1954 2340 2100 2412 cuilibet
2116 2341 2221 2412 aetati

194 2443 279 2530 dos,
302 2442 356 2509 vel
378 2441 508 2524 malos,
534 2441 593 2533 qui
614 2440 679 2509 illo
700 2436 847 2509 horrido
861 2455 967 2511 cantu
984 2455 1182 2512 teneantur.
1233 2439 1440 2529 conveniat,
1467 2437 1497 2507 is
1518 2463 1621 2531 saepe
1645 2440 1694 2510 ita
1715 2441 1900 2512 distribuit
1928 2466 1967 2511 ea
1989 2464 2078 2534 quae
2099 2443 2221 2528 tradit,

192 2541 367 2632 Magnum
389 2566 451 2632 per
474 2565 547 2610 sese
569 2541 682 2612 scelus
702 2555 754 2613 est
772 2542 991 2632 ingratitudo
1013 2544 1051 2611 iu
1067 2543 1182 2635 quali·
1233 2556 1273 2612 ut
1288 2542 1319 2610 si
1335 2538 1413 2610 cani
1430 2541 1555 2632 paleas,
1581 2542 1681 2611 asino
1695 2543 1796 2613 daret
1807 2567 1897 2623 ossa,
1921 2556 1963 2613 ut
1977 2541 2015 2611 in
2029 2543 2220 2634 proverbio

192 2645 253 2715 bet
267 2669 325 2727 re,
349 2647 411 2713 sed
427 2657 502 2713 tum
520 2657 572 2715 est
588 2667 669 2713 vere
690 2644 808 2714 cuculi
825 2646 955 2725 scelus,
983 2659 1017 2714 et
1033 2644 1182 2736 parrici-
1232 2643 1373 2717 dicitur.
1412 2640 1524 2733 Spero
1542 2657 1659 2713 autem
1674 2644 1775 2713 vobis
1788 2645 1962 2732 cognitam
1978 2666 2051 2714 esse
2065 2644 2171 2714 fidem
2184 2658 2221 2716 et

192 2745 314 2825 diurn,
340 2746 484 2838 quando
499 2747 544 2813 ad
567 2768 643 2813 eam
662 2746 795 2816 aceedit
810 2746 933 2816 odium
955 2748 1033 2837 piae
1049 2746 1180 2816 doctri·
1233 2744 1457 2837 prudentiam
1481 2744 1517 2812 in
1541 2745 1585 2813 iis
1609 2746 1670 2839 qui
1695 2747 1832 2816 docent.
1880 2743 1971 2816 Cum
1993 2745 2101 2834 igitur
2119 2759 2220 2817 tanta

193 2872 279 2932 nae,
304 2861 365 2917 aut
386 2847 535 2916 aliarum
558 2846 708 2930 artium,
733 2849 877 2940 quando
892 2847 1041 2937 ingrati,
1066 2843 1181 2917 homi·
1233 2847 1279 2918 sit
1306 2846 1511 2935 magnitudo
1539 2846 1809 2932 beneficiorum,
1839 2870 1914 2915 uon
1943 2861 1993 2919 cst
2026 2848 2219 2918 obscurum

194 2974 281 3019 num
303 2950 406 3029 odio,
439 2963 474 3021 et
495 2948 608 3018 animi
637 2936 783 3031 morbo,
812 2963 931 3041 postea
952 2950 1058 3020 rebus
1078 2950 1182 3019 bonis
1232 2949 1327 3041 quod
1342 2948 1388 3019 sit
1404 2961 1561 3019 vestrum
1578 2949 1745 3022 officium.
1783 2945 1976 3020 CerteDeo
1993 2950 2139 3039 gratiam
2158 2951 2220 3019 de-

194 3051 328 3120 bellum
346 3051 523 3133 inferunt,
548 3049 763 3122 labefaciunt
783 3053 964 3140 dogmata,
990 3047 1183 3123 detrahunt
1232 3050 1340 3131 betis,
1366 3049 1428 3143 qui
1451 3045 1507 3118 his
1530 3045 1780 3141 pulcherrimis
1802 3049 2008 3121 muneribus
2021 3050 2127 3119 vitam
2149 3045 2220 3120 hu-

194 3152 239 3219 de
255 3150 384 3219 artium
401 3151 582 3238 dignitate.
632 3149 705 3220 Nec
721 3176 800 3222 rara
817 3167 900 3223 sunt
915 3155 1084 3246 exempla.
1136 3150 1182 3225 Et
1232 3175 1374 3221 manaan
1396 3151 1548 3223 ornavit.
1604 3149 1727 3221 lsvult
1748 3154 1843 3223 dona
1866 3175 1929 3221 sua
1951 3151 2122 3241 intelligi,
2142 3153 2221 3223 vult

192 3275 296 3342 saepe
311 3249 457 3333 accidit,
481 3264 522 3319 ut
537 3273 617 3318 cum
631 3254 739 3320 semel
754 3253 792 3321 in
807 3269 1047 3345 praeceptores
1061 3257 1182 3325 incur·
1232 3278 1272 3323 ea
1292 3252 1521 3342 magnipeodi
1551 3276 1572 3322 a
1595 3253 1717 3338 uobis,
1749 3254 1825 3323 vult
1849 3253 1998 3342 gratiam
2023 3253 2126 3322 reddi
2152 3249 2222 3339 bis,

194 3353 324 3437 rerint,
349 3363 469 3443 postea
492 3349 609 3420 rabies
630 3364 819 3440 augeatur,
847 3368 880 3423 ct
902 3368 1033 3426 crescat
1048 3358 1183 3426 discor·
1233 3379 1294 3444 per
1315 3377 1405 3446 qnos
1424 3354 1581 3444 impertit
1603 3379 1641 3424 ea
1659 3351 1815 3425 humano
1833 3354 1965 3445 generi.
2019 3353 2143 3444 Quare
2161 3379 2222 3426 co·

191 3456 271 3535 dia,
306 3455 404 3525 velut
433 3452 659 3538 incendium3
699 3453 828 3525 deinde
853 3453 1011 3545 Respub.
1040 3468 1184 3548 propter
1232 3456 1337 3545 gitate
1357 3455 1443 3548 qrrid
1469 3452 1545 3525 Deo
1570 3457 1745 3541 debeatis,
1771 3469 1806 3528 et
1825 3468 2039 3527 mementote
2064 3457 2221 3546 ingratos

191 3552 458 3627 horum·scelus
481 3567 515 3626 et
538 3555 830 3644 ingratitudinem
855 3556 1031 3649 plectitur.
1091 3555 1181 3645 Qui·
1231 3581 1364 3649 poenas
1381 3557 1459 3628 Deo
1477 3560 1622 3627 daturos
1644 3583 1728 3628 esse.
1778 3552 1967 3650 Philippus
1981 3554 2132 3627 Macedo
2154 3553 2222 3627 ha-

192 3660 275 3727 dam
301 3652 531 3727 Atheniensis
555 3652 708 3742 Orator,
739 3681 820 3727 cum
843 3658 1041 3747 significare
1065 3660 1180 3744 vellet,
1232 3659 1336 3731 bebat
1355 3658 1525 3738 militem,
1559 3660 1621 3754 qui
1639 3661 1670 3730 ei
1685 3673 1828 3752 propter
1842 3658 2086 3730 fortitudinem
2102 3659 2221 3750 inpri-

191 3760 453 3853 quibusmodis
470 3759 614 3829 factiosa
631 3771 667 3828 et
688 3761 871 3853 tyrannica
891 3760 1033 3850 ingenia
1056 3773 1182 3853 poten·
1232 3761 1300 3830 mis
1321 3755 1448 3830 charus
1471 3779 1561 3842 erat,
1595 3758 1653 3832 hic
1676 3763 1867 3852 naufragus
1889 3763 1934 3830 ad
1955 3759 2077 3829 villam
2099 3761 2220 3831 cuins-

191 3863 277 3933 tiam
298 3876 576 3954 consequantur,
602 3860 737 3953 inquit:
769 3856 923 3953 Serpens
946 3863 1015 3931 nisi
1038 3866 1182 3933 devoret
1231 3865 1311 3931 dam
1335 3862 1508 3952 agricolae
1528 3887 1630 3952 aegre
1650 3864 1813 3936 enatavit.
1865 3861 2028 3952 Agricola
2050 3886 2129 3932 cum
2151 3885 2220 3933 au-

115 4008 117 4011 ·
189 3977 386 4055 serpentes,
415 3987 489 4032 non
511 3963 549 4033 lit
570 3964 687 4037 draco.
742 3961 793 4033 lta
816 3965 944 4054 ingrati
968 3964 1021 4033 illi
1044 3966 1179 4035 incensi
1230 3964 1339 4035 disset
1353 3965 1476 4034 militis
1492 3966 1700 4047 clamorem,
1726 3964 1897 4049 accurrit,
1923 3986 2072 4057 euinque
2095 3962 2219 4052 rigen-

189 4066 295 4149 odio,
320 4078 382 4134 aot
404 4063 616 4147 ambitione,
645 4066 859 4153 persuadent
881 4067 968 4151 sibi,
994 4062 1086 4138 hanc
1107 4090 1181 4136 esse
1231 4079 1300 4135 tem
1318 4065 1448 4156 frigore
1465 4081 1500 4138 et
1521 4092 1610 4160 pene
1632 4069 1827 4138 exanimem
1845 4066 1942 4138 ducit
1958 4065 1997 4133 in
2013 4064 2158 4151 villam,
2183 4080 2220 4138 et
2242 4061 2245 4066 ’

190 4167 285 4234 viam
302 4166 347 4233 ad
371 4162 540 4253 gloriam,
564 4164 826 4233 formidabilem
841 4167 916 4234 fieri
934 4169 1032 4252 aliis,
1058 4170 1181 4260 oppri-
1230 4169 1360 4260 quibus
1386 4183 1497 4259 potest
1526 4170 1652 4239 officiis
1680 4181 1834 4256 recreat,
1870 4181 1950 4259 post
1973 4166 2132 4238 triduum
2155 4192 2216 4238 cu·

190 4289 286 4334 mere
303 4265 560 4347 dissentientes,
586 4265 623 4332 vi
636 4278 696 4335 aut
711 4278 797 4334 arte.
831 4264 1045 4360 Quanquam
1061 4271 1179 4338 minus
1229 4268 1384 4360 pientem
1408 4270 1507 4340 abire
1530 4271 1635 4339 etiam
1659 4270 1788 4338 viatico
1810 4269 1965 4339 instruit.
2024 4267 2217 4340 Discedens

189 4365 363 4456 flagitium
380 4379 450 4448 est,
474 4366 513 4433 in
530 4387 645 4453 pares,
671 4389 777 4457 qtram
792 4366 829 4432 in
846 4368 1090 4438 benemeritos
1104 4383 1178 4438 sae-
1231 4371 1330 4439 miles
1347 4372 1480 4463 prolixe
1500 4373 1686 4461 pollicetur
1702 4394 1738 4440 sc
1753 4371 1901 4459 gratiam
1918 4370 2114 4441 relaturum
2132 4393 2215 4442 esse.

190 4469 284 4560 vire,
321 4482 362 4540 ut
391 4466 475 4537 facit
499 4466 654 4536 cuculus.
713 4462 805 4535 Cum
828 4467 938 4556 igitur
963 4469 1178 4558 ingratitudo
1229 4469 1320 4542 Vide
1334 4473 1420 4564 quid
1438 4473 1616 4545 acciderit.
1666 4472 1755 4542 Nam
1774 4488 1809 4544 et
1822 4469 1880 4541 bic
1896 4472 1997 4541 miles
2012 4471 2127 4542 euracli
2141 4495 2216 4542 sce-

189 4595 263 4640 non
287 4570 403 4641 solum
426 4567 591 4661 privatim
607 4569 652 4638 sit
673 4568 786 4658 turpis
807 4584 843 4640 et
861 4569 1006 4661 indigna
1024 4566 1179 4658 bomine,
1228 4573 1283 4641 lus
1316 4574 1474 4645 imitatus
1504 4590 1566 4644 est.
1615 4572 1744 4645 Narrat
1775 4570 1943 4664 Philippo
1979 4572 2215 4664 naufragium,

120 4688 123 4693 ’
188 4676 249 4743 sed
266 4674 370 4744 etiam
387 4668 652 4764 saepeReipub.
668 4687 803 4756 noceat,
819 4667 991 4744 adhortor
1005 4671 1177 4743 vosAdo-
1229 4674 1437 4743 beneficium
1453 4668 1602 4766 hospitis
1618 4690 1718 4758 tacet,
1743 4691 1778 4748 et
1795 4676 1881 4768 petit
1895 4675 1962 4744 sibi
1981 4676 2107 4746 donari
2124 4675 2216 4747 illud

184 4775 375 4860 lescentes,
407 4788 448 4846 ut
471 4774 610 4843 animos
626 4789 759 4845 vestros
780 4777 825 4844 ad
851 4776 1105 4863 gratitudinem
1121 4801 1177 4847 as-
1228 4775 1430 4867 praedium,
1456 4776 1559 4848 facile
1581 4779 1746 4872 impetrat
1767 4804 1785 4848 a
1808 4775 1906 4867 Rege
1927 4776 2085 4857 liberali,
2113 4801 2218 4869 prae-

185 4877 404 4962 suefaciatis,
427 4880 598 4970 adquam
621 4899 685 4945 vos
709 4899 782 4945 non
806 4878 913 4946 modo
935 4878 1090 4950 invitant
1112 4903 1176 4948 na·
1226 4878 1345 4947 sertim
1361 4902 1440 4948 cum
1455 4876 1533 4949 Rex
1549 4881 1818 4951 benemeritam
1841 4902 1916 4949 esse
1938 4879 2125 4965 iudicaret3
2158 4880 2219 4951 iu·

45 5029 49 5037 -
145 5052 151 5073 ,
185 4992 284 5064 tura,
310 4990 344 5048 et
356 4973 521 5049 homiues
536 4977 749 5063 doctissimi,
771 4977 833 5071 qui
849 4979 1176 5070 quasiexplicantes
1226 4981 1286 5051 bet
1307 4980 1416 5069 igitur
1437 4980 1559 5053 induci
1585 5008 1665 5053 eum
1689 4984 1727 5051 io
1747 4983 1841 5050 bona
1857 5006 1947 5073 quae
1960 4979 2133 5071 petiverat
2146 4982 2217 5051 mi·

147 5168 154 5173 -
185 5094 333 5151 natiuae
376 5080 568 5164 iudicium,
607 5081 651 5149 de
684 5079 899 5170 gratitudine
937 5083 1176 5170 copiosissime
1225 5083 1303 5159 les..
1336 5080 1418 5151 Non
1440 5084 1525 5154 tulit
1546 5085 1712 5154 iniuriam
1736 5083 1888 5173 agricola
1913 5081 2217 5172 expulsusbonis,

183 5183 437 5276 praecipiunt,
466 5182 526 5251 sed
551 5182 656 5250 etiam
683 5182 844 5252 coelestia
873 5184 1015 5253 oracula
1037 5198 1175 5270 vocant,
1224 5184 1269 5252 ab
1288 5209 1329 5251 eo
1349 5208 1452 5277 quem
1469 5199 1679 5269 servaverat,
1706 5188 1764 5254 sed
1783 5185 1879 5254 venit
1896 5186 1938 5252 ad
1956 5178 2165 5276 Philippum
2182 5202 2218 5260 et

183 5310 274 5380 quae
304 5284 448 5380 quidem
478 5278 673 5353 horrendas
703 5284 808 5355 etiam
834 5310 965 5377 poenas
991 5286 1175 5357 minantur
1223 5302 1478 5357 commemorat
1491 5312 1593 5358 suum
1612 5288 1821 5357 beneficium
1837 5308 1916 5375 erga
1933 5284 2097 5360 militem.
2144 5285 2218 5360 Hic

183 5388 344 5478 ingratis.
396 5386 457 5459 Sic
472 5385 567 5455 enim
584 5384 755 5477 scriptura
773 5386 906 5480 inquit:
936 5385 1020 5457 Non
1035 5391 1173 5461 recedet
1222 5390 1310 5457 adeo
1327 5389 1453 5459 exarsit
1469 5389 1521 5458 ira
1534 5385 1736 5480 Philippus,
1755 5403 1794 5460 ut
1808 5387 2001 5458 Pausaniae
2017 5391 2219 5476 mandaret,

183 5493 317 5563 malum
333 5492 475 5562 adorno
492 5487 634 5579 ingrati.
688 5484 767 5559 Hoc
790 5489 923 5561 dictum
941 5512 1072 5584 quaeso
1096 5491 1173 5562 affi-
1221 5503 1262 5562 ut
1276 5474 1548 5582 prioridomino
1567 5493 1749 5586 praedium
1768 5489 1981 5576 restitueret,
2006 5490 2117 5565 militi
2132 5518 2217 5566 vero
