4732 6030
224 260 297 335 dli
700 247 864 325 DECL.
892 243 969 325 DE
999 244 1330 325 FRlDERICO
1364 245 1772 329 BARBAROSSA.
2169 260 2245 339 312

221 448 315 507 teras
341 427 492 500 iniurias
520 423 684 518 persequi
712 421 841 494 noluit.
891 421 961 494 Sed
990 422 1078 492 belli
1105 434 1209 492 autor
1256 413 1696 515 impetrata-absolutione,
1722 421 1925 501 Pridericus
1941 424 2151 520 prinsquam
2175 445 2249 503 tra-

220 534 388 607 Pontifex
398 528 599 603 Alexander
613 549 632 593 e
648 522 777 595 Galliis
791 524 883 595 redit
899 524 937 593 in
954 522 1103 607 ltaliam,
1127 548 1207 593 cum
1256 525 1333 596 iicir
1354 524 1545 597 exercitum
1566 525 1605 594 in
1621 522 1761 613 Asiam,
1785 527 1938 618 sumpsit
1951 528 2022 599 sibi
2041 530 2251 626 aliquantu.

220 638 293 707 iam
309 632 536 726 tranquillam
552 651 625 697 esse
643 627 788 696 videret.
829 624 1209 706 lnllammatVenetos,
1257 626 1332 696 lum
1348 625 1516 719 temporis
1532 628 1576 697 ad
1592 651 1713 718 pacem
1736 626 1874 719 legibus
1891 629 2145 721 muniendam,
2170 635 2254 709 Me.

221 751 263 810 ut
284 738 416 807 bellum
445 733 655 801 instaurent.
715 726 894 797 Deficiunt
919 728 964 796 ad
993 750 1053 797 eos
1078 727 1209 796 multae
1256 729 1441 799 dioianum
1458 729 1647 797 instaurari
1661 743 1772 815 curat,
1796 741 1829 800 et
1852 730 1922 801 fert
1942 730 2057 822 leges,
2083 761 2171 830 quas
2186 763 2254 809 vo.

222 840 311 910 aliae
332 835 499 904 civitates.
551 829 648 901 Haec
671 829 869 898 coniuratio
893 828 1071 899 revocavit
1093 826 1210 919 Impe-
1257 832 1399 901 cantde
1419 854 1504 922 pace
1525 831 1756 911 constantiae,
1782 855 1934 925 quarum
1956 833 2255 909 beneficiobodie

100 931 105 943 '
221 953 374 1011 ratorem
397 935 437 1004 in
460 933 618 1016 ltaliam,
642 931 704 1002 ubi
729 954 852 1000 rursus
875 944 1076 1022 recuperata
1099 927 1211 1014 ltalia,
1257 956 1399 1025 quoque
1414 931 1542 1001 melius
1557 946 1729 1020 reguntur
1740 930 1996 1025 Respublicae3
2022 951 2142 1011 extant
2157 943 2255 1009 enim

221 1063 302 1111 cum
327 1036 490 1107 Pontifex
515 1034 650 1105 videret
671 1056 708 1103 se
731 1030 868 1104 Romae
894 1056 968 1102 non
987 1031 1070 1103 satis
1093 1045 1209 1103 tutum
1257 1033 1297 1102 in
1314 1033 1391 1103 iure
1406 1047 1571 1104 etearum
1589 1033 1759 1105 autoritas
1774 1035 1813 1104 in
1838 1036 1964 1125 primis
1980 1038 2084 1110 valet.
2136 1038 2256 1113 Multa

180 1164 183 1169 ·
222 1163 315 1226 esse,
341 1134 467 1208 habitu
487 1136 629 1208 nautico
649 1134 794 1223 fugitac
810 1155 846 1202 se
866 1131 1032 1205 Venetias
1048 1133 1209 1203 contulit.
1258 1134 1407 1205 suntin
1438 1129 1506 1203 hac
1536 1128 1685 1205 historia
1712 1151 1912 1207 memoratu
1937 1138 2046 1229 digna
2078 1143 2253 1234 exempla;

220 1238 281 1314 Ad
300 1253 494 1310 extremum
511 1262 591 1308 cum
609 1235 697 1305 alter
713 1234 938 1326 Imperatoris
960 1235 1054 1304 lilius
1078 1235 1115 1305 in
1136 1232 1210 1303 acie
1258 1250 1381 1306 monet
1397 1236 1512 1320 enim,
1537 1249 1670 1330 quanta
1685 1236 1731 1307 sit
1746 1238 1851 1328 pestis
1867 1235 2093 1332 Rerumpub.
2104 1243 2252 1313 ambitio

222 1342 404 1413 cecidisset
418 1343 461 1411 ad
478 1338 692 1422 Bononiam,
712 1337 801 1408 alter
817 1349 904 1407 natu
920 1336 1089 1406 minimus
1103 1360 1124 1405 a
1138 1332 1212 1405 Ve-
1259 1339 1298 1408 in
1324 1336 1552 1429 Principibus
1583 1337 1842 1409 ecclesiasticis:
1891 1355 2024 1433 quauta
2049 1343 2097 1415 sit
2122 1344 2255 1429 virtus,

221 1458 304 1515 ncta
327 1444 436 1513 classe
460 1442 674 1531 interceptus
700 1453 807 1524 esset,
833 1439 967 1509 oblitus
987 1437 1212 1521 iniuriarum,
1259 1438 1423 1509 oblivisci
1441 1438 1590 1509 iniurias
1615 1454 1649 1509 et
1670 1442 1874 1511 condonare
1895 1465 1953 1512 cas
1967 1440 2126 1539 Reipub.
2150 1470 2257 1537 pree·

221 1548 267 1617 dc
283 1543 464 1616 communi
486 1565 569 1633 pace
588 1540 644 1632 agi
668 1564 788 1632 passus
804 1551 874 1626 est,
899 1541 997 1635 quod
1019 1540 1212 1617 misceret,
1261 1557 1355 1611 terea
1363 1540 1528 1635 qualibus
1542 1541 1709 1630 exemplis
1718 1539 1902 1611 Pontificia
1914 1546 2075 1636 tyrannis
2085 1548 2255 1618 creverit:

223 1660 413 1717 moverunt
429 1667 509 1715 eum
531 1640 718 1734 praecipue
733 1656 855 1712 causae
878 1641 1060 1732 publicae.
1103 1638 1212 1711 Tanti
1260 1645 1322 1713 sed
1338 1643 1422 1713 nolo
1438 1636 1658 1712 haecomnia
1674 1643 1849 1736 persequi.
1902 1642 1996 1714 illud
2018 1647 2169 1717 miretur
2186 1649 2257 1717 ali-

223 1748 319 1820 enim
335 1760 420 1816 tunc
436 1759 536 1815 erant
551 1745 590 1813 in
600 1741 685 1813 Asia
700 1742 860 1817 Saladini
874 1741 1091 1813 foelicissimi
1105 1739 1213 1811 Prin·
1261 1744 1358 1838 quis,
1383 1745 1563 1834 quomodo
1579 1744 1626 1812 ita
1643 1744 1760 1834 frangi
1778 1745 1903 1834 ingens
1923 1746 2063 1817 animus
2077 1744 2255 1817 Frideriei

223 1849 312 1942 cipis
341 1870 536 1929 successus,
570 1859 611 1916 ut
633 1845 704 1915 nisi
727 1842 924 1936 imperator
947 1843 980 1914 ei
1002 1854 1214 1927 occurreret,
1261 1846 1435 1935 potuerit,
1467 1859 1508 1915 ut
1524 1859 1559 1913 et
1574 1845 1721 1936 supplex
1738 1846 1839 1917 lieret
1856 1846 1895 1915 in
1909 1868 2012 1917 causa
2025 1848 2192 1933 meliore,
2219 1862 2255 1919 et

222 1951 431 2022 viderentur
444 1948 544 2019 brevi
559 1971 634 2018 non
651 1947 689 2015 in
705 1946 809 2041 Syria
825 1956 984 2031 tantum,
1003 1947 1065 2015 sed
1084 1945 1124 2014 in
1139 1957 1212 2014 tota
1262 1948 1406 2038 insuper
1426 1946 1621 2036 supplicem
1645 1969 1682 2016 se
1699 1947 1793 2017 affici
1814 1961 1911 2021 tanta
1926 1949 2138 2020 contumelia
2157 1949 2256 2018 sine-

222 2047 309 2124 Asia
329 2051 510 2141 regnaturi
525 2043 819 2133 Mohametistae;
844 2060 881 2117 et
896 2044 998 2117 ltalia
1019 2048 1109 2118 fessa
1131 2045 1212 2117 ubi·
1262 2063 1326 2129 ret,
1371 2045 1476 2120 Certe
1490 2071 1564 2117 non
1579 2047 1707 2118 abiecit
1720 2049 1880 2122 animum
1897 2062 1997 2120 metu
2014 2052 2255 2143 autdespera-

223 2177 294 2247 que
310 2176 431 2246 pacem
455 2152 605 2243 petebat.
658 2147 839 2222 Credibile
861 2161 913 2220 est
934 2162 1052 2221 autem
1076 2160 1214 2240 practer
1264 2151 1359 2221 tione
1375 2147 1556 2222 victoriae.
1588 2147 1731 2245 Vicerat
1743 2151 1841 2221 enim
1860 2144 2042 2233 hactenus,
2066 2165 2101 2223 et
2120 2151 2258 2245 praeci-

223 2250 288 2325 bas
312 2255 472 2346 publicas
495 2275 614 2324 causas
634 2252 787 2322 multum
806 2252 956 2322 valuisse
972 2250 1080 2322 etiam
1097 2263 1214 2340 pater·
1262 2274 1368 2343 puam
1385 2248 1508 2323 ltaliae
1521 2262 1656 2341 partem
1672 2251 1825 2325 tenebat.
1873 2249 1947 2323 Nec
1963 2264 2084 2326 tantm
2101 2250 2260 2325 Veneto·

225 2380 314 2427 num
332 2357 503 2428 dolorem.
542 2353 633 2424 Nam
651 2377 730 2423 cum
746 2354 939 2439 domestica
953 2353 1027 2422 vita
1040 2349 1214 2421 Priderici
1263 2377 1344 2423 rum
1364 2375 1449 2443 opes
1469 2366 1554 2423 tunc
1576 2365 1694 2437 erant,
1718 2364 1760 2424 ut
1780 2367 1865 2427 sunt
1885 2346 2012 2441 hodie;
2037 2368 2075 2426 at
2095 2378 2140 2425 ne
2162 2379 2259 2425 nunc

224 2458 330 2550 plena
352 2453 460 2527 fuerit
480 2452 711 2525 humanitatis
733 2479 773 2525 ac
794 2454 954 2546 pietatis,
986 2449 1083 2524 haud
1105 2452 1214 2523 dubie
1264 2455 1406 2549 quidem
1428 2476 1529 2544 pares
1551 2466 1636 2524 suut
1656 2454 1788 2525 nostris
1807 2452 2096 2547 imperatoribus.
2147 2454 2256 2525 Prae-

224 2559 332 2629 etiam
352 2559 455 2628 valde
475 2556 542 2628 suit
559 2547 823 2654 φιλόστοργος,
850 2568 890 2627 ut
905 2578 1002 2626 nunc
1017 2576 1160 2648 quoque
1176 2554 1215 2620 in
1264 2570 1357 2627 terea
1373 2555 1575 2626 Fridericus
1592 2555 1657 2626 etsi
1678 2579 1752 2627 uno
1770 2570 1876 2651 atque
1891 2557 2003 2629 altero
2025 2557 2159 2650 praelio
2180 2556 2257 2626 eius

224 2656 417 2731 Germanis
431 2653 731 2728 vehementiorem
747 2658 908 2726 videmus
923 2679 997 2726 esse
1018 2656 1214 2725 liberorum
1265 2656 1370 2746 legati
1384 2656 1469 2727 victi
1486 2670 1604 2741 crant,
1628 2670 1748 2733 tamn
1770 2657 1939 2748 ipserum
1957 2672 2043 2747 esset
2060 2656 2257 2750 imperator

224 2785 401 2840 amorem,
427 2784 533 2853 quam
555 2763 595 2830 in
610 2773 828 2830 caeterarum
845 2757 1031 2843 nationum
1055 2753 1214 2827 homini·
1264 2783 1332 2830 usu
1361 2758 1496 2850 peritus
1519 2770 1554 2829 et
1577 2758 1685 2829 foelix
1707 2773 1743 2830 et
1760 2758 1956 2829 dimicandi
1976 2759 2147 2851 cupidus,
2180 2783 2256 2829 non

226 2863 307 2934 bus.
366 2859 484 2931 Movit
515 2861 624 2950 igitur
654 2859 896 2945 Pridericum,
925 2859 1078 2930 extincto
1103 2858 1215 2928 altero
1267 2873 1450 2952 propterea
1475 2861 1519 2929 de
1540 2883 1677 2929 summa
1695 2884 1815 2930 rerum
1834 2860 2043 2952 desperavit.
2095 2860 2181 2931 Meo
2200 2861 2258 2931 iu-

223 2963 317 3048 filio,
343 2977 443 3056 capto
470 2963 601 3046 altero,
625 2976 773 3054 patruus
787 2962 908 3046 dolor,
932 2974 973 3033 ut
992 2959 1152 3030 animum
1170 2960 1215 3029 ad
1264 2962 1357 3033 dicio
1373 2984 1455 3032 cum
1470 2961 1633 3053 publicae
1648 2984 1772 3031 causae
1794 2956 2021 3034 hortarentur
2034 2985 2117 3033 eum
2130 2965 2176 3033 ad
2192 2987 2257 3054 pa-

224 3088 348 3159 pacem
378 3065 662 3135 constituendam
693 3062 879 3148 adiiceret,
911 3061 1115 3155 praesertim
1135 3084 1215 3131 cum
1265 3087 1360 3148 cem,
1385 3075 1421 3134 et
1437 3063 1542 3134 vellet
1556 3062 1782 3132 concordiam
1798 3062 1837 3133 in
1855 3059 1995 3155 Europa
2011 3063 2148 3133 firmam
2170 3088 2256 3135 cou-

226 3165 300 3257 ipse
316 3187 454 3255 semper
470 3189 490 3234 a
506 3166 601 3235 bello
614 3161 869 3251 abhorruisset,
884 3177 918 3235 et
930 3176 1072 3235 coactus
1085 3161 1216 3234 scelere
1265 3165 1382 3250 stitoi,
1405 3165 1604 3235 reverentia
1625 3163 1696 3234 loci
1715 3160 1913 3255 Apostolici
1934 3178 1970 3235 et
1987 3164 2160 3254 religione
2180 3189 2258 3235 mo-

224 3263 409 3336 Pontificis
433 3266 638 3356 sumpsisset
661 3289 771 3338 arma.
824 3264 946 3359 ltaque
965 3267 1110 3336 tandem
1128 3287 1216 3336 con·
1265 3282 1323 3338 tus
1337 3279 1408 3350 est,
1431 3278 1559 3337 utnon
1575 3266 1788 3339 recusaverit
1801 3265 1877 3334 fieri
1890 3265 2050 3371 supplex.
2084 3263 2262 3338 Audierat

224 3367 325 3439 venit
338 3367 408 3450 ita,
431 3380 472 3437 ut
489 3365 691 3435 Fridericus
708 3364 873 3435 Venetiae
889 3366 1038 3451 veniret,
1062 3378 1097 3435 et
1112 3366 1166 3435 ibi
1180 3389 1216 3436 se
1265 3381 1301 3439 et
1317 3362 1564 3438 Theodosium
1583 3380 1686 3438 antea
1707 3367 1754 3439 ab
1774 3362 1967 3437 Ambrosio
1988 3367 2133 3438 veniam
2153 3368 2262 3440 errati

226 3470 272 3540 ad
290 3466 587 3561 pedesPontibcis
603 3466 781 3551 obiiceret,
796 3479 831 3538 et
847 3466 1106 3537 absolutionem
1120 3480 1216 3556 pete·
1266 3468 1420 3561 petiisse.
1466 3466 1606 3558 Magna
1622 3482 1740 3539 autem
1753 3468 1874 3545 visast
1892 3468 2097 3559 religionis,
2121 3493 2203 3539 curn
2219 3468 2260 3539 in

225 3583 299 3658 ret3
326 3570 456 3640 deinde
472 3570 662 3640 constituta
677 3592 761 3661 pace
777 3568 815 3637 in
831 3566 944 3650 ltalia,
961 3568 1105 3638 duceret
1119 3591 1217 3636 exer·
1267 3569 1435 3641 omnibus
1467 3570 1572 3641 bonis
1597 3569 1685 3640 viris
1710 3570 1864 3663 ubique,
1902 3583 1979 3641 tum
2005 3568 2193 3661 praecipue
2215 3569 2257 3639 in

227 3670 337 3746 citum
356 3673 395 3742 in
409 3666 543 3744 Asiam.
594 3668 670 3742 Has
685 3670 909 3740 conditiones
923 3667 1137 3754 Pridericus,
1152 3667 1215 3741 etsi
1268 3671 1476 3758 Germanis,
1500 3696 1589 3767 quos
1606 3673 1717 3742 multa
1739 3671 1898 3762 exempla
1918 3684 2104 3755 testantur,
2129 3692 2258 3760 magna

225 3773 335 3847 umis
357 3769 474 3845 adhuc
497 3775 611 3844 luerat
629 3772 810 3865 superior,
834 3771 984 3864 accepit,
1008 3783 1127 3842 tamen
1147 3768 1218 3840 Ve-
1266 3775 1463 3846 constantia
1479 3774 1687 3864 religionem
1703 3796 1777 3843 non
1794 3773 1910 3845 solum
1927 3773 2019 3843 vitae
2037 3797 2078 3843 ac
2093 3772 2262 3859 fortunis,

227 3876 332 3949 netiis
345 3875 472 3946 abiecit
487 3896 525 3944 se
538 3875 584 3944 ad
595 3872 779 3945 Pontificis
794 3874 912 3965 pedes,
924 3871 1050 3965 petivit
1064 3872 1217 3948 veniam.
1265 3877 1329 3947 sed
1343 3875 1447 3946 ctiam
1460 3875 1624 3964 dignitati
1646 3887 1861 3966 anteponere
1877 3874 2001 3947 solere.
2054 3870 2168 3945 Cessit
2188 3874 2259 3963 igi-

224 3975 300 4053 Nec
322 3978 391 4048 fuit
412 3991 599 4051 contentus
612 3974 778 4047 Pontifex
800 3971 867 4046 hac
890 3973 1117 4068 imperatoris
1138 4000 1218 4047 mo-
1266 3990 1327 4048 tur
1340 3978 1385 4048 de
1399 4000 1464 4048 suo
1477 3976 1556 4047 iure
1571 4000 1646 4046 non
1662 3989 1777 4060 metu,
1801 3999 1875 4045 non
1891 3975 2132 4047 imbecillitate
2143 3975 2259 4045 animi

228 4079 359 4164 destia,
384 4079 447 4172 qui
464 4092 539 4150 erat
552 4080 664 4149 factus
677 4078 836 4169 supplex,
860 4078 920 4147 sed
935 4078 1075 4149 addidit
1089 4091 1217 4149 contu·
1266 4080 1416 4164 fractus,
1442 4080 1503 4148 sed
1520 4081 1673 4172 quadam
1688 4076 1872 4165 religionis
1891 4077 2082 4168 opinione,
2106 4100 2198 4171 quae
2218 4072 2261 4146 in

227 4183 350 4253 melias
373 4179 546 4268 insignes3
579 4181 705 4270 pedem
734 4178 828 4247 collo
851 4175 1078 4268 imperatoris
1100 4180 1216 4269 impo-
1266 4181 1395 4253 animis
1409 4182 1500 4251 bene
1521 4179 1693 4252 institutis
1705 4178 1824 4249 valere
1840 4176 2037 4270 plurimum
2054 4179 2169 4263 debet,
2195 4179 2263 4249 ad·

228 4282 311 4360 suit,
334 4293 370 4350 et
393 4280 494 4349 iussit
506 4278 705 4349 acclamari:
730 4277 847 4369 Super
860 4277 1017 4369 aspidem
1039 4292 1075 4349 et
1095 4280 1218 4349 basili·
1265 4286 1404 4355 ductus.
1439 4277 1487 4353 Et
1501 4281 1602 4352 cessit
1618 4279 1783 4352 utilitatis
1796 4280 1961 4371 publicae
1975 4303 2093 4365 causa,
2116 4293 2159 4351 ut
2171 4303 2262 4351 con·

228 4406 309 4453 cum
325 4380 535 4451 ambulabis.
567 4374 813 4450 Oiuauditam
830 4379 1030 4471 superbiam
1048 4392 1217 4473 ettyran·
1265 4384 1388 4456 stituta
1419 4384 1520 4454 lirms
1546 4381 1736 4455 concordia
1768 4380 1806 4450 in
1832 4377 1997 4473 Europa,
2030 4381 2262 4461 latrocinium

227 4480 368 4554 nidem!
420 4475 566 4553 Ethnici
581 4476 697 4569 Reges
718 4503 758 4548 ac
781 4476 897 4550 Duces
915 4480 1111 4550 reverentia
1128 4482 1217 4569 regii
1267 4480 1547 4556 Mahometicum
1572 4484 1613 4553 in
1634 4480 1719 4554 Asia
1740 4482 1887 4574 reprimi
1910 4497 2038 4576 posset.
2097 4481 2263 4572 Quodsi

228 4585 384 4656 nominis
412 4584 516 4654 etiam
545 4582 581 4651 vi
611 4595 730 4673 captos
754 4579 869 4673 Reges
889 4605 992 4674 saepe
1023 4576 1216 4652 honorifice
1264 4581 1474 4657 Ennianum
1503 4585 1595 4657 illud
1626 4583 1704 4655 iure
1730 4584 1916 4667 laudatur,
1948 4584 2046 4679 quod
2073 4585 2118 4655 de
2146 4580 2262 4655 Fabio

228 4698 434 4760 tractarunt.
476 4680 580 4758 Gerte
595 4685 705 4756 simili
719 4683 883 4776 snperbia
899 4686 1067 4755 adversus
1081 4681 1214 4774 Regem
1264 4688 1401 4759 dictum
1420 4700 1489 4756 est:

229 4788 268 4860 in
288 4788 528 4880 pacificatione
553 4813 658 4858 nemo
680 4811 839 4881 unquam
860 4809 946 4858 usus
967 4801 1030 4858 est.
1091 4786 1215 4881 Itaque

227 4913 416 4980 generosus
437 4893 578 4961 animus
601 4891 639 4961 in
663 4885 731 4960 hoc
754 4889 831 4981 ipso
848 4889 1044 4980 spectaculo
1061 4889 1214 4963 ostendit

227 5016 264 5062 se
278 4993 488 5081 indignitate
506 4994 557 5079 rei
573 4991 720 5064 moveri.
767 4988 969 5060 Fridericus
984 4991 1079 5058 enim
1099 4990 1212 5081 palam
1263 4986 1402 5082 Dignus
1421 4992 1525 5065 etiarn
1542 4994 1647 5065 laude
1661 4991 1866 5066 Fridericus
1885 4993 1970 5077 erit,
1996 4993 2059 5086 qui
2074 4991 2259 5082 dignitatis

228 5095 464 5184 interpellavit
478 5093 703 5164 Pontificem:
735 5090 817 5162 Non
832 5091 917 5174 tibi,
941 5090 1126 5184 inquiens,
1150 5098 1211 5161 sed
1262 5094 1432 5166 iacturam
1460 5119 1575 5189 aequo
1599 5097 1719 5167 auimo
1748 5096 1831 5168 tulit
1863 5108 2009 5187 propter
2032 5118 2261 5166 communem

224 5193 343 5268 Petro.
380 5193 608 5284 significabat
620 5195 715 5263 enim
731 5217 767 5262 se
783 5194 914 5262 factum
930 5215 1003 5261 esse
1016 5192 1210 5281 supplicem
1261 5195 1422 5271 salutem.
1473 5196 1658 5270 Praeterea
1675 5196 1833 5269 arbitror
1845 5221 1952 5282 eum,
1977 5196 2118 5267 etiamsi
2133 5211 2262 5287 peten-

225 5321 299 5367 non
328 5292 413 5367 huic
439 5294 630 5389 Tyranno,
670 5296 730 5364 sed
760 5293 986 5386 Apostolicae
1016 5293 1210 5366 autoritati.
1260 5296 1326 5366 dae
1341 5298 1576 5372 absolutionis
1589 5323 1711 5384 causa,
1737 5323 1812 5370 non
1833 5298 2011 5371 dubitavit
2028 5322 2064 5367 se
2080 5301 2124 5368 ad
2148 5301 2261 5391 pedes

224 5395 410 5472 Reclamat
424 5395 519 5493 Papa
536 5397 736 5494 tyrannice:
767 5394 816 5468 Et
829 5391 918 5467 mihi
934 5400 968 5468 et
982 5395 1099 5467 Petro.
1148 5395 1209 5469 Sic
1258 5395 1443 5474 Pontificio
1461 5403 1631 5489 abiicere,
1655 5415 1776 5474 tamen
1792 5403 1949 5497 reliquas
1971 5400 2005 5470 ei
2022 5399 2259 5474 contumelias

1389 4841 1461 4908 Non
1477 4846 1609 4929 ponebat
1621 4847 1703 4911 enim
1718 4868 1854 4910 rumores
1867 4857 1936 4906 ante
1951 4846 2089 4907 cuntem.
