4732 6030
117 320 226 397 are
627 297 786 375 naen
826 291 903 369 nn
935 272 1138 365 nicroi
1179 293 1268 367 srs
1301 285 1605 365 tartarus
1633 307 1717 364 erc.
2114 290 2194 365 reo

151 496 206 572 Er
233 493 382 566 lectione
407 490 565 554 sumatur
595 473 755 543 doctrina
778 469 918 539 redacta
940 466 979 534 in
1003 488 1144 555 corpus,
1195 462 1353 534 docentis
1372 485 1499 532 norma
1521 461 1638 535 lectio.
1689 459 1780 529 Nam
1801 482 1841 527 ex
1856 458 1928 528 illis
1948 460 2130 545 fontibus,
2156 465 2196 536 id

155 616 189 672 et
216 588 415 671 testimonia
444 586 483 651 in
511 577 612 649 libris
645 586 904 652 monstrentur,
939 568 1146 637 ostendatur
1196 579 1267 651 est,
1293 589 1334 634 ex
1357 564 1459 633 libris
1483 559 1700 657 propheticis
1725 575 1759 630 et
1786 562 1990 652 apostolicis
2019 569 2197 639 sumenda

155 703 241 790 legis
265 708 298 764 et
310 683 496 776 Evangelii
517 677 726 760 discrimen,
755 688 788 743 et
809 673 935 741 ordine
960 671 1147 738 tradantur
1197 681 1248 737 est
1263 667 1461 757 explicatio.

157 795 295 874 articuli
310 789 412 872 fidei,
437 799 470 855 et
485 780 623 852 erudite
637 778 877 852 illustrentur,
903 795 941 839 ac
955 772 1149 860 prudenter
1300 765 1346 838 Et
1362 763 1446 836 haec
1457 764 1639 852 diligentia
1656 776 1747 832 recte
1764 763 1936 848 docendi,
1962 766 2120 856 primum
2134 793 2198 838 ne-

157 907 272 972 fontes
290 915 412 964 eorum
430 884 715 959 considerentur,
743 879 781 945 in
806 877 935 969 quibus
956 872 1042 941 loris
1065 896 1150 962 pro·
1201 870 1347 940 cessaria
1369 882 1421 938 est
1448 869 1491 936 ad
1513 890 1630 934 veram
1651 863 1867 954 agnitionem
1892 863 1959 935 Dei
1987 870 2087 938 etad
2118 872 2199 940 ani-

158 1000 380 1096 pheticorum
397 1004 431 1059 et
449 984 721 1078 apostolicorum
741 980 915 1048 librorum
930 974 1061 1063 singuli
1079 988 1152 1043 tra-
1202 995 1338 1040 marum
1355 971 1521 1038 salutem:
1549 968 1676 1035 deinde
1700 981 1734 1037 et
1761 969 1805 1035 ad
1823 970 2051 1038 concordiam
2075 974 2200 1062 publi.

160 1109 300 1174 dantur,
1204 1098 1278 1142 cam
1294 1072 1513 1139 retinendam
1531 1069 1628 1137 utilis
1644 1081 1706 1138 est.
1756 1066 1961 1162 Pleruuque
1978 1073 2072 1141 enim
2088 1075 2200 1143 dissi-

263 1199 491 1271 Disccrnatur
506 1185 666 1258 doctrina
684 1184 727 1251 de
745 1179 843 1263 Deo,
869 1177 1013 1269 propria
1031 1171 1154 1242 Ecclc·
1204 1176 1261 1243 dia
1279 1173 1443 1241 oriuntur
1459 1171 1560 1252 inde,
1587 1194 1667 1239 cum
1686 1169 1902 1258 negligentes
1919 1169 2087 1243 Doctores
2103 1178 2201 1247 dicta

165 1310 236 1376 siae
270 1301 314 1370 ab
345 1291 495 1366 ethnicis
529 1303 563 1358 et
596 1286 675 1355 aliis
707 1281 945 1373 opinionibus.
1007 1275 1154 1344 Necesse
1207 1276 1398 1365 impropria
1414 1285 1600 1363 spargunt,
1626 1273 1917 1364 quaedissimiles
1930 1275 2137 1362 opiniones,
2163 1293 2198 1349 et

167 1422 217 1477 est
232 1403 325 1471 enim
343 1396 470 1466 sentire
490 1393 533 1460 de
552 1390 647 1470 Deo,
675 1385 764 1453 sicut
786 1408 822 1452 se
847 1379 1026 1472 patefecit,
1052 1399 1155 1443 mon·
1206 1391 1245 1446 nt
1261 1380 1309 1444 ita
1328 1376 1464 1458 dicam,
1489 1373 1675 1442 dissimiles
1693 1373 1788 1441 ideas
1805 1373 1841 1441 in
1859 1377 2039 1446 mentibus
2057 1381 2198 1449 audito·

166 1504 284 1579 stratis
313 1501 427 1570 tribus
454 1491 630 1586 personis,
664 1499 807 1556 aeterno
831 1482 956 1559 Patre,
982 1479 1096 1559 Filio,
1123 1489 1156 1543 ct
1208 1503 1285 1548 rum
1303 1478 1463 1565 gignunt.
1515 1475 1569 1543 Sit
1596 1474 1702 1562 igitur
1726 1477 1840 1544 oratio
1866 1477 2024 1547 docentis
2042 1483 2198 1571 propria,

169 1608 306 1700 Spiritu
322 1613 454 1669 sancto.
516 1589 723 1681 Exponatur
741 1586 941 1654 mirandum
957 1582 1021 1650 Dei
1041 1579 1156 1648 consi·
1209 1579 1371 1650 distincta
1408 1592 1441 1646 et
1476 1576 1677 1667 perspicua,
1729 1589 1762 1644 et
1796 1577 1841 1646 sit
1876 1601 1947 1647 una
1975 1584 2202 1652 consentiens

168 1711 277 1788 lium,
303 1701 396 1794 quod
417 1695 559 1768 comsit
577 1693 708 1773 iustus,
742 1702 776 1757 et
792 1682 1012 1754 horribiliter
1031 1682 1158 1747 irasca-

169 1826 227 1881 tur
247 1818 405 1898 peccato‚
434 1802 480 1868 ita
505 1799 648 1864 demum
674 1788 805 1881 placari
823 1785 1048 1854 iustissimam
1071 1781 1157 1847 iram

171 1908 340 1984 voluerit,
366 1901 448 1996 quia
470 1897 566 1967 filius
586 1893 697 1962 factus
720 1904 770 1960 est
792 1887 939 1978 supplex
962 1882 1159 1974 pronubis,

173 2026 206 2081 et
227 2012 263 2077 in
292 2029 364 2075 sese
385 2005 474 2071 iram
499 1994 691 2075 derivavit,
725 2005 759 2060 et
775 2014 839 2082 pro
859 1987 963 2056 nobis
982 1983 1158 2075 piaculum

174 2108 360 2183 etvictima
383 2107 494 2173 factus
515 2113 577 2169 est.
628 2092 836 2163 Doctrinam
857 2090 962 2157 etiam
980 2100 1161 2156 teneamus

174 2217 217 2285 de
239 2209 377 2279 duabus
400 2206 439 2272 in
462 2200 535 2268 filio
560 2196 713 2272 naturis,
749 2193 843 2261 iuxta
867 2189 973 2257 illud:
1011 2184 1058 2254 Et
1083 2207 1162 2251 ver-

174 2319 260 2384 bum
278 2333 357 2378 caro
375 2306 504 2373 factum
524 2313 583 2367 est.
622 2295 760 2364 Deinde
778 2293 1017 2360 discernamus
1031 2285 1164 2354 doctri-

176 2439 259 2484 nam
284 2413 327 2477 de
349 2403 555 2476 remissione
579 2409 799 2489 peccatorum
822 2392 993 2481 gratuita,
1025 2388 1070 2456 ah
1086 2386 1164 2477 opi-

175 2514 344 2585 nionibus
368 2502 517 2575 ethnicis
540 2513 574 2569 et
591 2493 814 2589 pharisaicis,
841 2516 931 2585 quae
946 2491 1084 2577 fingunt
1099 2510 1163 2577 pro

175 2614 305 2686 nostris
338 2607 473 2678 delictis
500 2601 657 2692 precium
687 2610 722 2666 et
752 2592 1074 2684 compensationem
1103 2611 1166 2657 seu

176 2712 294 2806 λύτρα
328 2733 400 2779 esse
426 2719 545 2775 nostra
576 2700 776 2779 benefacta,
809 2697 1050 2764 discernamus
1084 2690 1166 2760 fidei

177 2815 383 2891 iustitiama
403 2805 609 2897 disciplina,
632 2802 808 2870 discamus
831 2797 891 2889 qui
910 2797 982 2863 sint
999 2793 1073 2860 veri
1091 2793 1167 2861 cnl-

86 2998 90 3007 ,
178 2936 254 3001 tus,
280 2917 523 2985 discernamus
537 2901 799 2972 invocationem
817 2898 884 2969 Dei
903 2895 1081 2986 propriam
1097 2892 1168 2962 Ec-

179 3021 302 3093 clesiae
326 3015 370 3084 ab
393 3007 551 3091 ethnica,
577 3006 752 3074 discamus
769 3001 855 3093 quid
873 3001 918 3067 sit
932 2993 1108 3079 Ecclesia,
1135 3009 1168 3064 et

179 3122 266 3215 quid
287 3117 331 3185 ab
352 3113 509 3204 imperiis
533 3109 682 3176 diflerat.
749 3101 846 3171 llaec
868 3099 986 3169 omnia
1013 3098 1050 3165 in
1074 3121 1169 3190 sym-

180 3222 264 3292 bolo
286 3219 326 3285 in
353 3211 583 3302 explicatione
607 3205 850 3277 Articulorum
871 3200 952 3270 fidei
968 3200 1094 3271 ordine
1109 3223 1170 3267 ex-

179 3320 344 3417 ponenda
362 3325 454 3382 sunt.

281 3418 363 3489 Non
379 3426 449 3496 est,
474 3420 514 3477 ut
532 3405 634 3474 multi
653 3404 785 3474 indocti
803 3402 1020 3483 existimant,
1045 3398 1170 3469 Eccle-

180 3530 251 3597 siae
272 3516 462 3610 sapientia,
488 3508 733 3590 barbaricum,
759 3503 998 3585 ineruditum,
1018 3515 1051 3570 et
1072 3525 1171 3589 agre-

181 3644 231 3699 ste
258 3620 440 3691 doctrinae
469 3633 596 3703 genus,
627 3621 668 3678 ut
692 3610 836 3677 fuerunt
860 3605 951 3692 leges
977 3605 1170 3672 multarum

181 3725 351 3820 gentium.
408 3715 481 3787 Nec
502 3727 554 3781 est
576 3722 713 3781 tantum
733 3702 963 3796 Philosophia
986 3707 1031 3773 de
1060 3705 1171 3773 mori-

180 3835 264 3912 bus,
289 3839 330 3894 ut
345 3819 449 3891 multi
464 3827 607 3906 putant,
630 3824 663 3880 et
678 3825 718 3879 ut
735 3833 801 3878 nos
817 3807 1043 3877 meminimus
1057 3830 1171 3898 quen-

181 3937 263 4003 dam
279 3920 496 4009 theologiae
521 3919 700 3985 doctorem
726 3911 860 3980 dicere:
890 3906 1010 3979 Etiam
1035 3908 1171 3977 arnissis

181 4032 282 4103 libris
307 4018 522 4117 propheticis
545 4030 577 4085 et
603 4013 823 4105 apostolicis,
854 4024 990 4082 tantum
1008 4010 1046 4078 in
1064 4005 1171 4078 Ethi-

182 4138 231 4207 cis
248 4125 451 4201 Aristotelis
474 4117 665 4208 sapientiae
688 4137 779 4198 esse,
812 4128 851 4183 ut
867 4136 908 4180 ex
926 4137 966 4181 co
987 4111 1080 4180 libro
1093 4110 1170 4179 solo

181 4235 266 4306 satis
294 4227 413 4298 doceri
435 4219 592 4290 Ecclesia
614 4217 735 4304 possit.
796 4211 848 4282 Ac
874 4235 1010 4304 possem
1040 4212 1172 4284 similes

182 4353 320 4408 errores
338 4325 532 4394 multorum
556 4317 724 4400 recitare,
745 4337 898 4406 quorum
915 4335 1172 4382 commemora·

183 4440 235 4510 tio
253 4457 293 4500 eo
307 4426 465 4518 prodest,
490 4417 573 4511 quia
591 4431 623 4485 ct
642 4428 763 4484 monet
777 4426 816 4483 ut
831 4416 1023 4504 prudenter
1039 4413 1172 4482 discer-

183 4555 310 4609 namus
334 4545 461 4618 genera
492 4518 753 4598 doctrinarum,
788 4527 821 4583 et
846 4510 1008 4584 hortatur
1036 4517 1172 4584 nos'ad

181 4634 408 4710 discendum,
441 4647 486 4692 ne
507 4641 629 4689 rursus
651 4617 711 4686 lux
732 4613 917 4706 Evangelii
938 4615 1172 4704 extinguatur,

182 4757 215 4815 et
232 4763 323 4809 nova
341 4729 490 4817 caligine
505 4722 634 4791 veritas
651 4719 865 4790 involvatur.
907 4717 1061 4809 ldeoque
1078 4715 1173 4787 Pau-

182 4846 238 4914 lus
265 4832 485 4924 diligentiam
508 4841 541 4895 et
563 4822 794 4892 attentionem
817 4845 891 4889 non
919 4819 1034 4889 solum
1059 4818 1097 4888 in
1120 4819 1173 4888 le-

1209 1705 1276 1749 vor
1297 1677 1492 1762 Ecclesiae,
1525 1701 1647 1746 verum
1668 1673 1784 1746 Deum
1799 1690 1890 1747 recte
1912 1693 1944 1749 et
1959 1683 2127 1753 ardenter
2145 1687 2205 1753 in-

1211 1805 1351 1853 mmm.

1311 1881 1415 1951 Nunc
1437 1882 1481 1949 de
1503 1878 1605 1949 tertio
1628 1881 1787 1949 membro
1814 1881 1944 1968 dicam,
1970 1884 2138 1957 videlicet
2156 1889 2205 1955 de

1211 1984 1464 2055 consolatione.
1514 1979 1596 2049 Non
1621 1983 1703 2050 satis
1725 1994 1775 2051 est
1800 1983 1913 2071 legere
1937 1986 2047 2056 libros
2070 2011 2205 2072 sacros,

1213 2111 1277 2155 nec
1299 2085 1381 2154 satis
1415 2097 1466 2152 est
1494 2082 1690 2151 doctrinam
1716 2106 1834 2168 nosse,
1870 2098 1911 2153 ut
1934 2103 2070 2158 norunt
2097 2092 2205 2159 multi

1212 2184 1328 2257 hostes
1353 2184 1430 2253 Dei.
1491 2183 1562 2253 Sed
1588 2185 1727 2252 accedat
1747 2187 1791 2253 ad
1807 2186 1994 2257 lectionem
2012 2205 2044 2260 et
2068 2193 2112 2259 ad
2129 2206 2204 2261 stu-

1214 2291 1314 2358 dium
1350 2285 1551 2367 doctrinac‚
1597 2286 1761 2353 ultimum
1796 2287 1886 2356 illud
1922 2315 2029 2381 opus,
2069 2295 2206 2363 scilicet

1215 2388 1428 2471 consolatio,
1458 2411 1503 2454 ne
1523 2387 1681 2476 oppressi
1705 2402 1845 2478 peccato
1869 2403 1903 2459 et
1924 2407 2051 2475 morte,
2078 2419 2205 2485 perea-

1215 2516 1306 2565 mus.
1344 2487 1426 2558 Non
1442 2485 1727 2557 delectarisDeus
1744 2491 1942 2579 perditione
1955 2508 2092 2580 nostra,
2115 2496 2206 2564 scri-

1216 2607 1316 2686 ptum
1341 2605 1411 2674 est,
1452 2603 1488 2660 et
1509 2586 1606 2657 Deus
1627 2589 1701 2679 ipse
1724 2590 1858 2685 inquit:
1901 2594 1989 2664 Vivo
2013 2619 2093 2685 ego,
2117 2599 2204 2667 nolo

1217 2708 1365 2763 mortem
1387 2691 1598 2783 peccatoris,
1620 2689 1696 2768 ised
1717 2707 1757 2763 ut
1785 2712 2009 2767 convectatur
2036 2713 2067 2769 et
2098 2700 2206 2771 vivat.

1218 2793 1384 2865 Patefecit
1409 2793 1517 2881 igitur
1538 2816 1574 2860 se
1596 2791 1709 2877 Deus,
1741 2797 1839 2865 dedit
1863 2793 2044 2887 Evangelii
2068 2826 2206 2884 vocem,

1219 2897 1315 2971 misit
1336 2895 1469 2977 filium,
1501 2918 1575 2961 non
1596 2895 1641 2962 ad
1664 2889 1731 2964 hoc
1750 2921 1863 2966 unum
1887 2924 1992 2989 opus,
2026 2915 2064 2971 ut
2079 2915 2206 2990 arguat

1220 3010 1378 3090 peccata,
1411 2997 1470 3064 sed
1496 2995 1682 3086 praecipue
1705 2999 1750 3066 ad
1776 2994 1871 3069 hunc
1899 3002 2027 3088 linem,
2057 3019 2098 3076 ut
2119 3029 2207 3073 voce

1219 3096 1405 3186 Evangelii
1422 3111 1456 3165 et
1464 3095 1601 3186 Spiritu
1616 3122 1680 3167 suo
1696 3114 1818 3168 sancto
1830 3106 2034 3174 consoletur
2049 3123 2083 3174 et
2097 3108 2207 3196 erigat

1222 3214 1360 3293 pectora
1378 3213 1515 3278 nostra,
1542 3199 1631 3268 etin
1650 3201 1752 3266 nohis
1768 3202 1883 3268 lucem
1902 3218 1937 3273 et
1956 3207 2131 3276 iusticiam
2151 3233 2208 3277 ac-

1221 3304 1366 3384 cendat,
1385 3324 1520 3391 nosque
1533 3300 1663 3368 abolito
1677 3310 1816 3387 peccato
1831 3315 1863 3369 et
1878 3318 2015 3390 morte,
2041 3305 2207 3380 haeredes

1220 3404 1313 3472 vitae
1328 3417 1360 3471 et
1377 3402 1498 3468 salutis
1513 3414 1670 3470 aeternae
1687 3399 1825 3468 efficiat.
2195 3464 2199 3475 ,

1322 3501 1484 3594 Cumque
1513 3501 1643 3571 Paulus
1671 3502 1947 3573 consolationem
1979 3508 2123 3579 lectioni
2146 3513 2211 3580 ad-

1221 3605 1355 3694 iungit,
1380 3599 1447 3674 hoc
1468 3606 1584 3694 ipsum
1609 3618 1747 3686 monet,
1779 3601 1890 3674 Deum
1904 3629 1967 3694 per
1985 3604 2077 3677 hanc
2094 3612 2211 3698 ipsam

1222 3732 1342 3775 vocem
1367 3707 1662 3796 promissionum,
1695 3728 1800 3797 quam
1816 3706 1852 3773 in
1869 3707 1968 3775 libris
1988 3705 2208 3799 propheticis

1222 3822 1257 3877 et
1277 3809 1478 3898 apostolicis
1502 3808 1669 3895 legimus,
1703 3807 1877 3876 efficacem
1900 3832 1988 3892 esse,
2019 3813 2111 3901 quod
2137 3813 2210 3882 etsi

1223 3904 1417 3999 prophanis
1432 3909 1623 3978 ridiculum
1638 3910 1793 3992 videtur,
1818 3922 1934 3978 tamen
1950 3933 2013 3978 nos
2028 3912 2066 3979 in
2083 3909 2214 3982 Eccle-

1222 4011 1273 4079 sia
1295 4024 1388 4080 certo
1414 4011 1561 4094 scimus,
1590 4007 1705 4079 Deum
1732 4010 1811 4077 ideo
1836 4010 2026 4081 instituisse
2048 4014 2214 4087 ministe-

1222 4107 1528 4213 riumEvangelii‚
1553 4125 1593 4180 ut
1609 4113 1784 4200 legamus,
1810 4113 2003 4197 discamus,
2028 4116 2215 4187 audiamus

1223 4237 1344 4283 vocem
1369 4209 1573 4302 Evangelii,
1607 4226 1641 4281 et
1663 4227 1702 4283 ut
1722 4236 1785 4303 per
1806 4237 1883 4282 eam
1907 4238 2027 4283 vocem
2047 4217 2085 4284 in
2107 4219 2214 4289 nobis

1222 4317 1284 4384 lux
1300 4315 1456 4385 coelestis
1471 4314 1636 4405 aSpiritu
1651 4328 1772 4384 sancto
1782 4311 2078 4386 Deiaccendatur.
2117 4317 2214 4391 Haec

1224 4417 1273 4486 ita
1295 4417 1370 4484 lieri
1395 4432 1526 4488 certum
1548 4431 1616 4495 cst,
1649 4441 1728 4484 cum
1750 4440 1838 4485 voce
1853 4418 2131 4507 promissionum
2148 4445 2213 4492 nos

1224 4531 1477 4601 sustentamus,
1515 4531 1549 4586 et
1582 4517 1799 4587 dubitationi
1835 4541 1877 4585 ac
1905 4519 2125 4590 diffidentiae
2159 4547 2217 4595 re.

1223 4642 1434 4709 pugnamus.
1494 4617 1615 4708 ltaque
1640 4619 1826 4687 execrandi
1856 4633 1939 4690 sunt
1962 4617 2216 4696 Enthusiastae

1224 4735 1260 4790 et
1283 4717 1554 4808 Anahaptistae,
1585 4733 1619 4788 et
1645 4720 1793 4805 similes,
1828 4722 1891 4811 qui
1914 4723 2040 4810 spretis
2056 4724 2161 4793 libris
2182 4740 2217 4796 et

1223 4821 1350 4891 omissa
1368 4822 1518 4891 lectione
1533 4844 1644 4889 novos
1661 4822 1799 4890 afflatus
1815 4837 2014 4911 expectant,
2040 4838 2078 4893 ut
2092 4828 2216 4897 audivi

143 4988 146 4996 ·
182 4943 297 5036 gendo
313 4934 485 5028 postulat,
512 4928 572 4996 sed
589 4925 696 4994 ellam
717 4923 755 4991 5¹1
771 4924 947 4992 docendo·
997 4919 1172 5011 Magnum
1223 4924 1338 4992 dicere
1356 4925 1533 5015 quendam
1550 4923 1840 5011 Anabaptistam,
1873 4947 2216 4998 senonunonum·

181 5048 275 5118 anim
303 5053 336 5106 et
356 5033 498 5103 difficile
521 5050 609 5119 opus
633 5037 706 5110 est,
738 5048 840 5108 vere,
874 5036 986 5102 tecte,
1017 5024 1172 5112 proprie,
1223 5049 1281 5092 mo
1299 5040 1499 5114 empturum
1516 5048 1589 5092 esse
1605 5047 1728 5092 omrres
1750 5024 1887 5092 codices
1905 5027 2216 5102 coelestisdoctri-

181 5147 365 5222 distincte,
391 5133 571 5226 perspicue
588 5126 760 5217 explicare
774 5125 970 5194 doctrinam
985 5119 1171 5206 Ecclesiae,
1224 5150 1288 5194 nae
1302 5126 1339 5193 in
1354 5151 1465 5194 untnn
1480 5125 1662 5195 cumulum
1678 5125 1834 5194 collatos.
1888 5121 1940 5196 Ac
1957 5129 2054 5197 illius
2068 5134 2218 5222 quidem

178 5256 225 5323 ita
241 5261 280 5318 ut
296 5258 330 5314 et
345 5253 385 5309 tu
402 5238 474 5325 ipse
491 5231 716 5300 circumferas
739 5227 776 5295 in
801 5238 916 5294 mente
938 5225 1037 5317 quasi
1055 5226 1169 5292 ideam
1223 5229 1323 5297 furor
1336 5228 1541 5297 manifestus
1557 5241 1650 5309 erat,
1677 5227 1736 5294 sed
1752 5227 1894 5296 initium
1910 5229 2034 5297 talium
2051 5231 2217 5304 furorum

179 5349 308 5440 integri
334 5335 501 5418 aedilicii,
532 5350 707 5400 summam
728 5328 928 5405 doctrinae,
961 5340 995 5395 et
1017 5325 1169 5394 similem
1223 5330 1337 5397 oritur
1359 5354 1400 5397 ex
1424 5324 1491 5398 hac
1515 5330 1702 5419 opinione,
1734 5352 1824 5419 quae
1849 5330 1949 5417 fingit
1973 5331 2165 5404 lectionem
2185 5353 2219 5408 et

177 5461 292 5526 ideam
314 5437 494 5540 pingasin
513 5431 692 5503 mentibus
709 5432 924 5502 auditorum.
983 5425 1038 5498 Sit
1054 5440 1169 5497 autem
1223 5429 1472 5520 cogitationem
1508 5432 1710 5501 divinarum
1743 5429 2021 5520 promissionum
2052 5434 2221 5510 inutilem
