4732 6030
208 236 284 319 886

671 223 829 301 DECL.
878 219 953 295 DE
1005 208 1496 293 INGRATITUDlNE
1537 204 1771 308 nucum.

2169 212 2248 293 ddd

212 425 443 503 ¹cognatarum
482 426 602 476 morsu
641 398 840 482 abstinent,
877 393 1091 487 gladiatores
1118 414 1203 462 vero
1255 399 1291 456 et
1312 380 1482 455 Aiacem?
1533 378 1785 499 Intelligebant
1806 379 1907 499 enim
1923 374 2063 452 horum
2079 382 2250 461 virtutem

212 500 347 597 mutuis
368 510 532 583 caedibus
553 506 591 572 in
611 524 684 572 sese
707 512 827 573 ruunt.
886 496 1010 594 ltaque
1031 511 1065 568 et
1078 491 1205 565 hortor
1255 485 1433 580 praesidio
1455 506 1529 555 esse
1549 506 1716 554 universo
1741 496 1920 556 exercitus.
1980 481 2102 570 Quare
2120 500 2154 556 et
2182 481 2251 571 his,

212 631 251 688 et
265 641 329 689 oro
351 633 473 685 omues
488 604 683 689 studiosos,
711 615 751 674 ut
765 602 863 673 omni
879 623 1006 692 genere
1024 598 1131 670 ollicii
1148 596 1205 665 iu·

215 708 299 791 vare
315 714 443 803 Remp.
462 722 494 777 et
509 708 602 778 tueri
617 729 843 777 communem
858 704 1085 774 concordiam
1100 698 1206 769 anni-

216 833 355 899 tentur,
386 813 426 882 ld
449 811 598 901 dignum
622 823 673 878 est
687 808 792 879 bonis
810 807 897 875 viris
915 820 948 877 et
962 805 1038 875 Deo
1054 815 1205 893 gratum,

218 936 252 992 et
276 931 317 987 ut
338 914 500 984 Psalmus
518 912 653 1005 inquit,
688 906 758 980 hoc
782 910 969 998 agentibus
992 904 1090 977 Deus
1107 903 1207 973 dabit

216 1017 513 1105 benedictionem.
558 1011 742 1084 Postremo
758 1011 841 1105 quia
859 1034 932 1079 nou
948 1023 1021 1080 tarn
1036 1031 1113 1077 mea
1127 1030 1208 1076 ora-

215 1124 331 1205 tione,
357 1143 462 1213 quam
487 1117 675 1186 autoritate
696 1127 731 1185 et
745 1114 917 1183 sententia
932 1113 1149 1202 optimorum
1174 1121 1209 1176 et

217 1219 600 1321 praestantissimorum
616 1232 781 1288 autorum
803 1239 866 1284 vos
889 1211 1077 1295 adhortor,
1102 1209 1209 1279 libuit

217 1330 259 1409 in
272 1325 342 1393 fine
362 1321 514 1394 adiicere
538 1319 770 1389 memorabile
790 1318 926 1387 dictum
949 1315 1119 1398 Senecae,
1146 1311 1209 1405 qui

219 1428 321 1505 sicin
337 1439 513 1518 postremo
531 1423 625 1492 libro
640 1424 685 1490 de
707 1422 760 1490 ira
783 1420 842 1489 ait:
870 1418 965 1506 Dum
982 1418 1075 1487 inter
1090 1411 1210 1484 homi-

219 1552 284 1601 nes
315 1550 457 1611 sumus,
491 1525 647 1595 colamus
677 1519 954 1604 humanitatem,
987 1542 1061 1590 non
1090 1514 1210 1589 timori

216 1631 406 1723 cuiquam,
437 1652 510 1697 non
542 1627 698 1719 periculo
728 1624 856 1708 simus,
889 1623 1120 1704 detrimenta,
1154 1619 1211 1686 in-

220 1733 350 1811 iurias,
385 1730 560 1810 convitia,
589 1726 829 1797 vellicationes
858 1737 1145 1803 contemnamus,
1178 1733 1211 1788 et

189 1853 194 1861 ’
219 1857 347 1924 magno
375 1832 495 1903 animo
526 1830 649 1899 brevia
672 1829 826 1899 ieramus
847 1826 1091 1907 incommoda,
1126 1824 1210 1890 dum

220 1935 447 2026 respicimus,
480 1933 576 2025 quod
602 1931 722 2015 aiunt,
755 1951 1004 2022 versamusque
1027 1949 1111 2010 nos,
1145 1924 1212 1991 im-

223 2037 420 2108 mortalitas
436 2034 563 2105 aderit.
615 2032 714 2104 Dixi.

225 2291 287 2305 μ...-
297 2289 555 2299 --......-......-.-..-
562 2287 695 2296 .---·.-.

1051 2474 1098 2512 ass.
1123 2450 1215 2513 1537.

1037 2555 1209 2585 QN

240 2451 308 2525 No.
324 2449 386 2523 46.
500 2394 502 2399 ·

230 2561 401 2595 Μ

404 2683 478 2766 De
508 2677 852 2790 ingratitudine
883 2679 1042 2762 cuculi.

295 2841 479 2964 *setta
497 2839 611 2978 libs
630 2835 761 2975 etsta
779 2834 1218 2974 tetus.effaetas:

329 2981 480 3033 orationem
499 2976 628 3047 scriptam
647 2994 704 3029 esre
723 2976 753 3027 ist
772 2974 863 3031 lacobi
881 2973 1040 3041 Schcncbii,
1064 2972 1219 3026 conciona-

330 3049 400 3102 toris
418 3045 622 3116 Freibcrgensis
641 3043 775 3112 ingratum
793 3042 915 3097 animum
934 3062 997 3112 erga
1016 3040 1217 3095 hlelsnthonem

332 3119 432 3173 docent
451 3116 588 3185 Epistolae
609 3111 670 3167 Vol.
686 3112 733 3167 ΙΙΙ.
753 3134 780 3184 p.
796 3113 856 3166 stc.
875 3120 901 3164 rt
916 3113 977 3164 427.

227 3298 356 3371 (trotio
383 3292 430 3363 de
456 3286 736 3385 asperitudine
758 3288 901 3372 cuculi,
925 3284 1056 3358 hadita
1077 3292 1119 3359 iss
1130 3310 1220 3379 pro·

226 3405 391 3471 motione
424 3394 693 3485 dloytstrocum
726 3410 749 3456 a
782 3391 960 3475 Derasso,
995 3393 1096 3483 May.
1119 3391 1220 3458 Am-

228 3500 382 3573 brosio
404 3489 755 3578 luterhocessss',
782 3510 881 3559 anno
901 3492 952 3561 Μ.
966 3492 1219 3561 amma.

229 3634 367 3725 Scitis,
395 3636 664 3720 Adolescentes,
689 3630 755 3704 hos
775 3635 1119 3727 coetusdisciplinae
1137 3662 1219 3706 cau-

230 3775 267 3822 sa
284 3743 467 3814 institutos
484 3763 576 3823 esse,
599 3751 638 3807 ut
653 3736 865 3806 conveniant
882 3732 951 3807 huc
968 3737 1022 3806 illi
1036 3741 1099 3831 qui
1119 3762 1219 3831 prae-

230 3864 313 3922 sunt
330 3842 559 3924 Academiae,
584 3842 627 3908 ad
645 3839 862 3930 inspicienda
880 3839 1074 3909 iuventutis
1091 3841 1219 3929 studia,

229 3969 265 4025 et
289 3949 424 4041 leliqua
444 3943 639 4015 multitudo
661 3966 725 4012 suo
748 3941 864 4011 officio
894 3943 1069 4024 declaret,
1101 3967 1137 4013 se
1159 3945 1221 4013 de-

230 4050 353 4127 lectari
378 4044 433 4118 his
455 4044 717 4135 congressibus,
750 4044 790 4110 in
812 4045 942 4135 quibus
964 4059 999 4114 et
1025 4046 1221 4116 doctissimi

229 4153 395 4229 homines
436 4145 674 4229 conveniunt,
731 4157 767 4211 et
807 4140 983 4214 habentur
1024 4149 1221 4231 orationes,

232 4253 383 4345 sumptis
405 4246 580 4329 materiis,
617 4268 658 4312 ex
680 4268 804 4332 magna
828 4248 979 4336 quadam
1006 4247 1221 4337 optimarum

232 4356 363 4431 artium
383 4349 569 4429 varietate,
602 4369 691 4438 quae
713 4359 796 4414 sunt
820 4346 924 4414 utiles
945 4348 1036 4417 vitae
1057 4372 1096 4416 ac
1109 4349 1220 4418 mori-

231 4462 310 4530 bus,
363 4449 415 4527 Ac
433 4471 516 4517 vero
533 4447 678 4516 iuvenes
698 4470 739 4514 eo
761 4446 859 4514 decet
871 4446 1041 4516 libentius
1056 4448 1222 4545 intepesse

232 4556 289 4632 his
312 4551 471 4649 pompis,
502 4548 585 4643 quia
609 4551 722 4617 bonae
744 4547 855 4618 menti
875 4548 1014 4619 nullum
1032 4551 1221 4621 estiucun-

232 4662 313 4733 dius
334 4652 589 4748 spectaculum,
616 4674 721 4744 quam
745 4650 864 4735 videre
888 4652 974 4721 tales
990 4665 1109 4724 coetus
1126 4655 1221 4723 viro-

233 4788 314 4833 rum
347 4750 594 4829 excellentium
631 4752 808 4843 ingeniis,⁴
847 4754 1028 4840 doctriua,
1077 4754 1222 4827 virtute.

233 4864 322 4940 Nam
347 4874 381 4930 et
406 4859 480 4951 ipsa
502 4856 644 4927 virtutis
659 4848 889 4947 pulchritudo
909 4857 946 4929 in
965 4858 1223 4948 praestantibus

234 4966 338 5047 viris,
373 4960 493 5031 oculos
517 4973 621 5052 atque
637 4958 774 5028 animos
794 4952 980 5027 homiuum
1002 4959 1148 5031 mirifice
1164 4985 1221 5032 ca-

233 5069 296 5161 pit.
348 5059 396 5133 Et
416 5062 514 5131 iuvat
537 5085 596 5129 eos
620 5061 715 5130 vicos
737 5060 885 5145 intueri,
911 5061 972 5154 qui
990 5076 1074 5133 sunt
1088 5062 1222 5155 praeci-

232 5195 302 5263 pua
324 5175 530 5237 ornamenta
564 5159 718 5251 Reipub.
778 5158 838 5232 An
864 5162 1068 5233 existimatis
1092 5165 1223 5234 exerci-

232 5268 317 5343 tum‘
334 5267 510 5338 Graecum
535 5264 579 5330 ad
601 5261 748 5336 Troiam
771 5265 965 5358 quidquam
991 5281 1160 5359 spectasse
1177 5267 1223 5335 li.
1246 5250 1249 5307 l

232 5374 393 5463 bentius,
426 5389 531 5462 quam
554 5387 625 5433 una
649 5365 850 5437 incedentes
871 5362 1015 5456 heroas,
1049 5364 1223 5439 Achillem
1245 5336 1250 5461 l

1257 589 1320 683 qui
1350 599 1519 681 praesunt
1543 581 1776 668 Academiae,
1807 584 1937 674 gratias
1963 606 2047 674 ago,
2080 591 2177 680 quod
2211 604 2253 663 ut

1257 704 1409 761 veterem
1436 686 1794 779 honestissimumque
1824 709 1961 763 morem
1988 707 2251 776 conservarent,

1258 817 1332 863 nou
1367 791 1538 881 gravatim
1571 785 1642 860 huc
1673 800 1915 873 accesserunt3
1958 802 1995 859 et
2028 792 2251 885 reliquorum

1258 896 1365 964 laudo
1383 892 1558 976 oibcium,
1584 891 1646 983 qui
1661 913 1724 959 sua
1740 891 1958 984 frequentia,
1983 893 2204 967 voluntatem
2217 910 2252 965 et

1259 996 1419 1067 studium
1440 1017 1544 1065 suum
1571 1015 1651 1081 erga
1678 1004 1921 1084 praeceptores
1949 998 2154 1066 ostendunt.
2205 993 2255 1068 Et

1260 1100 1429 1193 quoniam
1455 1089 1549 1165 nihil
1571 1093 1682 1183 magis
1703 1096 1803 1164 decet
1824 1094 1863 1162 in
1885 1119 2075 1185 congressu
2090 1099 2253 1170 erudito·

1261 1226 1351 1285 ctam,
1378 1223 1482 1293 quam
1499 1197 1728 1267 commentari
1745 1210 1805 1266 aut
1820 1198 1990 1267 disserere
2008 1201 2051 1268 de
2065 1201 2170 1271 rebus
2184 1201 2250 1270 ho-

1261 1303 1328 1389 nis,
1355 1316 1390 1371 et
1405 1296 1471 1369 hae
1482 1298 1624 1370 dicendi
1638 1313 1754 1389 partes
1768 1292 1859 1367 mihi
1870 1303 1971 1370 datae
1985 1315 2081 1386 sunt,
2102 1325 2250 1391 magno-

1286 1427 1344 1475 ere
1359 1402 1524 1495 optarim,
1550 1423 1607 1469 me
1624 1423 1725 1492 posse
1741 1398 1879 1471 adferre
1894 1401 2091 1471 orationem
2106 1404 2252 1495 dignam

1261 1431 1331 1576 hoc
1353 1501 1601 1575 honestissimo
1624 1516 1737 1575 coetu.
1789 1499 1860 1572 Sed
1876 1516 1927 1572 est
1947 1497 2179 1577 humanitatis
2192 1529 2253 1576 ve·

1263 1622 1374 1693 strae,
1405 1609 1521 1678 favere
1548 1604 1654 1674 ctiam
1680 1603 1919 1675 mediocribus
1942 1605 2115 1695 ingeniis,
2149 1631 2284 1699 prae·‚

1264 1711 1383 1781 sertim
1408 1733 1488 1778 cum
1517 1705 1775 1776 exercitationis
1800 1728 1903 1775 causa
1926 1700 2011 1777 hace
2032 1712 2253 1779 cousuetudo

1266 1811 1408 1881 dicendi
1431 1809 1591 1878 instituta
1615 1807 1672 1880 sit.
1726 1804 1774 1876 Ut
1790 1821 1909 1878 autem
1929 1809 1990 1877 alii
2014 1804 2176 1881 hocloco
2193 1810 2253 1879 in·

1265 1915 1405 1985 terdum
1431 1914 1475 1980 de
1497 1910 1625 1979 artium
1643 1908 1836 1997 dignitate,
1860 1909 2038 1982 interdum
2060 1912 2104 1982 de
2120 1912 2251 1983 virtute

1265 2016 1384 2106 aliqua
1399 2013 1543 2095 dicunt,
1569 2010 1617 2082 ita
1630 2025 1818 2097 sumamet
1832 2011 1908 2101 ipse
1922 2012 2058 2106 aliquid
2074 2037 2115 2083 ex
2128 2008 2255 2083 Philo-

1266 2112 1403 2208 sophia.
1456 2108 1510 2183 Ac
1536 2136 1619 2182 vero
1647 2135 1728 2201 pars
1754 2125 1804 2182 est
1829 2106 1999 2207 Physices
2022 2139 2098 2186 non
2124 2116 2257 2200 infima,

1267 2216 1423 2307 cognitio
1439 2228 1585 2293 naturae
1600 2213 1847 2284 animantium.
1883 2212 1976 2291 Nam
1990 2216 2176 2311 inquisitio
2192 2242 2257 2287 na-

1268 2333 1365 2389 turae
1390 2341 1513 2387 eorum
1544 2316 1655 2385 multa
1686 2315 1898 2387 monstravit
1925 2320 2100 2403 remedia,
2127 2319 2257 2389 deinde

1268 2444 1407 2490 morum
1432 2418 1582 2489 varietas
1603 2418 1716 2486 indita
1741 2417 2006 2506 animantibus,
2036 2432 2158 2491 monet
2178 2443 2254 2504 nos,

1270 2516 1367 2593 hunc
1382 2522 1556 2593 mundum
1572 2542 1646 2588 non
1664 2532 1795 2595 temere
1811 2535 1873 2593 aut
1897 2545 1977 2593 casu
1997 2522 2169 2601 extitisse,
2193 2524 2256 2593 sed

1268 2649 1287 2694 a
1305 2637 1422 2693 mente
1436 2623 1553 2715 aliqua
1563 2633 1715 2705 ,aeterna
1728 2633 1848 2705 ortum
1860 2644 1951 2708 esse,
1976 2646 2065 2716 quae
2079 2622 2258 2714 impressit

1270 2725 1441 2814 imagines
1476 2746 1616 2793 morum
1649 2722 1754 2791 etiam
1788 2723 1902 2793 brutis
1926 2725 2183 2808 animantibus,
2217 2738 2257 2799 ut

1269 2825 1437 2917 exemplis
1453 2824 1524 2894 illis
1546 2823 1721 2895 admoniti
1742 2819 1923 2911 homiues,
1946 2825 2122 2898 discerent
2136 2850 2257 2896 amare

1270 2941 1362 2999 recte
1377 2930 1486 3010 lacta,
1512 2940 1546 2998 et
1560 2926 1674 2995 odisse
1689 2925 1785 2998 vitia.
1838 2924 1956 3016 Quam
1976 2942 2121 3001 venusta
2138 2929 2257 3017 imago

1271 3044 1322 3100 est
1346 3027 1542 3113 Ecclesiae,
1573 3021 1788 3120 halcyonum
1822 3041 1960 3120 partus,
1990 3054 2080 3121 quae
2108 3054 2190 3101 cum
2217 3031 2257 3099 iss

1272 3131 1425 3222 scopulis
1449 3131 1487 3198 in
1511 3130 1600 3200 mari
1621 3129 1823 3210 nidificent,
1848 3132 1964 3202 solent
1985 3132 2154 3203 incubare
2170 3132 2257 3210 ovis,

1272 3247 1306 3304 et
1320 3233 1503 3302 excludere
1519 3231 1635 3322 pullos
1657 3231 1695 3298 in
1717 3232 1830 3300 media
1849 3233 1992 3314 bruma,
2018 3258 2100 3305 cunr
2117 3232 2260 3327 quidem

1271 3358 1368 3402 mare
1397 3348 1564 3425 tanquam
1589 3333 1784 3401 inserviens
1813 3333 1885 3402 illis
1917 3334 2172 3407 incubantibus
2200 3358 2263 3423 per

1273 3437 1363 3504 illud
1380 3448 1517 3523 tempus
1533 3434 1683 3504 mitescit
1700 3449 1733 3504 et
1747 3434 1925 3526 placidum
1940 3449 2002 3507 cst·
2039 3435 2103 3507 Me
2116 3438 2261 3531 quidem
2347 3482 2356 3501 .

1272 3533 1357 3605 haec
1373 3536 1487 3626 imago
1504 3559 1604 3627 saepe
1620 3538 1786 3609 admouet
1802 3533 1990 3622 Ecclesiae,
2007 3561 2097 3631 quae
2110 3539 2259 3631 perinde

1271 3650 1311 3706 ut
1327 3633 1515 3732 halcyones
1530 3638 1566 3704 in
1581 3638 1689 3722 mari,
1715 3633 1781 3710 hoc
1797 3650 1859 3722 est,
1881 3641 1920 3707 in
1932 3639 2078 3709 summis
2094 3640 2260 3730 periculis

1272 3754 1441 3809 versatur.
1492 3737 1629 3809 Deinde
1652 3740 1744 3829 parit
1766 3765 1806 3809 eo
1831 3754 2005 3831 tempore,
2030 3753 2262 3832 cumtempe-

1272 3854 1377 3910 states
1395 3841 1510 3911 solent
1525 3865 1597 3909 esse
1612 3841 1844 3911 saevissimae.
1883 3841 2043 3913 Fortasse
2059 3856 2175 3913 autem
2191 3839 2262 3913 hoo

1273 3955 1355 4013 sunt
1387 3943 1584 4012 loeliciores
1617 3938 1823 4038 halcyoues,
1859 3943 1930 4013 illis
1961 3944 2110 4015 mitescit
2142 3967 2258 4026 msrs;

1273 4042 1452 4115 Ecclesiae
1465 4068 1540 4114 non
1555 4058 1689 4117 tantam
1703 4047 1875 4117 rationem
1892 4040 2026 4117 habent
2038 4046 2194 4140 tyranni,
2219 4060 2262 4119 ut

1273 4147 1399 4240 placati
1431 4147 1684 4241 aliquantisper
1719 4149 1913 4217 concedant
1947 4149 2063 4220 ocium
2098 4148 2263 4239 parienti.

1274 4247 1342 4319 Sed
1359 4262 1495 4329 tamen,
1518 4249 1552 4318 id
1572 4272 1712 4342 quoque
1734 4248 1791 4337 fit,
1818 4248 1991 4321 divinitus
2007 4251 2263 4346 aliquantisper

1273 4348 1358 4439 tegit
1381 4346 1477 4422 Deus
1492 4348 1682 4432 Doctores,
1707 4352 1792 4420 dum
1815 4367 2006 4442 propagata
2023 4353 2184 4424 doctrina
2205 4374 2264 4421 so·

1274 4452 1371 4520 hules
1395 4451 1574 4524 adolescit.
1625 4449 1855 4531 Conveniunt
1877 4449 2055 4525 Ecclesiae
2081 4468 2116 4526 et
2147 4476 2262 4525 mores

1274 4547 1504 4647 halcyonum,
1529 4553 1690 4636 nesciunt
1716 4554 1909 4637 adulteria,
1941 4569 1975 4625 et
1999 4556 2154 4633 extincto
2174 4579 2257 4626 con·

1274 4654 1354 4741 iuge
1379 4656 1470 4724 alter
1490 4668 1606 4723 manet
1623 4655 1779 4740 coelebs,
1805 4670 1837 4727 et
1854 4656 1960 4747 paulo
1978 4670 2056 4745 post
2072 4659 2171 4727 luctu
2185 4681 2265 4726 mo-

1274 4756 1376 4828 ritur.
1430 4754 1563 4826 Mulier
1578 4754 1682 4825 etiam
1695 4781 1815 4829 senem
1829 4757 1995 4838 maritum
2010 4755 2200 4854 Cerylum‚
2222 4771 2267 4831 ut

1275 4860 1366 4951 apud
1397 4853 1552 4927 Graecos
1572 4858 1719 4948 legitur,
1745 4872 1856 4950 gestat
1876 4854 2036 4930 humeris
2058 4863 2131 4932 suis
2153 4884 2268 4954 squas

1274 4975 1363 5035 tum.
1415 4958 1536 5054 ltaque
1561 4955 1698 5031 veteres
1714 4963 1931 5053 scripserunt
1949 4955 2089 5036 honesti
2107 4962 2267 5052 coniugii

1274 5062 1433 5153 exempla
1445 5085 1536 5144 esse,
1562 5065 1657 5156 quod
1676 5064 1820 5157 quidem
1836 5086 1909 5133 non
1926 5064 2105 5156 displicet,
2131 5067 2191 5134 sed
2210 5077 2267 5141 ta·‚

1275 5187 1356 5233 men
1384 5166 1428 5233 ad
1453 5159 1643 5237 Ecclesiam
1669 5189 1742 5234 nou
1768 5165 1860 5234 male
1884 5170 2033 5258 quadrat
2056 5167 2268 5259 exemplum,

1275 5290 1370 5361 quae·
1388 5280 1520 5356 gestare
1537 5281 1571 5338 et
1590 5267 1709 5337 fovere
1731 5268 1900 5339 omnibus
1916 5268 2041 5338 officiis
2065 5269 2268 5339 benemeri-

1275 5379 1329 5438 tos
1351 5370 1514 5449 doctores
1537 5369 1654 5443 debet.
1715 5368 1858 5455 Possem
1880 5371 1949 5441 alia
1972 5373 2085 5445 multa
2105 5372 2270 5464 exempla
