4732 6030
33 310 37 319 ·
159 291 241 368 996
639 280 798 373 DECL,
830 277 906 356 DE
937 277 1335 357 unulnlrtouu
1369 280 1693 377 tusulrlatt.
2115 283 2196 381 996

165 461 270 534 nobis
290 457 394 543 vitia,
418 481 507 551 quae
528 479 752 551 nequaquam
770 467 969 546 congmunt
989 455 1152 525 cumvo·
1204 455 1316 527 senati
1334 478 1476 541 sumus,
1500 467 1536 526 et
1553 454 1746 546 significata
1766 455 1936 541 victimis,
1964 477 2118 548 quarum
2140 456 2201 525 in·

86 646 89 651 ,
166 566 301 657 lurnte
314 560 401 644 Dei,
425 584 487 630 seu
505 583 584 629 cum
599 561 685 649 lege.
738 555 807 626 Hic
822 581 961 627 necesse
976 569 1027 626 est
1044 555 1153 631 aliam
1205 557 1405 649 terpretatio
1426 580 1529 648 saepe
1549 559 1698 650 repetita
1722 571 1791 642 est,
1817 583 1895 627 cum
1918 557 2077 627 dicimur
2099 559 2201 649 puri-

167 663 331 734 vocabuli
346 661 635 749 significationem
650 681 734 730 esse.
760 656 857 728 Haec
870 658 1049 750 quomodo
1059 656 1154 728 diiu-
1204 659 1298 729 ficati
1314 659 1486 748 sanguine
1498 654 1647 731 Christi.
1697 656 1746 731 Et
1764 671 1881 728 tamen
1903 656 2012 726 simul
2032 658 2071 727 in
2094 661 2200 730 nobis

167 765 318 835 dicanda
334 764 425 842 sint,
452 777 586 834 norunt
601 775 693 831 recte
707 760 861 830 instituti
875 762 912 827 in
928 755 1097 830 Ecclesia.
1206 755 1394 831 inchoatur
1427 760 1577 834 novitas.
1637 759 1708 831 Sed
1742 782 1844 851 saepe
1873 759 1912 828 in
1946 756 2107 829 Ecclesia
2138 762 2203 832 lux

268 863 341 934 Nec
357 888 440 932 vero
454 865 530 932 ullo
545 865 651 932 modo
668 857 753 930 haec
766 861 959 952 pugnantia
972 857 1157 928 conciliari
1205 857 1393 950 Evangelii
1415 864 1460 931 de
1481 861 1568 946 lide,
1594 877 1629 932 ει
1652 863 1714 931 illa
1736 861 1931 930 necessaria
1953 861 2199 933 consolatione

168 978 322 1060 possent,
348 965 417 1033 nisi
433 964 526 1033 tilius
540 962 606 1033 Dei
623 988 663 1032 ex
682 986 810 1032 arcano
826 962 975 1031 consilio
987 960 1157 1030 divinita·
1206 963 1398 1055 accipiente
1415 961 1655 1033 remissionem
1673 975 1817 1054 propter
1836 962 2065 1032 mediatorem
2080 963 2202 1035 lilium

170 1069 215 1137 tis
237 1067 494 1136 enarrationem
516 1064 731 1156 protulisset.
788 1061 913 1133 Manet
937 1062 1032 1132 enim
1057 1061 1156 1129 firma
1207 1065 1392 1136 obscurata
1413 1078 1482 1147 est,
1507 1065 1565 1132 vel
1585 1064 1914 1155 superstitionibus,
1939 1064 1998 1134 vel
2016 1065 2094 1134 aliis
2115 1067 2201 1156 opi.-

169 1183 203 1237 et
221 1168 364 1237 immota
378 1168 550 1237 sententia
567 1166 604 1233 in
619 1164 718 1234 omni
734 1164 957 1246 aeternitate,
982 1161 1158 1232 iusticiam
1207 1167 1389 1239 nionibus.
1440 1161 1612 1235 Monachi
1634 1167 1812 1237 linxerunt
1828 1189 1890 1235 sua
1909 1165 2075 1236 exercitia
2095 1167 2198 1236 iusti-

171 1293 244 1339 esse
274 1268 539 1357 congruentiam
567 1291 646 1336 cum
668 1278 786 1337 mente
816 1279 850 1335 et
876 1264 1058 1336 voluntate
1079 1259 1159 1347 Dei,
1209 1268 1299 1337 ciam
1315 1281 1350 1338 et
1363 1266 1607 1355 impletionem
1621 1268 1709 1358 legis
1724 1289 1809 1349 esse,
1826 1279 1860 1336 et
1875 1266 2002 1336 mereri
2019 1267 2197 1337 remissio-

171 1393 261 1465 quae
280 1367 394 1461 qualis
417 1368 479 1451 sit,
505 1368 560 1439 lex
582 1367 747 1437 ostendit.
884 1390 887 1395 ·
1209 1392 1290 1439 nem
1310 1383 1543 1459 peccatorum.

271 1468 461 1561 Postquam
489 1483 607 1540 autem
630 1461 722 1536 hanc
743 1463 1007 1554 congruentiam
1033 1476 1158 1532 natura
1309 1466 1386 1539 Alii
1408 1468 1528 1538 minus
1545 1466 1698 1537 absurda
1712 1466 1898 1551 docentes,
1924 1468 2111 1541 dixerunt:
2140 1469 2202 1542 lu-

170 1566 358 1641 homiuum
373 1569 510 1653 amisit,
534 1583 570 1638 et
583 1567 678 1636 lilius
689 1564 755 1636 Dei
774 1567 979 1657 deprecator
1006 1565 1073 1634 luit
1095 1588 1160 1656 pro
1209 1569 1345 1640 sticiam
1359 1592 1430 1639 esse
1439 1570 1583 1662 quidem
1599 1567 1837 1637 obedientiam
1850 1585 2106 1658 congruentem
2119 1596 2203 1643 cum

172 1696 298 1764 genere
318 1666 494 1754 humano,
517 1672 694 1738 decretum
712 1669 840 1737 lactum
858 1677 909 1735 εει
929 1664 1160 1734 inenarrabili
1209 1694 1334 1741 norma
1348 1670 1490 1754 divina,
1513 1691 1576 1738 seu
1592 1668 1685 1758 lege,
1709 1670 1771 1739 sed
1794 1693 1869 1739 non
1888 1694 1962 1740 esse
1984 1685 2126 1743 tantum
2141 1696 2203 1764 ge.

173 1773 365 1862 sapientia,
398 1771 436 1838 in
465 1794 535 1862 quo
560 1793 638 1839 cum
663 1767 901 1838 misericordia
925 1766 1088 1858 copulata
1110 1779 1161 1836 est
1210 1784 1282 1842 stus
1304 1785 1462 1856 nostros,
1488 1770 1551 1862 qui
1575 1763 1741 1840 humanis
1764 1771 1899 1841 viribus
1919 1788 2107 1863 regantur,
2138 1779 2203 1847 sed

172 1874 310 1942 iusticia
324 1873 487 1940 mirando
502 1882 788 1960 temperamento,
811 1882 853 1938 ut
866 1866 986 1937 Homo
999 1863 1161 1937 Christus
1210 1894 1284 1943 esse
1298 1885 1418 1943 motus
1432 1895 1452 1940 a
1468 1871 1543 1941 Deo
1559 1894 1722 1942 accensos
1742 1873 1780 1941 in
1796 1874 1913 1945 nobis.
1966 1875 2011 1944 ln
2021 1871 2097 1947 laec
2117 1900 2202 1953 sen-

173 1974 270 2043 lesus
296 1997 361 2064 pro
389 1995 515 2061 genere
538 1966 862 2063 humano-poenam
878 1968 1084 2054 sustineret,
1108 1981 1161 2038 at-
1210 1974 1319 2045 tentia
1336 1972 1467 2043 resistit
1485 1971 1678 2064 explicatio
1693 1973 1906 2059 multorum,
1932 2000 2013 2047 cum
2028 1981 2075 2047 de
2098 1962 2203 2050 iusti-

173 2100 242 2169 que
263 2074 312 2144 ita
333 2074 488 2142 iusticias
510 2073 708 2156 satisfieret,
734 2094 823 2165 quae
846 2083 906 2156 aut
923 2070 1162 2141 obedientiam
1210 2076 1263 2144 cia
1278 2071 1464 2163 Evangelii
1481 2075 1689 2167 loquuntur.
1739 2073 1936 2146 intercede
1959 2080 2204 2150 consolatione

173 2189 235 2246 aut
249 2198 398 2266 poenam
414 2174 558 2261 flagitat.
608 2170 710 2242 Sicut
724 2174 798 2262 ipse
809 2173 1012 2261 redemptor
1027 2170 1161 2264 inquit:
1191 2176 1272 2245 ¹illa
1296 2176 1477 2245 silentium
1499 2189 1572 2258 est,
1597 2174 1635 2241 in
1657 2197 1727 2269 qua
1742 2177 1827 2246 lides
1844 2193 2017 2250 sustentat
2033 2204 2116 2264 uos,
2142 2182 2202 2248 in-

173 2275 283 2346 Venit
310 2273 403 2343 tilius
430 2268 588 2343 hominis
611 2273 696 2342 dare
717 2272 872 2342 animam
894 2295 992 2341 suam
1026 2265 1163 2365 λύτρον
1210 2288 1349 2346 tuentes
1363 2277 1401 2344 in
1416 2274 1540 2344 merita
1555 2275 1617 2342 lilii
1631 2274 1715 2360 Dei,
1741 2290 1776 2348 et
1788 2278 1828 2347 in
1843 2302 1924 2349 eum
1939 2293 2106 2375 tanquam
2116 2304 2202 2372 pro-

173 2402 238 2470 pro
255 2375 388 2447 multis.
426 2370 473 2444 Et
488 2370 640 2443 hancob
658 2395 797 2444 causam
819 2372 955 2467 inquit:
982 2371 1065 2441 Non
1078 2371 1162 2440 veni
1210 2375 1435 2468 piciatorem,
1459 2388 1499 2445 nt
1515 2375 1632 2468 inquit
1647 2375 1799 2449 Paulus:
1832 2376 1948 2469 Quem
1970 2383 2090 2474 posuit
2112 2407 2202 2473 pro-

173 2479 310 2548 solvere
327 2477 451 2565 legem,
477 2476 536 2545 sed
553 2472 700 2565 implere
716 2496 806 2573 eam.
838 2470 935 2544 Haec
949 2473 1060 2565 ipsius
1075 2475 1161 2545 obe-
1208 2478 1414 2571 piciatorem
1438 2500 1501 2570 per
1521 2475 1748 2567 sanguinem,
1773 2481 1852 2552 lide.
1909 2476 2012 2552 Hanc
2031 2483 2203 2551 consola-

173 2577 324 2662 dientia,
355 2600 435 2646 cum
456 2575 614 2646 iustitiae
633 2570 702 2645 Dei
723 2574 928 2659 satisfaciet,
964 2594 1161 2664 congruen-
1209 2579 1343 2650 tionem
1372 2601 1446 2648 non
1479 2572 1636 2647 sinamus
1669 2580 1753 2651 ullis
1781 2582 1973 2672 praestigiis
1997 2582 2200 2653 obscurari.

173 2683 222 2751 tia
238 2691 290 2750 est
303 2702 383 2748 eum
396 2678 579 2750 voluntate
592 2673 671 2750 Dei.
725 2675 810 2746 ldeo
827 2689 862 2747 et
875 2673 1008 2747 Paulus
1024 2675 1161 2769 inquit:
1212 2679 1286 2750 lam
1303 2678 1418 2769 igitur⁴
1428 2681 1472 2749 de
1488 2672 1788 2775 delinitioneilla,
1803 2704 1911 2776 quam
1925 2679 2093 2752 Clemens
2107 2684 2199 2753 reci-

172 2781 301 2853 Pactus
315 2793 366 2850 est
380 2780 448 2848 sub
461 2779 585 2867 legem,
609 2776 650 2849 ut
664 2800 723 2848 eos
738 2777 912 2871 quierant
931 2778 998 2846 sub
1014 2777 1089 2867 lege
1103 2798 1160 2845 re·
1210 2794 1280 2861 tat,
1304 2781 1432 2855 dicam.

174 2884 334 2966 dimeret,
360 2881 397 2950 id
414 2890 476 2966 est,
501 2892 656 2973 poenam
667 2903 733 2973 pro
749 2879 854 2949 nobis
867 2878 986 2965 solvit,
1010 2900 1080 2973 qua
1095 2898 1161 2948 nos
1311 2876 1485 2953 Fortassis
1517 2879 1646 2979 aliquis
1678 2875 1949 2973 reprehensurus
1973 2875 2201 2973 opinionem,

138 2998 143 3007 '
172 2984 345 3075 redempti
362 3005 495 3053 sumusa
1211 2974 1301 3078 qua'e
1323 2982 1442 3072 fingit,
1469 2974 1609 3053 nostros
1631 2995 1750 3073 gestus
1768 3004 1841 3053 esse
1866 2983 2053 3062 iusticiam,
2086 2983 2198 3051 dixit:

268 3083 384 3156 Simul
400 3096 515 3154 autem
534 3079 690 3154 decrevit
706 3080 876 3174 sapientia
891 3080 1025 3166 divina,
1050 3072 1162 3150 othie
1211 3072 1353 3157 iusticia
1377 3097 1429 3153 est
1450 3084 1596 3157 societas
1618 3081 1702 3169 Dei,
1734 3099 1775 3157 ut
1795 3086 2005 3176 signiticaret
2028 3107 2099 3153 esse
2122 3076 2198 3152 nori

173 3184 270 3254 filius
290 3184 336 3252 ab
359 3177 565 3256 hominibus
585 3197 812 3274 agnoscatur,
838 3195 872 3252 et
886 3181 1055 3251 beneficia
1073 3204 1164 3274 quae
1211 3199 1350 3256 nostros
1366 3198 1499 3275 gestus,
1514 3189 1579 3255 'sed
1597 3187 1709 3256 lucem
1734 3201 1768 3256 et
1783 3200 1900 3259 motos
1915 3187 2057 3256 divinos
2071 3186 2109 3252 in
2133 3195 2198 3251 no'-

175 3285 270 3354 filius
294 3283 428 3367 adfert,
463 3282 508 3351 iis
534 3284 645 3352 tribui
671 3285 852 3368 adfirmat,
884 3283 947 3375 qui
972 3283 1041 3352 tide
1066 3278 1163 3352 hunc
1212 3282 1277 3361 bis.
1331 3283 1409 3356 Hoc
1438 3287 1501 3356 etsi
1527 3287 1709 3380 splendide
1738 3288 1888 3371 dicitur,
1921 3301 1955 3357 et
1984 3309 2106 3357 verum
2136 3298 2197 3368 est,

174 3387 287 3457 tilium
311 3387 570 3475 redemptorem
595 3394 810 3472 agnoscunt,
851 3384 942 3450 etin
964 3405 1068 3452 sensu
1090 3382 1163 3451 irae
1211 3399 1372 3477 oportere
1392 3386 1431 3455 in
1451 3388 1553 3457 nobis
1568 3386 1709 3459 accendi
1731 3388 1845 3456 lucem
1862 3401 1896 3456 et
1912 3402 2029 3458 motus
2045 3386 2197 3460 divinos.

62 3575 64 3577 ,
173 3487 241 3559 Dei
271 3487 314 3556 ad
347 3481 444 3556 hunc
472 3484 701 3553 mediatorem
741 3481 969 3570 confugiunt,
1003 3494 1163 3553 statuunt
1211 3487 1281 3560 sed
1297 3499 1414 3557 temen
1430 3482 1615 3558 nonnihit
1631 3487 1783 3557 dicatae
1799 3484 1970 3572 fittonei,
1994 3488 2197 3568 mediatore,

173 3613 256 3659 vere
273 3600 418 3680 propter
437 3585 554 3676 ipsum
569 3584 702 3655 remitti
727 3597 947 3674 peccata,·se
971 3582 1101 3674 recipi,
1125 3606 1162 3651 sc
1210 3588 1254 3657 de
1278 3590 1482 3658 remissione
1502 3605 1742 3682 peccatorum,
1767 3592 1812 3657 de
1835 3589 2072 3679 imputatione
2093 3586 2194 3656 iusti-

172 3691 310 3783 placere
332 3688 409 3759 Deo
437 3698 582 3780 propter
606 3681 701 3755 hunc
723 3683 947 3755 Sacerdotem
969 3707 1034 3775 pro
1056 3683 1162 3753 nobis
1210 3689 1304 3770 ciac,
1329 3713 1402 3759 non
1418 3691 1499 3781 plus
1512 3690 1610 3775 dicit,
1634 3713 1738 3784 quam
1754 3688 1867 3772 Plato,
1890 3688 2029 3770 Cicero,
2055 3686 2196 3770 Seneca,

171 3795 428 3883 deprecantem.
479 3786 638 3858 Haclide
656 3807 737 3857 cum
751 3809 791 3855 ex
816 3784 932 3853 med-ia
949 3798 1063 3855 morte
1084 3784 1160 3855 elu-
1210 3814 1360 3883 quorom
1376 3787 1461 3861 haec
1478 3792 1594 3861 oratio
1608 3791 1973 3880 eat-crebrorepetita.
2010 3787 2114 3865 Nulla
2134 3810 2199 3854 ea·

172 3907 331 3978 ctamuc,¹
353 3888 460 3959 simul
474 3890 513 3958 in
527 3888 632 3959 nobis
645 3901 810 3958 aeternus
825 3898 925 3976 pater
938 3899 972 3955 et
989 3886 1085 3956 lilius
1101 3910 1161 3956 ac·
1209 3894 1340 3962 cellens
1361 3893 1472 3963 virtus
1495 3893 1642 3964 estsine
1663 3893 1748 3964 neo.
1806 3891 1984 3982 Scipionis
2003 3887 2196 3971 fortitudo,

172 3990 482 4089 cendpatSpiritu
497 4014 563 4061 suo
577 4002 698 4060 sancto
714 3989 754 4057 in
772 3988 940 4057 cordibus
956 3988 1088 4058 nostris
1104 3988 1161 4057 lu-
1209 3993 1445 4077 continentia,
1482 4007 1516 4064 et
1547 4006 1702 4064 caeterae
1729 3991 1892 4074 virtutes,
1926 4002 2044 4059 motus
2079 3988 2195 4055 divini

169 4121 249 4167 cem
267 4102 303 4166 ει
317 4107 436 4163 motus
455 4103 686 4180 congruentes
699 4088 812 4159 menti
826 4101 861 4158 et
876 4088 1051 4159 voluntati
1066 4089 1158 4158 divi·
1208 4106 1309 4174 sunt,
1335 4097 1395 4163 sed
1418 4094 1455 4162 in
1472 4092 1627 4164 Ecclesia
1648 4096 1730 4164 sciri
1752 4107 1885 4184 oportet
1899 4090 1969 4158 alia
1991 4110 2069 4157 esse
2083 4089 2194 4159 besee-

171 4222 256 4282 nae,
284 4194 431 4290 quaein
452 4195 527 4283 lege
549 4190 772 4262 describitur.
822 4187 951 4282 Fitque
973 4191 1030 4275 id,
1062 4194 1157 4284 quod
1208 4195 1284 4264 licia
1300 4195 1365 4264 lilii
1381 4196 1470 4278 Dei,
1494 4197 1735 4271 restrictionem
1752 4204 1971 4287 peccatorum
1988 4203 2024 4260 et
2041 4189 2193 4278 imputa·

170 4299 222 4369 ait
243 4298 437 4369 Dominus:
462 4293 655 4365 Veniemus
675 4295 720 4362 ad
744 4316 844 4376 eum,
880 4304 914 4361 et
938 4292 1158 4362 mansionem
1208 4297 1341 4367 tionem
1361 4297 1537 4383 iusticiae,
1562 4293 1648 4366 haec
1672 4321 1753 4367 cum
1778 4295 1848 4364 lide
1864 4292 2110 4383 accipiuntur,
2139 4293 2193 4357 io-

169 4401 262 4492 apud
280 4422 360 4467 eum
375 4397 551 4467 faciemus.
1208 4411 1327 4467 tuente
1346 4399 1593 4478 mediatorem,
1617 4398 1725 4466 simol
1746 4409 1783 4468 et
1801 4408 1940 4487 pectora
1961 4396 2085 4464 nostra
2106 4391 2194 4460 finnt

269 4497 361 4572 Cum
373 4510 490 4569 autem
504 4492 589 4565 haec
601 4493 703 4564 initia
716 4492 787 4563 sint
801 4492 980 4581 longuida,
999 4509 1033 4566 et
1047 4495 1157 4565 multa
1207 4500 1426 4570 domicilium
1440 4494 1508 4566 Dei
1523 4511 1559 4567 et
1570 4499 1660 4567 lucis
1676 4499 1836 4581 divinae,
1859 4497 1920 4564 sed
1937 4494 2038 4585 prius
2051 4491 2193 4583 agnosci

168 4609 207 4677 in
220 4603 325 4674 nobis
340 4601 385 4672 ad
400 4601 498 4669 illam
514 4610 692 4669 aeternam
707 4619 868 4665 normam
890 4595 1051 4665 nondum
1072 4620 1157 4664 con·
1206 4600 1317 4669 filium
1337 4613 1488 4692 oportet.
1538 4597 1621 4668 Non
1642 4598 1751 4687 igitur
1771 4598 1857 4668 satis
1873 4618 1949 4664 esse
1969 4596 2109 4675 dicere,
2136 4591 2193 4662 tri-

167 4719 314 4797 gruant,
345 4702 460 4774 sancit
481 4702 659 4770 decretum
680 4697 861 4780 divinum,
893 4697 958 4765 lilii
980 4697 1156 4767 iusticiam
1204 4701 1339 4771 sticiam
1362 4725 1436 4771 esse
1455 4694 1659 4772 κοινωνίαν
1679 4699 1793 4783 θεοῦ,
1826 4696 1901 4768 Nec
1922 4697 2125 4768 omittenda
2145 4707 2193 4764 est

168 4809 273 4879 nobis
287 4804 472 4898 imputari,
494 4814 638 4894 propter
651 4799 764 4869 lilium
781 4799 1009 4868 mediatorem
1028 4811 1062 4869 et
1075 4823 1154 4868 um·
1205 4804 1338 4872 mentio
1359 4802 1565 4870 meritorum
1589 4801 1655 4870 tilii
1672 4800 1755 4885 Dei,
1778 4813 1815 4870 et
1836 4799 2059 4869 remissionis
2074 4820 2192 4889 peeca-

166 4909 370 4990 braculum,
402 4904 474 4996 tegi
497 4917 636 4977 nostras
663 4903 803 4984 sordes,
834 4914 869 4972 et
892 4925 957 4969 nos
977 4897 1052 4971 Deo
1077 4900 1155 4990 pla-
1204 4916 1346 4998 torum,
1371 4904 1429 4971 sed
1463 4903 1648 4973 retinenda
1674 4926 1741 4971 vox
1766 4895 1972 4990 Evangelii,
2003 4924 2098 4994 qnae
2131 4919 2192 4969 nos

163 5032 256 5093 cere,
279 5006 545 5100 propteripsius
561 5005 708 5097 inquam
724 5002 867 5081 merita,
893 5026 984 5095 quae
999 5002 1073 5091 ipse
1087 5024 1154 5071 no—
1203 5018 1346 5096 propter
1365 5004 1477 5087 lilium
1494 5003 1766 5095 propiciatorem
1788 5003 1951 5072 adfirmat
1972 5003 2090 5075 iustos
2112 5022 2189 5071 esse.

163 5114 279 5185 minat
299 5102 436 5201 λύτρα,
460 5122 496 5179 ει
515 5119 661 5200 propter
681 5105 797 5196 ipsunt
818 5103 1064 5193 deprecantem
1086 5126 1153 5172 nos
1202 5103 1297 5177 Haec
1327 5107 1370 5175 de
1399 5106 1527 5198 priore'
1548 5107 1707 5174 membro
1737 5104 1957 5174 delinitionis
1986 5104 2086 5175 dicta
2114 5104 2190 5183 sint,

160 5219 273 5287 iustos
295 5233 378 5281 esse.
1199 5207 1262 5276 ubi
1286 5208 1439 5296 cogitent
1459 5207 1656 5288 auditores,
1681 5228 1772 5300 quae
1792 5209 1963 5277 tenebrae
1975 5207 2018 5275 in
2035 5202 2189 5276 Ecclesia

261 5313 358 5387 Haec
372 5306 510 5383 iusticia
524 5308 563 5376 in
575 5304 872 5398 promissionibus
886 5320 918 5377 et
936 5299 1150 5375 voceEvan-
1198 5307 1285 5377 olim
1308 5334 1449 5404 quoque
1477 5321 1613 5379 secutae
1636 5309 1727 5399 sint,
1761 5331 1846 5382 cum
1863 5308 2041 5381 conticuit
2062 5333 2131 5378 vox
2150 5307 2187 5374 de

158 5400 497 5523 retractassent,
521 5404 745 5509 electuros
763 5408 899 5507 enque
924 5406 1055 5521 laius?
1070 5409 1147 5487 ³⁵⁸⁸
1175 5404 1671 5527 ‘ultramontanos
1684 5412 1874 5505 P²t²f³⁶¹³⁹
1900 5426 2085 5505 ‘imm‘
2112 5434 2186 5504 ll
2238 5490 2240 5525 t
