4732 6030
285 353 357 427 119
753 345 916 422 DECL.
966 346 1042 421 DE
1074 347 1412 424 UTlLlTATE
1445 350 1823 426 FABULARUM.
2230 363 2305 434 120

283 530 399 599 artes?
449 526 645 595 Hesiodum
667 534 765 592 tanta
781 522 888 592 fuisse
902 522 1090 613 prudentia
1113 537 1270 615 apparet,
1319 547 1416 593 nune
1447 524 1575 617 aliquis
1607 539 1642 595 et
1670 525 1847 617 praedicet
1877 524 1933 595 vel
1960 524 2132 598 Mercurii
2157 530 2306 622 virgam,

286 646 495 702 utcarmen
523 630 598 696 eius
628 626 790 695 divinum
825 624 940 694 videri
959 626 1173 710 soluerint,
1207 627 1270 719 qui
1321 650 1389 719 qua
1410 625 1512 696 linxit
1534 639 1687 696 vetustas
1702 628 1838 713 animas
1856 652 1939 698 oreo
1954 643 2113 700 evocatas
2132 656 2221 719 esse,
2248 638 2306 705 vel

286 745 469 801 senserunt
487 754 567 798 eum
585 729 729 797 calamis
744 726 888 796 aMusis
905 727 1053 818 acceptis
1067 741 1181 798 vatem
1198 752 1270 799 esse
1295 781 1298 808 ,
1321 723 1462 819 Orphei
1478 724 1676 821 cytharam,
1702 754 1771 823 qua
1790 732 1905 824 sylvas
1923 745 1958 803 et
1979 754 2062 801 saxa
2082 736 2228 805 traxisse
2252 739 2308 807 fe-

285 836 425 910 lactum.
479 831 511 900 ls
528 831 611 900 vero
633 855 712 902 carm
726 830 1030 920 persuasissimum
1045 831 1118 898 suis
1135 831 1271 900 civibus
1295 812 1298 893 l
1321 844 1424 913 runt,
1460 826 1550 898 mihi
1573 833 1716 924 quidem
1741 857 1814 900 non
1839 833 1958 902 minus
1988 835 2197 906 admiranda
2231 863 2307 909 esse

287 959 360 1005 esse
382 936 504 1019 vellet,
536 928 630 1001 nihil
658 927 818 1017 foedius,
851 927 945 1000 nihil
977 933 1168 1001 immanius
1198 956 1270 1001 esse
1295 900 1298 1002 l
1320 933 1454 1015 musica
1476 934 1634 1018 videtur,
1674 958 1744 1027 qna
1767 935 1961 1005 concitatae
1983 937 2226 1009 multitudinis
2252 944 2309 1013 vis

286 1039 456 1107 violentia
478 1061 539 1106 sen
562 1036 712 1119 iniuria,
738 1059 812 1103 rem
835 1035 947 1125 ipsam
969 1034 1066 1104 velut
1089 1035 1127 1103 in
1151 1036 1270 1104 tabula
1295 1005 1299 1073 l
1322 1035 1482 1118 sedatur,
1515 1048 1620 1128 atque
1640 1060 1678 1105 ea
1704 1060 1794 1128 quae
1817 1037 1945 1108 bestias
1968 1049 2001 1105 et
2024 1061 2104 1109 saxa
2126 1043 2308 1131 demulsit,

287 1141 466 1232 depinxit,
493 1138 749 1229 compositode
764 1137 929 1227 accipitre
954 1148 988 1205 et
1012 1136 1162 1207 luscinia
1186 1161 1271 1228 apo·
1321 1148 1356 1205 et
1370 1131 1464 1206 haud
1482 1138 1576 1221 scio,
1601 1163 1647 1207 an
1666 1140 1728 1231 qui
1749 1140 1810 1208 illa
1827 1140 1871 1208 de
1888 1141 2069 1211 Mercurio
2085 1138 2308 1239 Orpheaque

288 1246 380 1333 logo.
432 1241 592 1312 Docebat
617 1235 675 1308 hic
698 1262 840 1331 quoque
862 1259 1020 1326 graecam
1041 1237 1273 1324 iuventutem,
1322 1238 1518 1324 linxerunt,
1541 1240 1737 1329 significare
1760 1241 1941 1312 voluerint
1961 1243 2131 1333 peculiari
2152 1251 2307 1340 quodam

288 1361 322 1416 et
338 1369 413 1415 non
434 1357 518 1413 sunt
537 1341 791 1411 contemnendi
811 1341 1018 1431 scriptores,
1042 1341 1105 1432 qui
1121 1340 1272 1433 Aesopi·
1322 1341 1465 1411 dicendi
1482 1344 1724 1432 genererudes
1739 1343 1905 1414 mortales
1918 1357 1953 1414 et
1968 1341 2190 1418 ferosadhuc
2204 1374 2307 1420 man-

288 1472 345 1519 cas
361 1446 498 1517 fabulas
516 1446 560 1513 ab
575 1444 651 1534 ipso
668 1442 834 1514 confictas
847 1443 1084 1534 prodiderunt
1322 1443 1495 1515 suefactos
1510 1467 1594 1517 esse.
1627 1442 1735 1533 Quod
1749 1446 1780 1513 si
1794 1468 1919 1516 verum
1936 1460 2004 1531 est,
2030 1466 2307 1524 consentaneum

322 1613 323 1616 ,
375 1548 460 1618 Dixi
475 1573 545 1641 quo
563 1546 713 1618 consilio
729 1557 848 1637 putem
866 1558 1021 1636 repertas
1038 1567 1111 1614 esse
1124 1544 1274 1628 fabulas,
1324 1559 1374 1617 est
1398 1546 1436 1615 id
1459 1547 1608 1643 apologo
1634 1547 1795 1618 effectum
1822 1571 1914 1634 esse,
1956 1573 2027 1642 quo
2047 1553 2221 1623 orationis
2246 1579 2308 1646 ge-

287 1664 473 1745 potestque
497 1673 537 1718 ex
558 1642 627 1717 hoc
650 1647 749 1717 velut
778 1648 877 1716 fonte
901 1647 1059 1738 precium
1082 1670 1206 1715 earum
1239 1658 1274 1715 et
1324 1669 1409 1716 nere
1447 1648 1617 1719 facillime
1656 1650 1845 1741 capiuntur
1876 1651 2123 1743 imperitorum
2157 1673 2305 1746 mentes.

288 1754 422 1826 utilitas
438 1751 626 1829 aestimari.
660 1748 783 1841 Neque
798 1750 893 1817 enim
911 1763 982 1818 tam
1000 1750 1191 1837 prudentes
1204 1747 1274 1814 viri
1323 1747 1427 1820 Certe
1448 1751 1512 1843 qui
1527 1751 1673 1843 populis
1687 1751 1760 1820 suis
1783 1753 1894 1842 legem
1911 1754 2169 1845 condiderunt,
2194 1762 2306 1831 multa

287 1857 489 1926 fabularum
505 1845 825 1938 autoreshisnugis
840 1851 1168 1942 unquamdelectati
1184 1849 1274 1917 suis·
1323 1851 1482 1940 apologis
1521 1854 1702 1922 simillima
1735 1855 1883 1943 posteris
1916 1855 2150 1948 reliquerunt.
2207 1860 2307 1950 Quid

288 1971 384 2042 sent,
410 1956 477 2024 uisi
499 1958 542 2024 ad
565 1954 777 2022 erudiendas
801 1953 954 2043 pueriles
977 1965 1128 2037 mentes,
1155 1949 1273 2041 pluri·
1323 1952 1418 2020 enim
1442 1953 1503 2022 illa
1526 1942 1681 2047 L‘ycurgi
1706 1956 1835 2024 scena?
1873 1980 1995 2026 nonne
2026 1963 2217 2053 apologum
2247 1990 2306 2034 re·

169 2098 177 2108 -
289 2084 388 2130 mum
419 2059 615 2128 conducere
650 2056 849 2125 sensissent.
914 2053 1035 2143 Quid,
1070 2055 1164 2146 quod
1199 2077 1273 2121 non
1324 2056 1588 2144 praesentabat,
1626 2080 1705 2126 cum
1737 2058 1895 2149 exemplo
1925 2063 2079 2132 duorum
2107 2067 2307 2137 catulorum

287 2165 396 2231 modo
418 2159 560 2252 pueris,
593 2157 917 2228 sed-celeberrimis
941 2156 1045 2225 etiam
1072 2155 1274 2224 civitatibus
1324 2157 1483 2242 doceret,
1516 2171 1678 2228 naturam
1709 2171 1742 2228 et
1766 2160 1960 2249 ingenitam
1987 2165 2060 2232 vim
2081 2168 2306 2240 institutione

287 2264 429 2334 fabulae
454 2262 625 2331 salutares
653 2261 811 2329 fuerunt.
870 2257 961 2330 Cum
986 2257 1086 2348 plebs
1108 2254 1272 2328 Romana
1323 2282 1363 2327 ac
1388 2260 1606 2328 assuetudini
1628 2260 1750 2329 vinci?
1800 2261 1882 2331 Nou
1909 2264 1997 2335 libet
2019 2262 2077 2337 bic
2102 2273 2306 2360 peregrinas

288 2391 367 2436 cum
392 2365 552 2457 patribus
577 2363 778 2446 dissideret,
806 2382 1048 2451 secessumque
1079 2372 1131 2427 est
1156 2359 1193 2426 in
1217 2381 1273 2426 sa·
1323 2361 1433 2448 leges,
1458 2363 1642 2452 peregrina
1665 2362 1827 2433 instituta
1852 2389 2049 2454 recensere,
2075 2394 2155 2439 cum
2181 2374 2221 2440 in
2248 2399 2307 2443 sa-

286 2491 387 2537 crum
404 2478 574 2550 montem,
591 2488 655 2533 nec
672 2462 870 2533 saeveriore
886 2462 958 2532 ulla
976 2461 1136 2529 oratione
1154 2461 1273 2530 {lecte-
1324 2463 1391 2531 cris
1410 2461 1521 2532 literis
1536 2478 1606 2532 tam
1622 2463 1774 2533 multum
1793 2478 1884 2536 extet
1898 2468 2145 2560 apologorum,
2168 2487 2208 2545 ut
2222 2478 2308 2546 satis

286 2584 406 2660 retur,
431 2568 559 2636 missus
576 2580 626 2636 est
644 2559 820 2654 Agrippa,
847 2565 910 2656 qui
926 2564 1129 2632 universam
1150 2561 1274 2632 multi·
1322 2566 1508 2654 appareat,
1525 2565 1641 2657 ipsum
1660 2566 1808 2638 coeleste
1824 2592 1957 2640 numen
1973 2572 2023 2643 ita
2038 2574 2210 2646 iudicasse
2227 2577 2307 2647 efli—

286 2672 449 2742 tudinem
472 2670 590 2759 lepido
622 2668 775 2758 apologo
785 2715 794 2746 ‚
832 2667 877 2735 de
904 2677 1026 2734 ventre
1060 2677 1095 2734 et
1126 2663 1274 2757 reliquis
1323 2666 1542 2737 carissimum
1573 2662 1643 2738 hoc
1673 2670 1846 2739 orationis
1877 2693 2005 2760 genus,
2036 2679 2082 2746 ad
2116 2679 2307 2751 flectendos

284 2769 442 2842 hominis
465 2770 634 2840 membris
660 2770 708 2838 ita
731 2767 843 2858 cepit,
877 2781 918 2837 ut
941 2767 1057 2836 statim
1084 2737 1211 2835 libeiet
1234 2767 1272 2834 in
1322 2762 1510 2837 hominum
1532 2768 1669 2837 animos
1692 2795 1775 2842 esse.
1829 2771 1968 2862 Quaeso
1992 2790 2045 2858 te,
2079 2804 2170 2873 quae
2192 2798 2308 2874 potest

287 2876 436 2966 gratiam
455 2871 714 2965 compatribus
737 2871 864 2940 redire.
915 2862 1174 2955 Demosthenes
1193 2891 1273 2956 gra·
1322 2869 1400 2939 laus
1414 2871 1566 2961 amplior
1580 2873 1784 2963 contingere
1809 2877 1982 2967 apologis,
2007 2886 2224 2976 quamquod
2248 2911 2308 2956 eos

28 2970 33 2978 ’
286 2973 501 3060 visOrator,
527 3000 608 3045 cum
625 2972 776 3049 Macedo
794 2995 833 3041 ea
849 2969 1055 3042 conditione
1071 2963 1272 3040 eumAthe-
1322 2971 1471 3042 coeleste
1486 2997 1619 3043 numen
1634 2976 1739 3046 etiam
1755 2979 1953 3068 approbat?
1979 2976 2189 3054 Iamdudum
2199 2990 2308 3080 ,opi-

285 3079 471 3148 niensibus
494 3079 619 3146 foedus
638 3077 796 3146 facturus
818 3088 926 3158 esset,
957 3084 998 3142 ut
1018 3072 1074 3139 illi
1099 3067 1272 3141 Oratores
1322 3097 1408 3154 nor,
1442 3075 1635 3165 puerilium
1659 3101 1723 3146 vos
1750 3101 1925 3167 nugarum
1956 3086 2151 3172 pertaedet:
2185 3101 2218 3158 et
2241 3115 2307 3182 ego

289 3181 359 3251 sibi
382 3182 572 3263 dederent,
594 3179 655 3270 qui
678 3177 856 3268 perpetuis
879 3175 1113 3246 concionibus
1134 3175 1272 3244 animos
1320 3190 1437 3268 partes
1450 3200 1545 3245 meas
1561 3199 1634 3246 esse
1649 3178 1782 3256 sentio,
1810 3182 1999 3250 nediutius
2015 3210 2078 3254 vos
2095 3189 2309 3280 obtundam,

214 3319 217 3324 >
285 3280 417 3353 civium
447 3281 614 3349 adversus
645 3302 682 3346 se
711 3280 977 3362 exacerbarent,
1010 3277 1271 3370 iniquissimam
1321 3278 1526 3372 quanquam
1553 3271 1644 3347 mihi
1675 3277 1821 3369 quidem
1846 3281 1934 3350 adeo
1958 3283 2092 3357 arridet
2116 3314 2310 3381 argumen-

284 3384 527 3455 conditionem
542 3378 696 3471 Reipub.
715 3379 842 3449 festivo
859 3382 1014 3472 quodam
1035 3378 1183 3469 apologo
1197 3379 1272 3448 dis·
1321 3392 1416 3463 tum,
1439 3390 1480 3447 ut
1493 3375 1592 3448 nulla
1605 3403 1765 3472 uuquam
1779 3382 1939 3452 oratione
1957 3386 2110 3458 arbitrer
2131 3396 2215 3464 satis
2229 3397 2309 3468 lau-

284 3487 412 3570 suasit,
447 3506 649 3577 quanquam
677 3483 722 3552 ab
743 3506 783 3550 ea
806 3505 880 3551 non
905 3483 953 3551 ita
986 3481 1137 3549 multum
1173 3481 1271 3571 plebs
1321 3480 1398 3550 dari
1417 3501 1528 3571 posse.
1576 3478 1684 3569 Quod
1700 3497 1751 3553 est
1766 3483 1862 3554 enim
1876 3485 2019 3556 dicendi
2034 3491 2160 3580 genias,
2180 3495 2219 3566 in
2235 3524 2308 3592 quo

286 3589 428 3660 diutino
451 3586 544 3656 bello
566 3598 687 3654 vexata
710 3580 928 3656 abhorreret.
987 3576 1078 3652 Nam
1104 3606 1184 3650 cum
1206 3585 1272 3653 do·
1322 3580 1469 3673 perinde
1492 3606 1573 3652 cum
1597 3605 1733 3653 summa
1753 3584 1907 3657 utilitate
1930 3611 2067 3661 summa
2090 3595 2200 3682 gratia
2219 3623 2310 3671 con-

285 3717 363 3762 cere
381 3691 487 3760 vellet
509 3689 547 3763 in
564 3682 631 3757 hoc
647 3686 819 3779 postulari
836 3682 1025 3768 Oratores,
1050 3699 1090 3754 ut
1108 3686 1193 3754 urbs
1210 3688 1272 3755 de·
1320 3683 1442 3756 iuuct'a
1459 3685 1534 3756 est?
1572 3683 1664 3754 Vere
1677 3684 1847 3758 nimirum
1864 3689 1955 3762 dixit
1973 3688 2158 3766 Horatius:
2185 3694 2310 3775 Omne

285 3795 407 3865 stituta
423 3787 621 3867 Oratorum
644 3788 839 3880 praesidio,
864 3779 979 3879 regiae
1002 3787 1184 3882 tyrannidi
1210 3812 1272 3880 pa·
1321 3787 1442 3856 tulisse
1469 3810 1551 3856 eum
1583 3802 1774 3879 punctum,
1809 3791 1870 3883 qui
1904 3793 2047 3865 miscuit
2078 3797 2167 3869 utile
2200 3803 2309 3879 dulci.

284 3910 390 3980 teret,
417 3895 506 3964 mira
525 3894 602 3963 luce
618 3905 654 3962 et
672 3891 937 3984 perspicuitate,
962 3888 1169 3961 Macedonis
1186 3914 1271 3959 con·
1321 3885 1422 3979 Quae
1441 3887 1538 3959 enim
1552 3888 1684 3972 oratio,
1709 3915 1843 3978 mores,
1870 3895 2005 3980 studia,
2032 3897 2173 3989 ingenia
2185 3901 2310 3979 homi-

284 3999 404 4068 silium
427 4009 509 4065 ante
532 3996 655 4065 oculos
678 3994 920 4064 multitudinis
943 3995 1068 4084 posuit'
1082 3990 1149 4064 hoc
1175 4017 1272 4063 com·
1320 4014 1407 4060 num
1424 3991 1571 4082 propius
1587 3994 1755 4083 expressit
1773 3997 2055 4088 quamapologi?
2080 4001 2188 4096 idque
2207 4019 2306 4080 tanta

284 4113 422 4169 mento:
475 4097 578 4184 lupos
608 4096 789 4187 quondam
817 4119 897 4164 cum
928 4097 1128 4185 pastoribus
1153 4108 1272 4184 pactos
1321 4092 1555 4184 cumgratia,
1580 4109 1619 4165 ut
1642 4096 1752 4164 nullis
1774 4097 1897 4186 epodis
1917 4098 2093 4174 incantari
2117 4104 2222 4176 citius
2239 4106 2309 4181 ho-

278 4213 380 4281 'esse,
405 4191 499 4264 nihil
522 4218 559 4263 se
580 4189 724 4286 posthac
739 4189 870 4263 hostile
885 4196 995 4264 caulis
1010 4198 1172 4265 illaturos
1189 4219 1273 4281 esse,
1320 4194 1461 4265 minum
1492 4210 1627 4266 mentes
1650 4198 1808 4289 possint,
1838 4224 1943 4293 quarn
1976 4204 2122 4295 cupiant
2153 4210 2305 4302 apologi.

285 4303 315 4371 si
330 4299 400 4371 sibi
418 4320 521 4368 canes
542 4299 766 4366 dederentur.
819 4293 959 4365 Placuit
982 4297 1099 4367 stultis
1120 4298 1272 4386 pastori·
1321 4294 1478 4368 Proinde
1492 4299 1657 4391 aequales
1678 4323 1775 4370 meos
1789 4295 1979 4389 adhortor,
2005 4307 2035 4373 si
2052 4332 2121 4400 qua
2136 4303 2308 4387 orationis

284 4406 352 4475 bus
368 4398 545 4478 conditio,
572 4420 744 4490 canesque
759 4395 871 4466 dediti
887 4411 980 4469 sunt.
1032 4396 1188 4467 Proinde
1208 4397 1273 4468 ubi
1321 4423 1418 4468 meae
1440 4412 1491 4469 est
1512 4402 1702 4485 autoritas,
1732 4417 1772 4473 ut
1795 4406 1840 4473 ad
1862 4405 2048 4477 discendos
2069 4412 2237 4504 apologos
2269 4441 2308 4489 se

284 4507 361 4600 lupi
378 4504 547 4573 viderunt
561 4499 724 4569 excubias
742 4497 921 4569 caularum
939 4499 1096 4568 sublatas
1110 4524 1201 4586 esse,
1224 4501 1272 4569 li·
1320 4514 1395 4571 toto
1418 4511 1562 4593 pectore
1583 4503 1777 4579 conferant.
1836 4505 1929 4577 Sunt
1950 4508 2012 4599 qui
2036 4514 2155 4585 nescio
2174 4518 2308 4610 quibus

283 4613 369 4681 bere
398 4603 548 4698 grassari
573 4603 612 4670 in
635 4624 773 4691 gregem
806 4625 964 4694 coepere.
1024 4600 1120 4679 Haec
1152 4604 1271 4673 fabula
1321 4603 1481 4672 obscuris
1498 4603 1684 4674 autoribus
1697 4609 1891 4679 tractandis
1913 4609 2055 4699 ingenia
2070 4628 2247 4706 atterunt,
2273 4637 2309 4694 et

283 4737 364 4785 cum
391 4708 569 4780 docuisset
600 4705 724 4799 quanti
760 4705 906 4774 referret
926 4701 1098 4775 Oratores
1129 4704 1272 4790 servari,
1320 4726 1448 4793 magno
1469 4705 1590 4775 labore
1608 4707 1767 4800 desipere
1788 4709 1941 4780 discunt.
1993 4711 2042 4786 At
2062 4719 2204 4810 apologi
2232 4724 2309 4795 foe.

281 4814 459 4905 Rempub.
484 4811 657 4900 tantisper
680 4808 851 4888 servavit,
878 4809 963 4877 dum
989 4802 1056 4876 boc
1081 4808 1270 4877 consilium
1321 4805 1486 4877 licissime
1506 4809 1688 4891 excitant,¹
1715 4807 1913 4882 exhilarant
1939 4828 1973 4884 et
1996 4819 2165 4892 erudiunt
2186 4831 2310 4913 pueri-

280 4918 405 4988 valuit.
456 4911 589 4983 Mirarn
605 4912 784 5005 quandam
804 4909 945 4980 fabulae
966 4909 1038 4978 vim
1054 4909 1188 4993 inesse,
1215 4910 1272 4979 vel
1319 4909 1371 4978 les
1386 4922 1531 4979 mentes.
1582 4904 1642 4980 Ad
1658 4908 1744 4984 baec
1759 4937 1840 4982 cum
1857 4928 1975 4987 extent
1992 4919 2140 5008 latinae,
2172 4931 2311 5002 oratio-

281 5015 367 5090 haec
387 5015 546 5107 exempla
570 5028 760 5084 testantur:
794 5034 934 5081 necesse
956 5026 1009 5080 est
1038 5013 1133 5081 enim
1154 5013 1271 5083 effica-
1319 5035 1401 5081 nem
1429 5011 1535 5095 etiarn
1564 5015 1662 5086 velut
1686 5013 1851 5085 molliore
1875 5021 2029 5112 quodam
2059 5048 2162 5096 succo
2192 5029 2309 5107 alunt.

281 5123 457 5193 cissimam
490 5117 687 5186 orationem
722 5115 850 5196 fuisse,
883 5139 974 5209 quae
998 5113 1271 5206 implacabiliter
1319 5106 1421 5184 Adeo
1445 5115 1520 5185 sive
1543 5117 1703 5187 moribus
1730 5117 1926 5192 formandis
1951 5142 2135 5218 praecepta
2155 5138 2310 5224 quaeris,

180 5230 181 5234 ’
279 5224 380 5295 iratis
403 5220 542 5291 civibus
563 5214 739 5288 Romanis
761 5242 857 5287 arma
885 5243 903 5286 e
927 5215 1094 5286 manibus
1113 5216 1270 5302 extorsit,
1293 5272 1295 5297 Ξ
1318 5217 1392 5285 sive
1408 5229 1501 5288 recte
1517 5219 1689 5313 loquendi
1704 5222 1923 5314 exemplum,
1950 5226 2044 5296 nulli
2060 5239 2311 5308 commentarii

280 5351 370 5423 quae
394 5317 632 5394 Athenienses
664 5319 817 5409 graviter
843 5321 993 5391 afflictos
1027 5321 1192 5405 adduxit,
1228 5332 1269 5389 ut
1316 5321 1559 5407 praestiterint
1579 5336 1788 5422 utrumque,
1814 5349 1921 5419 quam
1945 5328 2106 5421 apologi,
2133 5337 2310 5417 foelicius.

279 5451 484 5524 quanquam
514 5447 587 5495 una
618 5446 703 5492 voce
735 5446 1012 5519 pacem—omnes
1041 5422 1268 5512 flagitassent,
1316 5419 1415 5492 Dixi.

277 5534 411 5605 bellum
441 5544 560 5601 tamen
583 5550 690 5622 quam
721 5549 842 5620 pacem
862 5527 1020 5599 mallent.
1077 5522 1149 5599 Eat
1173 5518 1266 5595 mihi
1317 5527 1326 5535 ’
