4732 6030
93 343 171 422 637

96 532 132 590 et
148 530 189 588 ut
206 515 255 586 ita
268 512 404 595 dicam,
428 505 662 600 cognataDeo
677 532 751 580 csse
767 508 925 594 ducitur,
950 521 985 578 et
1000 521 1092 577 certe

95 622 141 690 ad
164 616 356 705 imaginem
376 609 445 682 Dei
468 612 610 683 condita
635 625 699 684 est.
751 609 823 682 Sed
846 611 1006 682 doctrina
1022 606 1092 679 Ec-

95 721 221 792 clesiae
261 716 408 808 exponit
446 715 551 785 nobis
585 735 707 784 causas
740 708 869 783 horum
902 714 1089 784 malorum.

96 822 287 913 Postquam
312 843 333 886 a
350 819 430 887 Deo
451 816 566 885 aversi
581 829 663 885 sunt
678 811 862 896 homines,
888 839 1021 906 poenae
1035 837 1091 882 se-

95 937 195 994 cutae
208 934 303 1000 sunt,
322 919 507 1009 multiplex
522 919 624 986 furor
638 919 677 986 in
693 912 880 987 hominum
894 917 1036 1006 animis,
1056 929 1090 984 et

95 1021 192 1095 hune
214 1021 376 1091 accendit
396 1021 571 1092 diabolus.
623 1018 719 1089 Hinc
735 1019 1020 1110 perturbationes·
1033 1041 1089 1086 re-

95 1150 179 1196 rum
200 1120 439 1192 humanarum
464 1122 623 1193 infinitae
647 1121 825 1191 oriuntur.
877 1121 948 1192 Sed
970 1134 1088 1190 tamen

95 1252 141 1296 ne
164 1247 276 1315 genus
297 1219 492 1292 humanum
515 1224 676 1294 funditus
696 1237 835 1314 percat,
862 1225 922 1291 sed
945 1236 987 1293 ut
1003 1244 1089 1292 con-

95 1329 225 1410 nubia,
256 1324 474 1415 procreatio,
506 1325 686 1409 educatio,
718 1326 885 1394 natorum
914 1323 1088 1396 institutio

95 1433 140 1500 ad
172 1427 387 1517 agnitionem
415 1425 499 1505 Dei,
534 1440 569 1496 et
596 1425 785 1495 seminaria
807 1421 985 1495 Ecclesiae
1013 1448 1089 1494 ma-

95 1544 223 1613 neant,
249 1527 410 1598 concedit
426 1525 522 1597 Deus
547 1529 734 1598 intervalla
759 1530 951 1619 quaedam,
977 1527 1089 1596 sancit

95 1633 278 1701 interdum
309 1629 472 1699 inducias
502 1630 773 1722 aliquantisper:
806 1653 913 1722 qnam
936 1630 983 1698 ob
1006 1653 1088 1697 cau-

96 1733 196 1804 sam?
221 1756 310 1800 num
322 1745 363 1801 ut
378 1727 540 1800 homines
552 1731 737 1801 obscoenis
751 1731 993 1823 voluptatibus
1009 1754 1089 1820 per-

94 1833 280 1905 fruamur?
327 1831 571 1926 Nequaquam.
623 1832 693 1906 Sed
712 1847 754 1903 ut
768 1832 910 1902 interim
925 1832 1087 1902 doctrina

96 1940 139 2006 de
161 1936 345 2005 voluntate
368 1934 511 2018 diviua,
537 1936 651 2026 deque
674 1934 841 2003 omnibus
863 1933 969 2003 rebus
984 1933 1089 2001 bouis

94 2037 304 2129 propagari,
329 2048 365 2104 et
386 2035 574 2124 disciplina
600 2035 737 2122 restitui
760 2034 881 2124 possit.
936 2031 1043 2120 Quod
1058 2033 1088 2101 si

94 2161 181 2230 pace
207 2137 258 2205 sic
282 2148 443 2218 utemur,
463 2150 517 2228 ut
540 2136 738 2204 doctrinam
761 2136 952 2205 salutarem
974 2135 1088 2222 disca-

95 2262 195 2321 mus,
228 2251 264 2306 et
291 2236 515 2327 disciplinam
546 2251 725 2320 tucamur,
755 2237 822 2305 erit
846 2235 943 2306 Deus
971 2249 1088 2306 custos

96 2338 367 2431 tranquillitatis
391 2337 535 2407 diutius.
597 2335 669 2408 Sed
692 2339 721 2406 si
743 2338 997 2427 cupiditatibus
1020 2361 1087 2406 no·

96 2442 177 2510 stris
199 2439 275 2507 sine
292 2441 400 2508 modo
416 2437 701 2527 indulgebimus,
724 2439 854 2509 frustra
869 2463 990 2530 pacem
1007 2462 1087 2531 spe·

95 2564 225 2612 ramtrs.
275 2537 389 2610 Notae
407 2554 491 2610 sunt
504 2541 647 2609 divinae
663 2542 976 2627 comminationes,
1002 2555 1086 2610 nota

95 2643 272 2732 exempla,
305 2666 458 2735 quorum
486 2642 697 2731 cogitatione
718 2667 784 2712 nos
810 2645 854 2711 ad
878 2642 1086 2715 modestiam

95 2765 311 2817 revocemus.
361 2741 456 2812 Haec
471 2745 648 2835 praefatus
662 2767 752 2826 sum,
777 2758 816 2813 ut
831 2745 981 2816 intanta
999 2759 1087 2813 tem-

96 2870 223 2937 porum
245 2845 424 2914 moesticia
446 2843 612 2913 iuventus
634 2845 679 2911 de
702 2844 775 2912 suis
796 2846 964 2934 periculis
980 2847 1085 2915 etiam

95 2948 243 3037 cogitet,
275 2960 311 3014 ει
338 2942 437 3013 omni
458 2943 574 3012 officio
599 2944 710 3011 lenire
732 2944 822 3012 iram
846 2941 914 3013 Dei
938 2948 1087 3017 studeat.

94 3048 186 3118 Nam
208 3070 288 3114 cum
307 3040 374 3112 hos
388 3065 595 3130 congressus
608 3043 805 3127 intuemur,
831 3044 870 3112 in
886 3046 1016 3138 quibus
1032 3047 1088 3114 di-

95 3147 217 3218 scendi
241 3167 344 3213 causa
368 3143 618 3223 convenimus,
644 3157 679 3212 ct
694 3145 824 3237 quibus
839 3142 933 3215 nihil
949 3148 1087 3230 melius,

95 3244 190 3317 nihil
211 3246 368 3327 dulcius,
390 3239 483 3312 nihil
507 3240 690 3315 honestius
706 3242 862 3316 humana
875 3263 1003 3319 natura
1018 3244 1087 3317 ha·

94 3353 173 3429 bet,
201 3369 283 3416 cura
304 3346 462 3416 animum
486 3347 606 3416 subire
630 3348 754 3431 debet,
781 3349 826 3417 de
848 3350 1032 3418 doctrinae
1054 3364 1087 3420 et

94 3449 302 3541 disciplinae
331 3449 615 3529 conservatione,
650 3473 739 3542 quae
769 3450 808 3518 in
839 3451 943 3521 bellis
970 3451 1085 3542 negli-

94 3566 229 3644 guntur
246 3563 279 3620 et
295 3539 560 3638 extinguuntur.
612 3545 714 3618 Nihil
729 3565 845 3621 autem
862 3554 973 3642 magis
988 3554 1086 3621 decet

93 3659 134 3724 iu
152 3651 453 3744 tali-frequentia,
480 3673 585 3742 quam
609 3649 725 3718 dicere
748 3663 783 3720 et
804 3650 926 3721 audire
949 3652 1085 3745 aliquid

94 3757 138 3827 de
159 3756 266 3824 rebus
288 3753 401 3821 bonis.
454 3747 557 3834 ideo,
584 3775 661 3820 cum
677 3746 769 3821 mihi
783 3775 878 3822 nunc
894 3753 950 3821 vir
964 3754 1087 3823 claris-

94 3859 203 3928 simus
226 3852 272 3929 D.
296 3853 460 3924 Decauus
489 3851 602 3922 nostri
634 3853 791 3941 collegii,
824 3869 859 3925 et
883 3870 1087 3945 praeceptor

93 3982 211 4037 meus,
245 3979 351 4051 quem
383 3968 552 4046 perpetua
582 3954 803 4024 observantia
828 3968 997 4049 tanquam
1024 3979 1086 4046 pa-

94 4077 186 4131 trem
200 4060 390 4129 colendum
405 4053 496 4125 mibi
512 4079 584 4125 esse
600 4057 710 4138 duco,
735 4050 797 4123 has
813 4070 927 4146 partes
944 4057 1086 4125 dicendi

95 4159 253 4238 dederit,
284 4159 464 4230 autoritati
484 4158 559 4228 eius
581 4158 850 4246 obtemperabo:
884 4171 919 4228 ει
941 4182 961 4226 a
984 4159 1086 4227 vobis

97 4275 197 4352 peto,
228 4272 268 4328 ut
296 4253 386 4330 hanc
414 4284 529 4329 meam
551 4259 747 4329 orationem
772 4260 860 4340 boni
884 4260 1086 4330 consulatis.

96 4363 209 4451 Saepe
232 4363 276 4429 de
296 4361 411 4452 legum
434 4362 606 4450 dignitate
623 4360 771 4440 dicitur,
797 4374 832 4431 et
847 4362 936 4432 utile
952 4375 1003 4432 εει
1016 4362 1085 4430 im-

95 4463 239 4534 becilles
272 4463 410 4532 animos
446 4485 546 4553 saepe
583 4462 866 4547 comntonefieri,
910 4476 1085 4557 quantum

94 4566 183 4635 boni
197 4564 242 4633 sit
257 4563 421 4653 politicus
435 4564 542 4646 ordo,
568 4577 602 4633 et
615 4558 654 4633 hi
669 4565 772 4635 nervi
786 4565 923 4657 politici
937 4564 1086 4652 ordinis,

94 4668 208 4756 leges,
241 4663 391 4749 iudicia,
423 4664 630 4753 disciplina,
661 4690 806 4757 poenae.
856 4665 973 4737 Multa
1002 4681 1085 4738 sunt

94 4769 181 4839 vitia
205 4769 243 4836 in
264 4762 329 4835 hac
351 4761 538 4835 hominum
555 4768 799 4853 corruptione,
825 4792 914 4862 quae
932 4764 1084 4838 cumbis

94 4872 240 4961 optimis
259 4872 365 4939 rebus
388 4881 557 4959 puguant.
608 4862 684 4935 Alii
704 4893 802 4947 more
819 4869 1013 4964 Cyclopum
1031 4871 1086 4938 fe.

93 4972 242 5042 rocitate
263 4972 416 5063 quadam
439 4967 621 5038 excutiunt
636 4968 747 5056 leges,
773 4972 854 5062 quia
872 4974 1005 5065 frenari
1022 4995 1083 5041 cu-

92 5072 259 5165 piditates
273 5095 353 5142 suas
366 5072 505 5142 nolunt.
524 5101 527 5105 ·
556 5063 633 5138 Alii
645 5070 845 5164 curiositate
859 5075 1083 5158 conturbant,

94 5189 130 5246 et
149 5176 291 5245 fraudes
308 5190 342 5245 et
356 5169 569 5263 sophismata
584 5172 783 5260 excogitant
798 5175 966 5244 adversus
980 5177 1082 5264 leges,

92 5291 134 5347 ut
155 5281 315 5347 auferant
336 5278 476 5346 laudem
498 5273 702 5365 sapientiae.
760 5272 862 5346 Hanc
882 5301 1080 5367 perversam

92 5380 321 5470 sapientiam,
348 5379 477 5448 vindex
497 5399 642 5445 suarum
663 5377 798 5466 legum,
823 5400 924 5469 saepe
944 5378 1081 5469 magnis

94 5481 255 5553 cladibus
274 5481 389 5572 punit.
439 5478 509 5550 Sed
530 5480 574 5548 de
596 5473 663 5549 hoc
679 5493 886 5568 argumento
901 5480 964 5550 alii
978 5503 1080 5570 saepe

689 333 849 414 unct.
879 332 954 408 DE
989 328 1129 409 IURE
1164 326 1535 407 POSSIDENDI.

2058 330 2137 407 688

1142 504 1346 595 gravissime
1368 504 1546 575 dixerunt.
1597 497 1674 592 Ego
1694 503 1840 572 brevem
1853 502 2132 594 disputationem

1142 606 1280 677 adferre
1294 606 1462 676 constitui
1476 607 1519 675 de
1534 605 1628 676 dicto
1639 606 1792 698 quodam
1805 605 1843 673 in
1854 606 2013 688 decretis,
2033 607 2132 699 quod

1142 734 1183 780 ex
1194 705 1394 798 Augustino
1409 708 1552 778 citatur:
1579 705 1685 779 Unde
1699 708 1850 801 quisque
1863 707 2019 798 possidet
2032 710 2131 800 quod

1142 811 1321 902 possidet?
1354 833 1473 879 nonne
1502 809 1580 880 iure
1610 805 1792 881 humano?
1841 808 1910 879 Hic
1933 810 2131 890 disseritur,

1142 911 1194 982 sn¹
1202 912 1383 983 distinctio
1397 911 1637 982 dominiorum
1654 926 1793 982 tantum
1807 913 1853 982 sit
1866 912 1953 982 iuris
1967 907 2129 990 humaui,

1142 1015 1282 1108 etquid
1305 1015 1576 1104 intelligendum
1602 1016 1665 1096 sit,
1696 1040 1775 1086 cum
1797 1016 1845 1085 ita
1861 1015 2005 1084 dicitur:
2032 1012 2130 1082 Num

1140 1119 1172 1186 si
1194 1131 1245 1187 εει
1266 1130 1405 1188 tantum
1423 1117 1511 1186 iuris
1527 1113 1696 1210 humani,
1722 1141 1796 1186 non
1813 1131 1913 1187 curat
1930 1140 2006 1186 eam
2021 1112 2131 1199 Deus,

1142 1243 1216 1290 non
1245 1218 1351 1310 punit
1378 1218 1460 1287 illos
1485 1219 1547 1310 qni
1570 1242 1647 1287 eam
1671 1221 1905 1299 conturbant,
1937 1242 2025 1288 num
2048 1217 2131 1288 licet

1141 1321 1374 1391 validioribus
1397 1343 1520 1411 rapere
1545 1343 1600 1389 res
1623 1321 1859 1391 inferiorum?
1909 1320 1992 1390 Non
2015 1319 2130 1389 inuti-

1141 1425 1185 1493 lis
1207 1437 1259 1493 εει
1281 1419 1369 1492 haec
1391 1422 1603 1513 disputatio,
1630 1446 1713 1492 nam
1738 1437 1771 1492 et
1793 1426 1836 1492 de
1859 1424 2019 1494 fontibus
2041 1420 2130 1491 iuris

1141 1525 1300 1616 disserit,
1332 1538 1367 1595 et
1395 1523 1459 1594 alit
1483 1525 1715 1609 reverentiam
1745 1525 1881 1615 legum,
1912 1548 1992 1594 cum
2014 1525 2130 1593 fontes

1142 1622 1326 1698 monstrat.
1387 1625 1460 1697 Nec
1487 1627 1634 1716 litigabo
1665 1627 1786 1696 odiose
1813 1651 1894 1697 cum
1916 1623 2130 1716 Augustino.

1141 1725 1189 1799 Et
1211 1731 1255 1798 de
1274 1752 1343 1821 qua
1359 1751 1461 1797 causa
1477 1728 1621 1818 proprie
1635 1730 1774 1800 locutus
1791 1730 1854 1814 sit,
1877 1729 1962 1798 satis
1976 1739 2131 1819 apparet.

1141 1828 1194 1898 Ac
1217 1830 1373 1921 primum
1396 1828 1510 1898 facilis
1531 1830 1689 1898 defensio
1713 1825 1770 1901 εει-
1785 1827 1996 1920 Augustini,
2021 1829 2051 1897 si
2074 1828 2132 1897 di-

1141 1952 1276 2014 camus,
1303 1931 1398 2022 quod
1416 1943 1508 1998 certe
1524 1931 1600 2000 vult
1617 1932 1673 2001 ius
1686 1927 1883 2002 humanum
1900 1956 1992 2015 esse,
2017 1930 2132 2020 magi·

1142 2046 1312 2102 stratuum
1336 2030 1598 2103 ordinationem
1619 2057 1699 2102 cum
1715 2035 1852 2103 ratione
1869 2046 2132 2122 congruentem,

1139 2147 1253 2202 ortam
1269 2156 1287 2202 a
1303 2129 1390 2216 Deo,
1416 2133 1478 2225 qui
1492 2135 1715 2223 magistratus
1727 2136 1894 2221 instituit,
1916 2150 1950 2205 et
1965 2135 2016 2203 eis
2028 2148 2132 2205 auto-

1139 2235 1278 2304 ritatem
1307 2234 1488 2315 attribuit,
1520 2251 1657 2306 mentes
1685 2261 1809 2308 eorum
1832 2240 1875 2306 ad
1897 2237 2074 2308 iusticiam
2097 2252 2133 2308 et

1140 2335 1366 2426 disciplinam
1382 2337 1606 2407 sanciendam
1622 2341 1811 2424 exuscitet,
1838 2352 1871 2409 et
1886 2340 2132 2432 praesentibus

1138 2462 1180 2508 ac
1201 2438 1355 2507 aeternis
1376 2439 1500 2527 poeuis
1517 2463 1639 2509 eorum
1654 2454 1893 2532 contemptum
1909 2442 2023 2532 punit.
2078 2440 2132 2510 Ac

1139 2561 1277 2629 semper
1299 2562 1422 2608 verum
1445 2552 1516 2624 est,
1547 2553 1788 2610 contractuum
1810 2555 1844 2611 et
1868 2542 2130 2632 possessionum

1141 2642 1264 2709 modos
1300 2641 1442 2732 proprie
1465 2641 1552 2711 'iure
1583 2636 1740 2713 humano
1769 2643 1949 2713 constitui.
2018 2640 2131 2729 Quic-

1139 2742 1226 2835 quid
1250 2741 1359 2831 igitur
1382 2744 1531 2836 quisque
1553 2743 1726 2834 possidet,
1749 2745 1838 2815 iuris
1860 2740 2011 2815 humani
2028 2758 2132 2816 auto·

1141 2846 1244 2914 ritate
1269 2854 1303 2915 et
1325 2846 1502 2935 pracsidio
1524 2847 1689 2935 possidet.
1741 2846 1815 2917 Nec
1827 2847 1908 2916 ideo
1924 2848 2131 2936 fingendum

1139 2958 1209 3030 est,
1236 2969 1310 3015 non
1331 2969 1404 3014 esse
1422 2970 1525 3015 curae
1540 2944 1617 3015 Deo
1635 2942 1742 3018 huius
1760 2949 1896 3018 ordinis
1913 2949 2132 3019 observatio·

1136 3070 1221 3114 uem
1246 3071 1286 3114 ac
1306 3048 1548 3118 violationem.
1601 3046 1677 3117 lmo
1695 3050 1874 3119 diversum
1890 3065 1984 3121 recte
2000 3066 2035 3122 ει
2049 3072 2131 3120 vere

1135 3148 1315 3239 sequitur:
1343 3146 1438 3236 Quia
1460 3145 1518 3219 hic
1538 3152 1626 3219 ordo
1649 3176 1733 3221 voce
1748 3152 1970 3241 magistratus
1984 3152 2132 3222 institu-

1140 3263 1196 3319 tus
1212 3263 1262 3317 est
1270 3300 1282 3333 ,
1309 3250 1390 3319 ideo
1407 3251 1551 3322 violatio
1566 3253 1738 3321 divinitus
1753 3253 1932 3341 punietur.
1983 3251 2132 3323 Necesse

1139 3363 1204 3419 εει·
1221 3351 1316 3417 enim
1347 3353 1510 3437 obedire,
1542 3365 1583 3422 ut
1604 3354 1722 3446 inquit
1739 3352 1891 3439 Paulus,
1923 3380 1998 3425 non
2020 3358 2129 3428 modo

1139 3464 1283 3540 propter
1312 3451 1423 3539 iram,
1460 3455 1521 3523 sed
1553 3454 1658 3523 etiam
1694 3472 1840 3547 propter
1868 3458 2130 3529 conscientiam.

1139 3548 1336 3623 Observate
1369 3577 1497 3646 quaeso
1527 3557 1717 3626 verborum
1751 3559 1919 3648 pondera.
1969 3556 2132 3629 Primum

1139 3654 1302 3721 nominat
1317 3656 1573 3725 necessitatem:
1600 3657 1729 3725 deinde
1745 3659 1863 3745 addit,
1887 3674 2032 3750 propter
2046 3683 2132 3731 con-

1139 3753 1335 3826 scientiam.
1387 3752 1428 3824 Id
1453 3769 1520 3839 est,
1546 3757 1693 3827 violatio
1716 3759 1846 3849 polluit
1866 3761 2129 3848 conscientiam,

1140 3867 1174 3923 et
1196 3855 1331 3944 polluta
1354 3857 1568 3925 conscientia
1594 3859 1728 3927 abiecta
1751 3872 1802 3928 est
1826 3884 1844 3927 a
1866 3857 1954 3932 Deo.
2014 3859 2130 3934 Sentit

1139 3954 1264 4042 igitur,
1296 3951 1413 4022 Deum
1442 3955 1546 4023 irasci
1576 3958 1795 4027 violantibus
1816 3961 1934 4050 legum
1956 3963 2131 4034 autorita-

1138 4068 1221 4124 tem.
1272 4049 1373 4124 Nihil
1394 4055 1508 4124 maius
1523 4070 1585 4126 aut
1600 4059 1754 4130 atrocius
1770 4061 1843 4130 dici
1857 4077 2005 4154 poterat.
2057 4063 2130 4134 Nec

1138 4155 1273 4225 muniri
1301 4157 1472 4227 autoritas
1502 4160 1768 4248 magistratuum
1794 4176 1827 4234 et
1851 4166 1968 4255 legum
1993 4167 2130 4239 firmius

1138 4271 1271 4350 potest,
1297 4283 1402 4352 quam
1424 4254 1491 4329 hac
1514 4260 1587 4352 ipsa
1612 4264 1734 4333 divina
1758 4268 1932 4338 sententia
1955 4269 2128 4341 munitur.

1139 4355 1256 4454 Atque
1278 4356 1364 4431 haec
1384 4364 1428 4431 de
1445 4359 1636 4454 Augustini
1658 4369 1883 4438 excusatione
1899 4372 2054 4460 primum
2071 4371 2130 4440 di-

1139 4486 1215 4532 cere
1238 4463 1348 4536 volui.
1406 4462 1512 4535 Nunc
1534 4466 1563 4533 si
1588 4491 1662 4537 non
1686 4472 1730 4538 de
1754 4463 1947 4560 Augustini
1973 4474 2131 4562 negocio,

1138 4565 1198 4634 sed
1220 4564 1264 4635 de
1286 4589 1324 4634 re
1349 4564 1425 4655 ipsa
1449 4566 1651 4658 quaeritur,
1678 4586 1760 4640 vere
1783 4587 1817 4642 et
1835 4590 1929 4645 recte
1946 4577 2130 4664 degenere

1137 4665 1284 4749 dicitur,
1316 4679 1356 4735 ut
1385 4667 1430 4733 de
1455 4669 1600 4738 caeteris
1623 4672 1761 4762 politici
1787 4676 1924 4744 ordinis
1951 4678 2131 4761 membris,

1136 4767 1401 4838 distinctionem
1417 4769 1658 4841 dominiorum
1675 4797 1749 4843 esse
1765 4775 1852 4844 iuris
1868 4778 1993 4850 divini.
2025 4777 2130 4850 Clare

1137 4871 1232 4938 enim
1255 4869 1374 4961 inquit
1396 4893 1462 4938 vox
1480 4871 1621 4944 divina:
1648 4874 1730 4944 Non
1744 4877 1878 4946 furtum
1895 4880 2010 4952 facies.
2063 4879 2130 4951 Di·
2229 4865 2233 4872 Ι

1136 4970 1214 5038 vini
1227 4970 1316 5039 iuris
1329 4985 1379 5040 est
1392 4992 1521 5058 genus,
1548 4991 1588 5046 ut
1601 4977 1672 5045 sint
1685 4980 1919 5067 magistratus.
1969 4980 2131 5052 Humani

1136 5072 1224 5142 iuris
1248 5087 1300 5143 est
1320 5073 1472 5163 species,
1497 5091 1538 5146 ut
1556 5079 1628 5148 sint
1645 5079 1732 5149 alibi
1749 5085 1910 5152 consules
1927 5085 2019 5168 dito,
2045 5086 2131 5155 alibi

1135 5198 1227 5245 unus
1250 5189 1403 5266 praetor.
1459 5176 1584 5250 Divini
1606 5181 1696 5251 iuris
1713 5197 1782 5269 est,
1806 5198 1847 5255 ut
1861 5210 1965 5257 suum
1982 5189 2131 5279 quisque

1135 5290 1270 5363 teneat,
1296 5301 1362 5348 nec
1389 5282 1562 5372 spolietur
1585 5307 1662 5358 suo.
1715 5284 1875 5357 Humani
1891 5290 1979 5358 iuris
1996 5303 2066 5370 est,
2092 5303 2132 5359 ut

1134 5404 1175 5447 ex
1197 5392 1408 5452 testamento
1434 5385 1600 5474 legitime·
1610 5388 1701 5458 facto
1720 5403 1847 5462 teneat.
1901 5388 2025 5459 Divini
2042 5389 2131 5458 iuris

1134 5494 1204 5567 est,
1236 5495 1275 5550 ut
1300 5507 1357 5554 res
1382 5510 1447 5577 per
1470 5502 1669 5563 contractus
1692 5492 2017 5574 communicentur,
2057 5515 2132 5564 ser·
