4732 6030
138 213 215 289 498
639 208 799 290 DECL.
835 207 910 285 DE
943 202 1385 286 RESTlTUENDIS
1417 203 1677 284 SCHOLlS.
1803 294 1805 296 ,
2095 208 2171 280 494

293 390 392 473 thue
407 393 483 452 otios
498 395 550 451 etit
566 389 603 450 ds
616 393 774 471 relligione
791 389 943 463 docerent,
1180 363 1274 450 inter
1300 402 1388 473 quos
1417 400 1475 445 me
1502 402 1644 470 quoque
1671 379 1772 448 vobis
1803 383 2022 454 commendo.
2079 378 2170 450 Nam

344 490 508 572 Contiguus
523 496 618 574 pietas
633 488 719 555 tussit
734 486 842 553 habere
857 494 975 556 domos.
1181 495 1215 550 et
1231 481 1334 549 fidem
1352 504 1391 548 ac
1405 478 1625 568 diligentiam
1640 481 1836 570 praestabo,
1859 497 1893 551 et
1908 506 2019 576 genus
2036 483 2168 551 doctri-

142 586 231 659 Cum
253 600 369 656 autem
392 586 577 679 Principes
600 588 671 657 sint
696 589 857 657 custodes
877 583 1052 657 humanae
1069 607 1128 655 so·
1178 605 1245 651 nae
1270 583 1369 673 pium
1394 580 1571 671 profiteor.
1623 579 1831 672 Amplector
1854 585 1948 650 enim
1974 609 2054 653 vere
2076 600 2167 655 etex

142 688 292 772 cietatis,
324 701 416 758 certe
441 684 508 758 hoc
533 689 668 759 efficere
687 689 834 773 debent,
868 701 1038 783 quantum
1060 687 1129 778 ipsi
1178 683 1297 752 animo
1333 705 1542 751 consensum
1583 678 1775 752 catholicae
1812 679 1988 752 Ecclesiae
2018 682 2165 770 Christi,

141 802 306 880 possunt,
340 802 379 859 nt
402 786 499 858 Deus
521 804 613 860 recte
637 791 842 863 celebretur.
894 788 1128 861 Armentariis
1179 779 1326 867 hocest,
1351 785 1549 853 doctrinam
1567 780 1701 854 Christi
1719 799 1753 854 et
1771 782 2033 874 Apostolorum,
2058 796 2166 873 etex-

141 890 306 974 satisest,
332 890 525 980 pecudibus
544 891 865 983 pabulumcurare.
916 890 1041 984 Hiqni
1061 885 1128 959 bo·
1178 886 1404 978 plicationem
1438 886 1602 954 traditam
1638 886 1675 953 in
1709 885 1905 980 Symbolis,
1948 883 2166 984 Apostolico,

140 991 278 1061 minum
296 1004 415 1061 coetus
436 1004 581 1082 regunt,
607 1016 681 1060 non
704 1007 841 1062 tantum
862 995 1023 1063 custodes
1045 1003 1127 1060 sunt
1178 985 1312 1057 Niceno
1328 999 1363 1057 et
1376 982 1632 1060 Athanasiano.
1665 981 1712 1057 Et
1729 1012 1808 1056 cum
1825 987 2016 1056 inciderint
2032 987 2167 1056 discor-

140 1093 234 1162 vitae
247 1114 448 1182 corporum,
465 1095 524 1161 sed
538 1092 624 1180 legis
639 1118 677 1163 ac
691 1093 914 1183 disciplinae:
939 1095 1018 1163 ideo
1032 1088 1128 1161 Deus
1179 1089 1278 1173 diae,
1310 1088 1421 1157 fateor
1446 1111 1503 1156 me
1531 1087 1661 1158 sentire
1691 1113 1770 1158 cum
1791 1084 1981 1173 Ecclesiis,
2016 1113 2166 1180 quarum

141 1195 192 1263 eis
215 1193 374 1285 impertit
396 1194 595 1264 societatem
613 1195 667 1262 sui
686 1194 862 1280 nominis,
887 1208 926 1264 ut
940 1193 1008 1264 Dei
1024 1195 1128 1278 dona,
1179 1203 1270 1260 extat
1286 1188 1459 1258 confessio
1475 1185 1691 1277 Augustana,
1717 1204 1751 1259 et
1767 1184 1831 1258 has
1845 1191 1963 1261 iudico
1978 1191 2068 1259 tueri
2085 1214 2166 1281 per·

141 1296 179 1363 id
204 1307 274 1376 est,
306 1293 533 1382 religionem,
568 1295 1028 1384 iusticiam,·disciplinam,
1061 1318 1127 1385 pa·
1178 1306 1324 1382 petuum
1345 1312 1553 1359 consensum
1576 1314 1678 1359 verae
1700 1287 1876 1360 Ecclesiae
1897 1294 2057 1360 omnium
2078 1307 2166 1361 tem-

141 1419 216 1465 cem
240 1395 334 1462 inter
355 1388 517 1463 homines
541 1409 710 1487 tanquam
725 1395 848 1465 vicarii
863 1393 929 1464 Dei
950 1409 1126 1465 tueantur.
1178 1415 1326 1482 purum,
1364 1386 1622 1480 Prophetarum
1656 1406 1691 1461 et
1714 1392 1979 1482 Apostolorum.
2042 1391 2084 1460 ln
2109 1389 2165 1461 his

141 1491 220 1566 Oro
253 1495 361 1582 igitur
385 1493 578 1566 Dominum
609 1509 771 1566 nostrum
799 1495 913 1566 lesum
944 1492 1125 1567 Christum
1178 1489 2164 1574 iudicomultosarticulosdoctrinaeChristianaerecte

141 1596 253 1664 filium
275 1592 427 1679 Dei,⁴ut
450 1599 622 1685 gubernet
645 1611 679 1667 et
698 1611 821 1686 augeat
844 1593 935 1667 hanc
958 1593 1127 1681 scholam,
1178 1606 1213 1683 et
1236 1592 1294 1684 pie
1312 1605 1500 1662 renovatos
1524 1606 1558 1664 et
1581 1593 1772 1663 illustratos
1796 1617 1878 1668 esse.
1929 1590 2019 1664 Cum
2036 1592 2165 1665 bisiu-

141 1711 175 1766 et
189 1697 302 1766 studia
320 1692 445 1766 harum
463 1699 619 1786 gentium
647 1701 814 1768 exuscitet
835 1700 1040 1769 adsalutem
1057 1694 1127 1767 Ee-
1178 1695 1258 1763 dico
1298 1695 1402 1762 etiam
1436 1717 1517 1761 vere
1552 1717 1744 1783 congruere
1777 1693 1964 1786 scriptores
2003 1697 2165 1786 puriores

140 1797 273 1879 clesiae,
298 1820 403 1888 quam
414 1796 528 1867 Filius
538 1799 602 1869 Dei
619 1799 668 1868 sic
683 1812 788 1882 amat,
811 1813 850 1868 ut
866 1823 941 1869 earn
956 1799 1140 1886 sanguine·
1177 1796 1297 1863 dextre
1319 1794 1525 1877 intellectos,
1552 1793 1794 1879 Ambrosium,
1819 1795 2070 1884 Augustinum,
2096 1796 2165 1865 Hi-

140 1921 204 1966 suo
230 1898 428 1966 redemerit.
488 1897 559 1967 Vos
588 1902 690 1969 etiam
724 1901 785 1991 qui
817 1894 909 1968 hanc
938 1900 1062 1971 urbem
1092 1913 1127 1968 et
1177 1895 1327 1977 larium,
1358 1893 1551 1971 Basilium‚
1592 1892 1857 1987 Epiphaniam,
1893 1897 2164 1971 Nazianzenum.

140 1993 232 2066 harre
245 1997 470 2067 Academiam
486 2000 618 2086 regitis,
643 2002 810 2079 obtestor,
835 2013 874 2070 ut
889 2024 968 2069 curn
984 2023 1125 2090 operam
1177 1991 1225 2064 Et
1239 2017 1440 2088 quanquam
1462 1992 1624 2064 odiosum
1647 2012 1696 2067 est
1716 2022 1847 2066 nomen
1871 1998 2084 2082 discordiae,
2112 2014 2165 2070 ta-

140 2093 381 2166 scholasticam
404 2094 580 2167 Ecclesiae
603 2101 831 2169 necessariam
853 2123 925 2168 esse
950 2101 1126 2188 intelliga—
1177 2119 1259 2164 men
1272 2096 1386 2167 sentio
1402 2089 1487 2163 haec
1503 2099 1704 2181 certamina,
1728 2123 1817 2191 quae
1834 2102 1877 2167 de
1892 2101 2051 2168 doctrina
2068 2116 2163 2170 mota
2239 2176 2242 2181 ,
2279 2158 2284 2167 .

141 2198 198 2277 tis,
224 2221 280 2265 me
296 2193 481 2287 hospitem,
507 2213 541 2268 et
555 2215 750 2269 versantem
763 2201 802 2268 in
818 2193 954 2269 difficili
969 2223 1127 2284 munere,
1178 2209 1278 2279 sunt,
1307 2195 1499 2265 necessaria
1522 2210 1556 2266 et
1578 2199 1749 2268 divinitus
1770 2200 1914 2269 excitata
1934 2224 2016 2272 esse.
2069 2200 2164 2286 Quia

141 2312 252 2366 vestra
271 2299 512 2367 benevolentia
535 2301 760 2369 confirmetis.
812 2299 942 2369 Sumus
963 2324 1029 2370 uos
1046 2300 1126 2393 qui·
1175 2295 1304 2367 Daniel
1323 2309 1357 2366 et
1378 2294 1511 2365 Paulus
1527 2300 1765 2369 vaticinantur
1789 2303 1972 2387 postremis
1995 2303 2164 2391 tempori·

141 2401 220 2467 dem
238 2400 342 2491 longe
357 2400 541 2469 inferiores
559 2402 630 2469 illis
645 2402 791 2470 summis
806 2401 913 2482 viris,
938 2403 1126 2494 dequibus
1178 2399 1243 2467 bus
1259 2393 1323 2466 hos
1338 2398 1475 2465 futuros
1487 2384 1563 2467 Esse
1589 2423 1718 2488 agones
1740 2401 1882 2490 piorum
1904 2404 2071 2470 adversus
2095 2402 2164 2468 im·

141 2512 241 2568 antea
275 2500 367 2578 dixi,
402 2501 469 2591 (ῙιιίΙ
490 2501 576 2568 olim
604 2499 781 2570 Ecclesiae
808 2502 922 2571 studia
949 2515 1125 2586 rexerunt,
1177 2499 1254 2589 pios
1278 2496 1465 2566 Pontifices
1488 2500 1527 2568 in
1549 2495 1725 2582 Ecclesia,
1759 2501 1986 2570 defendentes
2011 2502 2127 2568 manif
2143 2539 2162 2552 ·

140 2597 239 2683 Elia,
271 2596 410 2683 Eliseo,
443 2596 565 2681 Esaia,
608 2599 773 2686 leremia,
804 2600 971 2687 Daniele,
1002 2601 1126 2687 Eadm,
1177 2611 1264 2668 stam
1298 2593 1589 2688 scdotouovc'ov,
1625 2614 1659 2669 et
1692 2613 1890 2669 exercentes
1922 2599 2162 2668 Neronianam

140 2703 199 2773 sed
218 2700 255 2767 in
271 2724 414 2769 munere
433 2725 575 2790 prorsus
593 2706 715 2771 eodem
733 2728 923 2776 versamur.
956 2703 1124 2774 Nectaro
1178 2698 1356 2769 saevitiam
1373 2699 1412 2766 in
1428 2701 1583 2768 membra
1599 2696 1743 2771 Christi.
1789 2698 1842 2768 Ac
1861 2702 2084 2789 praemonuit
2097 2723 2164 2770 uos

140 2825 202 2890 ego
221 2802 293 2891 ipse
311 2817 382 2870 toto
398 2826 544 2891 corpore
560 2799 797 2892 perhorresco,
819 2805 976 2896 cogitans
990 2800 1126 2892 magiri-
1177 2797 1332 2890 Spiritus
1348 2813 1497 2883 sanctus,
1519 2815 1560 2871 ut
1577 2825 1656 2870 cum
1671 2801 1861 2870 inciderint
1876 2803 2078 2886 certamina,
2105 2825 2164 2870 co-

142 2904 299 2972 tudincm
318 2903 449 2982 oneris,
476 2907 570 2991 quod
589 2902 817 2986 sustinemus,
842 2920 876 2971 et
892 2904 1033 2972 intuens
1048 2905 1125 2972 aui·
1177 2902 1325 2987 gitemus
1344 2899 1467 2968 ubisit
1483 2925 1563 2970 vera
1580 2898 1757 2984 Ecclesia,
1780 2926 1852 2968 non
1869 2916 2063 2972 terreamur
2078 2903 2164 2973 titu-

140 3028 199 3072 mo
221 3002 302 3070 illos
317 3015 451 3068 veteres
468 3003 573 3068 drrces
596 3016 753 3083 nostros,
778 3025 866 3094 quos
885 3003 993 3087 longo
1015 3005 1126 3074 iuter·
1177 3002 1221 3071 lis
1234 3001 1481 3070 sceleratorum
1497 3000 1721 3086 Pontificum,
1747 3027 1811 3070 nee
1828 3002 1937 3072 simus
1951 3005 2036 3072 socii
2052 3018 2086 3073 et
2101 3007 2164 3072 ad-

140 3103 235 3170 vallo
249 3100 428 3189 sequimur
445 3098 573 3168 inertes
590 3114 623 3168 et
637 3099 775 3188 ignavi,
796 3113 902 3194 atque
916 3097 1007 3170 hanc
1022 3103 1126 3172 dissi·
1177 3100 1333 3169 ministri
1360 3101 1489 3190 impiae
1513 3102 1724 3196 tyrannidis.
1782 3102 1865 3172 Non
1897 3104 2006 3192 igitur
2030 3127 2166 3174 novum

141 3198 380 3268 militudinem
404 3222 483 3268 cum
507 3207 651 3291 reputo,
685 3225 759 3271 non
783 3203 898 3271 solum
922 3204 1123 3275 docentium
1177 3201 1358 3271 doctrinae
1386 3223 1496 3288 genus
1520 3204 1783 3287 comminiscar,
1816 3228 1888 3272 una
1918 3218 1970 3275 est
1995 3218 2165 3296 perpetua

140 3299 429 3383 imbecillitatem,
453 3302 513 3368 sed
531 3297 719 3370 Ecclesiam
737 3304 894 3392 deploro,
919 3328 1009 3396 quae
1023 3304 1125 3397 quasi
1175 3298 1348 3383 Ecclesia,
1371 3301 1492 3393 inqua
1508 3301 1706 3372 FiliusDei
1729 3327 1792 3394 per
1807 3319 1944 3394 patres,
1968 3302 2165 3397 Prophetas

140 3413 297 3470 senectae
317 3399 574 3487 imbecillitate,
599 3402 718 3471 omnia
742 3406 900 3472 membra
923 3399 1028 3474 habet
1047 3408 1125 3474 lan·
1177 3401 1409 3492 etApostolos
1434 3427 1552 3471 veram
1564 3402 1632 3473 Dei
1648 3405 1814 3476 noticiam
1830 3407 1995 3489 tradidit,
2021 3421 2056 3477 et
2071 3400 2166 3476 taxat

139 3501 319 3590 guidiora,
353 3513 525 3571 ettamen
553 3505 738 3592 postremis
765 3506 984 3596 temporibus
1012 3507 1126 3598 pluri·
1175 3504 1418 3596 persuasiones
1444 3507 1715 3574 contumeliosas
1731 3507 1898 3574 adversus
1916 3508 2052 3590 Deum,
2077 3529 2165 3598 quas

139 3626 237 3671 mum
260 3600 408 3691 periculi
436 3597 634 3671 habituram
659 3626 732 3672 esse
756 3599 918 3675 Christus
942 3608 1125 3696 praedixit.
1176 3604 1307 3694 spargit
1321 3605 1484 3673 diabolus
1500 3606 1581 3673 odio
1598 3605 1675 3675 Dei.
1708 3602 1765 3673 Aa
1782 3607 1880 3673 illam
1896 3630 2014 3676 veram
2030 3602 2166 3678 Christi

139 3701 229 3773 Nam
254 3726 325 3794 quo
350 3701 494 3790 propius
518 3703 624 3772 instat
643 3705 718 3772 dies
740 3705 884 3774 extremi
907 3706 1049 3785 iudicii.
1083 3731 1125 3775 eo
1175 3701 1390 3788 Ecclesiam,
1416 3716 1673 3798 huncquoque
1695 3706 1959 3793 belligerantem
1982 3733 2061 3777 cum
2085 3709 2165 3777 dia-

139 3804 303 3874 diabolus
329 3802 496 3871 frtriosius
518 3803 681 3873 irascitur
702 3799 864 3885 Christo,
900 3805 970 3874 iam
993 3807 1125 3876 scilicet
1176 3804 1280 3886 bolo,
1306 3817 1340 3872 et
1360 3805 1666 3901 dissentientema
1687 3804 1937 3889 Pontificibus,
1962 3810 2024 3896 qui
2047 3809 2165 3876 idolo-

138 3905 335 3976 formidans
357 3903 586 3984 sententiam,
614 3905 742 3996 inqua
767 3906 932 3975 omnibus
957 3908 1126 3977 creaturis
1177 3904 1330 3972 maniam
1354 3904 1566 3983 defendunt,
1596 3919 1630 3975 et
1648 3905 1824 3972 trucidant
1847 3908 2004 3973 membra
2021 3902 2166 3994 Christi,

139 4005 277 4099 patefiet
298 4004 481 4096 turpitudo
509 4005 678 4073 immensa
707 4006 949 4094 superbissimi
970 3998 1126 4098 spiritus,
1175 4016 1216 4073 ut
1229 4023 1353 4071 omnes
1367 4001 1418 4091 pii
1433 4003 1623 4093 adiungere
1645 4026 1683 4071 se
1704 4004 1851 4088 debent,
1877 4006 1926 4074 ita
1950 4032 2006 4075 me
2024 4032 2166 4101 quoque

140 4121 175 4175 et
195 4106 367 4176 cruciatus
393 4092 503 4197 ipsiirs
525 4100 692 4173 horrendi
718 4107 951 4193 augebuntur.
1004 4107 1124 4199 ltaque
1176 4116 1248 4173 tota
1273 4115 1390 4170 mente
1415 4114 1448 4171 et
1465 4114 1537 4170 toto
1555 4117 1694 4193 pectore
1716 4106 1888 4194 adiungo,
1915 4131 1954 4175 ac
1978 4133 2102 4198 precor
2123 4133 2165 4180 ex

141 4206 224 4275 odio
250 4202 384 4276 Christi
415 4206 536 4276 incitat
569 4204 721 4290 Turcas,
754 4204 961 4292 Pontifices,
995 4207 1124 4300 impios
1176 4199 1435 4273 animoFilium
1447 4201 1523 4287 Dei,
1548 4204 1741 4274 Dominum
1756 4220 1917 4276 nostrum
1935 4206 2163 4280 lesumChri-

140 4304 267 4396 Reges,
291 4307 444 4400 denique
459 4309 577 4376 omnia
593 4331 655 4377 sua
673 4331 802 4396 organa
820 4311 986 4377 adversus
1000 4306 1125 4379 Eccle-
1176 4320 1291 4388 stum,
1317 4318 1356 4373 ut
1372 4304 1608 4374 ministerium
1624 4330 1742 4375 meum
1759 4311 1950 4395 gubernet,
1976 4336 2015 4379 ac
2030 4336 2094 4404 per
2108 4337 2164 4381 me

140 4408 240 4480 siam.
290 4402 344 4478 Eo
369 4409 478 4498 magis
506 4409 725 4497 vigilandum
756 4422 791 4477 et
819 4413 1049 4500 pugnandum
1075 4425 1125 4481 est
1176 4406 1222 4479 sit
1238 4406 1377 4485 efficax,
1404 4417 1443 4475 ut
1467 4407 1581 4476 adfuit
1603 4408 1781 4497 patribus,
1804 4405 1990 4499 Prophetis
2014 4429 2048 4481 et
2063 4411 2164 4503 Apo-

141 4509 264 4592 nobis,
290 4522 330 4578 ut
352 4511 452 4581 furor
467 4511 600 4578 diaboli
623 4511 852 4601 impediatur:
877 4534 973 4599 reges
993 4513 1124 4602 turpis·
1175 4507 1275 4578 stolis
1283 4533 1293 4595 ;
1318 4507 1429 4599 ipsius
1446 4508 1540 4577 enirn
1564 4509 1640 4578 laos
1657 4509 1843 4595 victoriae,
1871 4511 1939 4602 ipsi
1961 4509 2164 4602 triumphus

140 4610 229 4679 sime
251 4608 371 4680 sinunt
396 4609 545 4699 grassari
567 4607 719 4698 Turcas,
751 4608 918 4703 Episcopi
942 4614 1125 4703 negligunt
1176 4611 1341 4692 debetur,
1375 4611 1436 4699 qui
1462 4609 1574 4678 vincit
1598 4610 1796 4680 diabolum:
1831 4626 1950 4681 nostra
1976 4613 2164 4685 infirmitas

139 4707 325 4782 Ecclesias,
383 4709 501 4797 Quare
524 4709 600 4800 pios
622 4709 804 4804 Principes
819 4728 861 4809 *et
888 4726 1041 4783 caeteros
1063 4716 1125 4808 qui
1175 4736 1250 4782 non
1269 4723 1320 4780 est
1336 4732 1400 4799 par
1421 4721 1538 4778 unus
1549 4711 1794 4804 dimicationi,
1819 4714 1879 4781 sed
1904 4713 1978 4804 ipse
1994 4716 2070 4783 vult
2094 4716 2164 4807 piis

140 4826 326 4902 praesunt,
351 4811 465 4882 anniti
489 4812 603 4892 decet,
635 4824 676 4881 ut
695 4829 864 4907 quantum
887 4838 950 4885 suo
975 4816 1124 4908 quisque
1176 4815 1315 4894 adesse,
1339 4823 1372 4879 et
1390 4810 1595 4879 conculcare
1610 4826 1714 4902 caput
1732 4815 1923 4904 serpentis,
1949 4811 2015 4884 hoc
2034 4831 2097 4901 est,
2125 4832 2165 4890 ut

139 4914 219 4984 lucu
233 4925 368 5004 potest,
391 4912 544 4984 sarciant
558 4913 702 4982 illorum
718 4915 986 5006 negligentiam,
1012 4919 1124 4985 bonos
1176 4912 1327 4983 loannes
1343 4910 1611 5001 iuterpretatur,
1637 4915 1816 4984 destruere
1831 4940 1937 5007 opera
1955 4917 2101 4990 diaboli.

140 5016 302 5085 doctores
327 5027 515 5106 quaerant,
544 5014 761 5085 constituant
784 5013 976 5104 Ecclesias,
1001 5032 1125 5088 curent
1277 5012 1360 5084 Fuit
1383 5009 1558 5083 Ecebolus
1578 5015 1722 5106 quidam
1745 5011 1867 5087 rhetor
1890 5031 2048 5108 ternpore
2066 5015 2180 5108 Con·¹
2241 5044 2245 5057 ³

140 5117 185 5187 ad
215 5129 375 5208 posteros
407 5116 593 5207 propagari
626 5112 872 5206 Evangelium.
932 5117 1125 5191 Auditores
1175 5116 1307 5200 stantii,
1330 5115 1361 5185 is
1374 5126 1413 5183 ut
1428 5117 1575 5204 gratiam
1591 5116 2025 5211 aucupareturPrincipis,
2046 5111 2166 5210 bapti·-⁴

139 5218 244 5290 etiam
260 5212 590 5310 propt'erChristum
601 5215 810 5302 Dominum,
829 5242 868 5288 ac
882 5220 989 5291 officii
1004 5221 1125 5311 digui—
1176 5230 1357 5302 natusest,
1382 5229 1418 5286 et
1438 5231 1478 5287 nt
1498 5217 1566 5287 fuit
1587 5217 1624 5286 in
1637 5220 1788 5290 dicendo
1802 5215 2012 5306 vehemens,
2037 5222 2165 5290 acriter

138 5334 245 5394 tatem
262 5335 420 5393 amanter
435 5333 585 5392 tractent
601 5320 689 5390 fidus
703 5317 891 5411 Evangelii
904 5322 1124 5415 interpretes,
1176 5319 1300 5391 solitus
1326 5332 1379 5390 est
1400 5331 1518 5388 taxare
1542 5319 1808 5398 idolomaniam.
1868 5320 1994 5394 Postea
2012 5322 2079 5390 sub
2101 5319 2163 5392 lu·
