4732 6030
498 351 659 447 buco
691 364 766 445 nu
798 365 1003 444 uteru:
1038 365 1208 461 nuno
1239 367 1459 444 nactur
1496 364 1649 442 ovas
1683 387 1767 445 rra.
1801 372 1806 377 ·
2084 367 2159 442 ooo

121 373 196 450 90⁵

223 544 353 635 Magna
376 546 415 614 in
438 545 606 616 omnibus
630 540 839 615 bominibus
857 542 962 614 etiam
979 541 1115 611 medio·
1166 567 1283 612 mcum
1300 542 1473 627 servabit,
1499 554 1531 611 et
1548 555 1648 632 pater
1662 564 1762 611 meus
1778 539 1903 629 diliget
1926 563 2024 624 eum,
2051 556 2085 611 et
2102 565 2163 612 ve·

120 652 238 723 eribus
260 649 372 736 caligo
396 662 463 719 est:
489 671 564 716 non
588 646 956 740 cernimusquantpm
979 644 1114 713 malurn
1164 645 1303 714 niemus
1328 648 1371 713 ad
1397 669 1497 728 eum,
1530 657 1564 712 et
1586 644 1806 713 mansionem
1831 644 1924 734 apud
1949 664 2029 709 eum
2051 644 2161 714 facie·

119 756 165 824 sit
188 764 385 844 peccatum,
414 774 478 820 nec
495 772 561 819 nos
580 748 675 841 ipsos
698 752 786 819 adeo
802 748 973 838 flagitiose
992 760 1112 816 conta-
1165 768 1253 816 mus.
1305 745 1372 815 His
1396 748 1553 815 immotis
1570 747 1723 816 oraculis
1739 745 1804 814 filii
1820 744 1887 814 Dei
1904 743 2075 813 adsentiri
2096 769 2160 815 ne-

118 858 271 924 minatos
304 873 376 920 esse
412 852 624 937 iudicamus,
662 854 767 921 nobis
801 849 868 942 ipsi
896 849 1115 933 blandimur,
1163 872 1256 918 cesse
1272 865 1332 918 est.
1385 848 1506 918 Necte
1524 850 1652 940 ipseex
1669 844 1737 918 boc
1758 847 1877 918 foelici
1893 868 1996 936 grege
2013 860 2072 915 tua
2090 850 2158 918 du·
2239 890 2253 897 -

28 1036 30 1040 ,
118 956 321 1049 praesertim
345 954 428 1045 quia
450 955 649 1024 doctrinam
664 956 708 1023 de
722 953 799 1024 Deo
826 952 1005 1044 puriorem
1030 974 1114 1041 pro·
1162 951 1335 1021 bitatione
1357 950 1552 1035 excludito,
1580 975 1669 1044 quae
1696 951 1812 1020 oritur
1826 974 1865 1018 ex
1887 946 2020 1020 iustitia
2034 944 2157 1018 Evan-

118 1060 267 1130 litcmuc.
309 1054 445 1124 lnterea
462 1057 575 1126 securi
591 1056 781 1137 stertimus,
808 1054 1035 1142 indulgemus
1051 1052 1112 1121 alii
1161 1054 1256 1142 gelii.
1304 1052 1386 1123 Non
1400 1068 1492 1124 reete
1508 1054 1715 1123 discernunt
1732 1053 1843 1142 legem
1860 1065 1894 1122 et
1909 1048 2157 1137 Evangelium,

117 1162 197 1230 aliis
220 1158 492 1248 cupiditatibus,
523 1181 597 1227 non
621 1157 806 1226 adficimur
822 1158 945 1225 dolore
970 1170 1113 1246 propter
1161 1157 1222 1250 qui
1248 1155 1403 1245 cogitant
1428 1178 1465 1223 se
1487 1179 1561 1224 non
1583 1180 1657 1224 esse
1677 1179 1779 1244 oves,
1806 1154 1889 1249 quia
1907 1152 2153 1242 sint'indigni.
2203 1186 2206 1190 ·

118 1275 277 1331 nostram
296 1259 580 1338 immunditiem,
606 1273 749 1350 propter
761 1257 938 1329 Ecclesiae
955 1259 1111 1340 morbos,
1161 1256 1238 1327 lrno
1263 1254 1347 1327 baec
1368 1257 1562 1326 consolatio
1586 1259 1763 1349 proposita
1785 1270 1866 1341 est,
1881 1280 1945 1325 nos
1965 1277 2047 1324 vere
2068 1278 2154 1346 pro·

117 1377 261 1455 propter
283 1363 432 1431 fratrum
456 1384 658 1445 aerumnas,
695 1385 768 1429 non
792 1364 891 1431 ardet
921 1359 1111 1442 invocatio,
1161 1374 1238 1451 pter
1256 1361 1368 1428 lilium
1386 1355 1456 1428 Dei
1470 1359 1578 1448 gratis
1595 1360 1720 1451 recipi,
1747 1384 1821 1428 non
1837 1373 1983 1450 propter
1998 1356 2153 1446 dignita·

115 1466 219 1555 friget
235 1488 316 1532 cura
333 1464 491 1532 discendi
506 1476 540 1532 et
556 1466 728 1551 regendae
743 1462 966 1553 disciplinae:
994 1484 1110 1554 neque
1159 1479 1231 1533 tem
1246 1477 1416 1545 nostram,
1436 1463 1509 1530 sola
1524 1462 1606 1546 fide,
1632 1463 1715 1555 quia
1733 1485 1854 1531 sumus
1871 1460 2011 1549 indigni
2026 1471 2061 1528 et
2075 1482 2153 1529 sor-

117 1591 227 1660 pauca
242 1579 324 1635 sunt
339 1578 396 1633 tua
413 1578 446 1633 et
461 1588 536 1634 mea
554 1580 587 1635 et
605 1565 840 1656 plurimorum
857 1565 1010 1634 aliorum
1028 1587 1110 1654 pec·
1158 1564 1254 1645 didi,
1281 1578 1314 1634 et
1336 1565 1461 1653 procul
1487 1587 1505 1632 a
1529 1564 1742 1653 perfectione
1764 1564 1850 1652 legis
1873 1565 2050 1631 absumus.
2104 1558 2153 1632 Et

117 1682 211 1754 cata,
236 1679 380 1758 propter
396 1690 485 1758 quae
499 1668 602 1736 nobis
621 1690 754 1757 poenae
768 1667 1007 1738 cumulantur.
1071 1746 1074 1753 ¹

218 1768 416 1838 Flectamus
432 1768 540 1857 igitur
554 1769 692 1838 animos
708 1771 752 1839 ad
770 1758 1047 1860 poenitentiam,
1073 1777 1108 1836 et

116 1874 320 1942 intueamur
342 1871 454 1937 lilium
471 1867 555 1952 Dei,
589 1895 694 1962 quem
715 1861 949 1939 certissimum
972 1881 1023 1937 est
1040 1867 1107 1934 mi-

116 1976 227 2044 rando
253 1971 402 2041 consilio
424 1971 622 2042 divinitatis
644 1971 866 2063 propositum
888 1992 962 2039 esse
987 1969 1108 2058 generi

116 2072 293 2157 humano,
319 2087 359 2142 ut
373 2073 418 2141 sit
436 2087 551 2143 custos
567 2087 600 2142 et
616 2086 775 2143 servator
792 2071 970 2142 Ecclesiae
986 2094 1081 2145 suae.

216 2173 288 2245 Nec
307 2173 463 2244 miserias
481 2188 637 2257 nostras,
663 2200 728 2245 nec
744 2173 922 2266 pericula,
947 2196 1013 2242 nec
1030 2195 1108 2241 sae-

115 2278 237 2348 vitiam
252 2273 425 2361 bostium,
450 2277 521 2346 nisi
539 2292 617 2368 post
631 2290 776 2346 eventus
793 2275 1028 2359 tristissimos,
1051 2296 1106 2343 sa·

115 2378 160 2448 tis
184 2380 378 2448 cernimus:
420 2381 480 2448 sed
510 2393 628 2451 tamen
654 2379 701 2450 ita
724 2379 934 2469 cogitemus,
967 2397 1107 2446 necesse

115 2496 165 2552 est
181 2502 324 2569 magnas
345 2481 560 2551 calamitates
576 2504 666 2566 esse,
692 2495 726 2551 et
746 2476 962 2550 horrendam
979 2492 1105 2570 poten·

114 2585 212 2666 tiam,
237 2595 271 2651 et
287 2580 420 2650 rabiem
438 2577 614 2665 hostium,
639 2607 719 2651 cum
736 2596 856 2653 tantus
869 2594 986 2651 custos
1001 2579 1106 2649 nobis

114 2685 216 2754 datus
233 2684 291 2768 sit,
318 2683 450 2753 scilicet
464 2684 559 2753 filius
574 2680 652 2757 Dei.
687 2682 756 2754 llic
770 2708 849 2754 cum
867 2684 971 2767 dicat,
992 2681 1104 2752 Nemo

114 2787 226 2877 rapiet
255 2806 454 2853 ovesmeas
483 2809 525 2853 ex
551 2787 718 2854 manibus
739 2786 841 2854 meis:
875 2786 1048 2874 significat
1068 2805 1105 2852 se

114 2912 186 2959 non
209 2887 367 2956 ociosum
391 2907 464 2952 esse
480 2896 710 2974 spectatorem
726 2899 927 2954 nostrarum
945 2884 1105 2953 miseria-

113 3013 211 3071 rum,
243 2988 304 3054 sed
329 3008 453 3074 magna
477 2998 511 3054 et
530 2984 670 3054 assidua
692 2986 883 3055 certamina
906 3009 992 3060 esso.
1044 2983 1105 3053 ln-

112 3090 232 3160 eendit
252 3085 415 3154 diabolus
438 3085 557 3178 aliqua
580 3107 642 3155 sua
663 3110 813 3176 organa,
845 3100 885 3158 ut
906 3083 1105 3159 distrbhant

112 3187 327 3273 Ecclesiam,
359 3200 419 3258 aut
439 3187 640 3258 societatem
663 3189 862 3280 politicam,
893 3202 935 3259 ut
952 3211 1106 3282 sequan-

112 3307 172 3364 tur
186 3290 345 3359 infinitae
366 3288 608 3374 confusiones,
635 3304 669 3360 ct
683 3291 814 3362 deinde
828 3290 972 3362 vastitas
986 3287 1105 3362 ethni-

113 3418 169 3464 ca:
196 3394 256 3461 sed
283 3392 377 3460 filius
390 3387 457 3460 Dei
482 3392 581 3484 quasi
608 3392 646 3461 in
663 3394 828 3464 manibus
849 3393 1006 3464 retinens
1023 3417 1103 3462 coe·

113 3510 187 3568 tum
206 3518 310 3588 aquo
326 3492 521 3576 invocatur,
547 3515 610 3562 sua
628 3495 798 3564 immensa
816 3495 973 3586 potentia
988 3495 1103 3585 repri-

111 3599 176 3669 mit
198 3595 377 3678 diabolos,
414 3607 449 3664 et
475 3593 678 3684 profligatos
701 3595 865 3686 depellit,
899 3609 933 3664 et
960 3599 1102 3666 tandem

110 3713 264 3771 tartareo
287 3689 416 3766 carceri
439 3695 596 3765 inclusos
618 3696 656 3764 in
681 3696 781 3766 omni
796 3697 1002 3769 aeternitate
1019 3693 1104 3766 bor-

110 3800 231 3872 rendis
248 3796 434 3891 suppliciis
449 3796 600 3872 adficiet.

212 3898 315 3972 Hanc
331 3900 609 3970 consolationem
617 3912 657 3970 —et
670 3900 714 3969 de
727 3899 909 3971 communi
924 3896 1103 3971 Ecclesiae

94 4017 232 4085 coetu,
255 4016 291 4074 et
308 4004 354 4072 de
368 4001 473 4072 nobis
490 4000 593 4094 ipsis,
617 4001 751 4091 singuli
766 4018 958 4074 teneamus.

211 4101 302 4173 Cum
317 4104 356 4173 in
368 4099 425 4174 his
441 4103 629 4174 discordiis
651 4117 686 4174 et
712 4104 815 4175 bellis
836 4105 1053 4194 conflagrare
1069 4115 1104 4175 et

110 4228 213 4278 ruere
232 4205 380 4294 imperia
396 4208 574 4287 videmus,
601 4205 770 4276 intucaris
793 4207 907 4276 lilium
924 4203 991 4276 Dei
1005 4218 1105 4276 stan-

110 4323 179 4380 tem
195 4308 234 4376 in
252 4328 380 4377 arcano
396 4308 544 4378 consilio
561 4307 779 4395 divinitatis,
804 4322 839 4380 et
860 4321 1102 4400 protegentem

109 4432 172 4479 sua
196 4407 355 4498 agmina,
380 4421 414 4502 et
430 4411 527 4479 velut
549 4408 716 4481 manibus
734 4423 928 4501 gestantem
945 4410 1103 4482 infirmas

110 4510 278 4586 oviculas.
338 4506 397 4580 Ab
419 4506 488 4580 hoc
510 4522 643 4583 statuas
665 4524 700 4583 te
734 4537 876 4608 quoque
904 4512 1043 4606 protegi
1069 4525 1103 4584 et

110 4636 256 4688 servan.

210 4713 282 4786 Sed
298 4712 444 4809 quidam
458 4737 533 4781 non
550 4724 644 4783 recte
658 4713 815 4789 instituti
830 4713 889 4788 hic
905 4716 1104 4787 vociteran-

106 4829 177 4891 tur.
213 4811 381 4909 Optarim
396 4815 541 4909 quidem
559 4827 658 4885 tanto
672 4841 730 4897 me
744 4820 883 4890 custodi
900 4842 1004 4890 curae
1017 4841 1104 4909 esse,

108 4921 169 4989 sed
191 4941 272 4989 suas
293 4918 355 4988 ille
381 4938 465 4988 oves
482 4929 613 4988 tuetur.
666 4913 744 5009 Ego
761 4945 807 4989 an
825 4916 908 4994 buic
926 4920 1022 5012 gregi
1038 4944 1104 4990 an·

107 5023 350 5091 numerandus
365 5019 451 5104 sim,
478 5020 609 5094 nescio.

186 5121 304 5194 ¹Huic
339 5121 554 5194 dubitationi
584 5120 869 5194 constantissime
900 5146 1105 5216 repugnan-

1158 1666 1345 1757 promissio
1372 1665 1584 1735 universalis
1619 1680 1689 1754 est,
1729 1679 1769 1735 ut
1797 1665 1915 1756 inquit
1949 1664 2042 1731 lilius
2064 1660 2151 1731 Dei:

1159 1766 1287 1837 Venite
1302 1768 1346 1835 ad
1363 1791 1417 1834 me
1434 1789 1568 1852 omnes,
1594 1770 1657 1860 qui
1674 1768 1842 1838 laboratis
1859 1780 1893 1835 et
1909 1765 2046 1833 onerati
2061 1764 2154 1849 estis,

1157 1883 1190 1940 ct
1210 1890 1272 1958 ego
1293 1868 1445 1937 reficiam
1465 1892 1538 1938 vos.

1259 1970 1487 2042 Severissirne
1509 1969 1679 2062 praecipit
1701 1982 1866 2038 aeternus
1886 1983 2007 2060 pater,
2034 1967 2153 2038 audiri

1157 2072 1286 2143 lilium:
1327 2086 1360 2142 et
1395 2073 1557 2142 omnium
1591 2072 1761 2141 scelerum
1797 2072 2053 2141 atrocissimum
2090 2083 2153 2154 est,

1156 2174 1338 2267 aspernari
1361 2173 1493 2254 lilium,
1529 2198 1595 2244 nec
1617 2173 1786 2244 adsentiri
1813 2174 1889 2243 eius
1911 2172 2001 2247 voci.
2055 2169 2152 2242 Haec

1155 2278 1322 2347 omnibus
1345 2299 1446 2367 saepe
1463 2277 1687 2369 multumque
1709 2276 1895 2364 cogitanda
1914 2286 2016 2360 sunt,
2042 2287 2076 2343 et
2092 2297 2152 2343 ac-

1156 2379 1407 2472 quiescendum
1424 2393 1475 2450 est
1492 2380 1529 2481 in
1546 2375 1611 2470 bac
1628 2380 1810 2448 voluntate
1825 2375 1911 2463 Dei,
1936 2400 2042 2471 quam
2056 2375 2152 2445 filius

1156 2482 1329 2573 patefecit.

1255 2579 1405 2652 Etiamsi
1428 2581 1466 2648 in
1490 2581 1598 2652 tantis
1620 2581 1734 2650 ruinis
1757 2580 1867 2650 multa
1887 2579 2000 2649 tristia
2016 2591 2151 2670 speeta-
2210 2659 2213 2663 ¹

1156 2685 1234 2754 cula
1252 2685 1289 2752 in
1304 2685 1426 2753 oculos
1441 2684 1642 2769 incurrunt,
1666 2698 1700 2753 et
1716 2684 1889 2752 laceratur
1902 2677 2060 2751 Ecclesia
2075 2680 2151 2750 dis·

1155 2787 1256 2855 sidiis
1282 2800 1316 2855 et
1337 2787 1445 2871 odiis,
1479 2799 1513 2854 et
1536 2787 1667 2855 multae
1693 2788 1865 2855 accedunt
1883 2783 2095 2853 domesticae
2115 2795 2151 2852 et

1156 2890 1317 2981 publicae
1341 2888 1573 2971 calamitates,
1601 2903 1718 2959 tamen
1740 2911 1814 2956 non
1837 2887 2010 2976 frangaris
2025 2886 2150 2975 despe-

1155 2992 1309 3060 ratione:
1336 2992 1397 3058 sed
1414 2990 1502 3058 scias
1519 3004 1552 3059 te
1575 2986 1703 3058 habere
1730 2990 1910 3057 custodem
1929 3001 1963 3057 et
1986 2988 2150 3057 defenso-

1155 3115 1229 3162 rem
1248 3091 1360 3160 filium
1378 3088 1464 3176 Dei,
1490 3093 1551 3184 qui
1570 3116 1644 3161 non
1657 3089 1870 3170 Ecclesiam,
1896 3113 1971 3159 non
1993 3103 2047 3178 te,
2074 3108 2151 3157 non

1155 3208 1250 3264 tuam
1269 3193 1497 3262 domesticam
1518 3190 1713 3264 Ecclesiam
1739 3217 1778 3261 ex
1804 3192 1969 3261 manibus
1984 3191 2058 3262 suis
2072 3189 2150 3260 ullo

1154 3295 1288 3365 diaboli
1304 3294 1426 3364 surore
1442 3296 1516 3386 rapi
1535 3295 1700 3386 patietur.

1255 3397 1433 3486 Coniugio
1458 3397 1568 3487 igitur
1593 3410 1668 3468 toto
1697 3411 1837 3489 pectore
1861 3398 1904 3465 ad
1934 3395 2048 3464 filium
2071 3390 2150 3478 Dei,

1154 3499 1352 3569 Dominum
1382 3513 1542 3567 nostrum
1569 3494 1684 3566 lesum
1706 3492 1908 3577 Christum,
1943 3496 2154 3566 crucifixum

1155 3603 1219 3690 pr'o
1235 3601 1340 3667 nobis
1354 3613 1387 3667 et
1402 3600 1659 3681 resuscitatum,
1684 3612 1720 3668 ct
1732 3603 1911 3669 sedentem
1927 3601 1971 3666 ad
1987 3599 2148 3667 dextram

1154 3700 1289 3770 aeterni
1314 3699 1441 3790 patris,
1474 3713 1513 3769 ut
1536 3701 1629 3768 dona
1653 3701 1713 3772 det
1735 3696 1960 3770 bominibus:
1995 3722 2147 3792 eumque

1153 3826 1238 3882 oro,
1265 3815 1305 3870 ut
1331 3795 1393 3870 bas
1410 3797 1638 3889 Ecclesiolas,
1665 3813 1699 3871 et
1720 3827 1776 3873 me
1800 3803 1837 3870 in
1862 3802 1911 3870 eis
1935 3814 2094 3895 protegat
2112 3813 2148 3889 et

1153 3903 1337 3993 gubernet.

1255 4001 1373 4073 Aliam
1398 4002 1677 4075 consolationem
1705 4006 1842 4075 tirmam
1866 4007 1903 4075 in
1928 4018 2028 4078 tanto
2050 4005 2149 4077 orbis

1153 4121 1328 4179 terrarum
1350 4105 1514 4176 incendio
1538 4108 1675 4176 nullam
1693 4109 1807 4183 video.
1860 4105 1937 4181 Alii
1960 4109 2047 4178 alias
2068 4130 2148 4200 spes

1151 4204 1308 4293 babent,
1341 4223 1375 4279 et
1399 4208 1468 4278 alia
1493 4209 1666 4301 praesidia
1694 4224 1810 4281 mente
1831 4224 2023 4304 quaerunt:
2058 4232 2149 4305 qerae

1152 4310 1413 4406 qualiacunque
1427 4323 1543 4395 crunt,
1562 4307 1784 4383 tamenlraec
1799 4314 1993 4384 consolatio
2008 4312 2150 4396 rectior,

1153 4426 1187 4484 et
1211 4409 1306 4483 baud
1332 4413 1440 4483 dubie
1465 4414 1639 4485 efficacior
1659 4428 1728 4500 cst,
1760 4417 1949 4506 confugere
1970 4417 2015 4485 ad
2035 4414 2149 4485 tilium
2216 4486 2220 4495 ,

1152 4512 1239 4602 Dei,
1271 4529 1306 4586 et
1329 4517 1374 4585 ab
1398 4516 1474 4608 ipso
1499 4531 1616 4609 petere
1639 4530 1674 4588 ct
1702 4531 1884 4610 expectare
1912 4518 2084 4589 auxilium
2113 4526 2149 4585 et
2263 4511 2270 4519 ’

1152 4617 1411 4689 liberationem.

1252 4718 1326 4789 Nec
1342 4733 1446 4789 erunt
1463 4719 1565 4790 irrita
1586 4709 1675 4789 haec
1691 4733 1784 4791 vota.
1838 4717 1923 4791 ldeo
1940 4722 2036 4791 enim
2050 4734 2149 4793 tanta

1154 4820 1246 4889 mole
1263 4821 1502 4911 periculorum
1524 4822 1662 4891 onerati
1677 4845 1816 4903 sumus,
1843 4837 1884 4894 ut
1899 4847 1979 4893 curn
2001 4823 2150 4897 inextri-

1152 4921 1280 4992 cabilia
1310 4919 1475 4993 humanis
1506 4924 1665 4994 consiliis
1694 4926 1880 5011 accidunt,
1919 4948 2150 5017 agnoscamus
2228 4916 2237 4928 ’

1154 5023 1361 5095 immensam
1377 5023 1443 5094 Dei
1459 5027 1653 5096 bonitatem
1669 5040 1703 5096 ct
1718 5030 1964 5118 praesentiam,
1992 5030 2054 5124 qui
2067 5051 2152 5119 pro·

1154 5137 1232 5218 pter
1247 5127 1359 5197 tilium
1376 5141 1412 5198 et
1426 5152 1491 5220 per
1504 5128 1616 5198 lilium
1634 5129 1738 5199 nobis
1751 5130 1958 5222 opitulatur.
2008 5129 2099 5201 Vult
2113 5153 2151 5200 se

106 5229 192 5297 dum
215 5240 278 5299 est.
329 5222 419 5294 Nam
445 5223 519 5316 ipse
535 5225 703 5296 dominus
724 5227 763 5294 in
785 5227 908 5294 eadem
931 5226 1103 5297 concione
1154 5228 1310 5321 conspici
1332 5226 1429 5299 Deos
1453 5229 1491 5298 in
1518 5230 1651 5301 talibus
1674 5232 1965 5315 liberationibus,
1997 5233 2087 5303 sicut
2113 5232 2152 5300 in

106 5329 288 5411 adfirmat,
322 5326 500 5396 nominari
536 5349 638 5407 oves,
673 5341 847 5422 quotquot
885 5329 1038 5401 audiunt
1070 5342 1104 5399 et
1154 5330 1366 5401 liberatione
1385 5333 1585 5423 primorum
1603 5350 1800 5426 parentum,
1826 5336 1888 5428 qui
1906 5348 1984 5426 post
2000 5334 2153 5425 lapsum,

106 5431 175 5499 tide
197 5431 460 5522 amplectuntur
483 5454 602 5500 vocem
619 5426 827 5521 Evangelii,
854 5429 946 5503 sicut
963 5445 997 5502 ct
1013 5430 1102 5499 alibi
1153 5454 1234 5502 cum
1257 5434 1302 5504 ab
1323 5434 1492 5506 omnibus
1515 5436 1685 5508 creaturis
1705 5439 1834 5508 deserti
1851 5448 1989 5528 essent,
2014 5449 2153 5508 tantum

105 5553 262 5626 expresse
288 5531 438 5604 dicitur:
472 5529 513 5603 Si
544 5531 624 5628 quis
644 5532 764 5624 diligit
791 5555 868 5624 me,
901 5554 1100 5603 sermonem
1153 5533 1278 5606 divina
1298 5558 1367 5628 ope
1391 5537 1546 5611 restituti
1567 5550 1664 5611 sunt.
1718 5538 1769 5610 lta
1790 5550 1928 5611 servata
1951 5539 2154 5613 estfamilia
