4732 6030
102 422 180 498 tae
696 416 856 496 unca.
890 416 966 492 uu
1000 413 1279 509 ouunana
1313 410 1546 489 nazaar.
1909 370 1912 375 ’
2062 417 2141 497 aso

103 591 283 666 Ecclesiae
312 614 412 684 opes,
453 604 571 667 tamen
602 591 651 660 eis
674 615 748 662 non
772 592 867 662 deest
892 587 1097 683 hospitium,
1148 590 1184 683 pi
1206 603 1351 660 tuentur
1373 588 1503 679 impios
1520 589 1653 675 cultus,
1675 589 1706 658 si
1722 612 1839 658 veram
1857 589 2058 662 doctrinam
2074 617 2140 683 op-

105 710 141 768 et
161 698 217 766 vel
240 717 359 778 canes,
387 695 423 762 id
447 707 515 777 est,
542 695 586 762 de
609 694 741 784 populo
764 695 893 786 aliqui,
919 718 979 763 eos
996 719 1095 762 com·
1147 692 1318 783 primunt,
1343 704 1381 761 ut
1398 691 1513 780 palam
1530 691 1682 776 faciunt,
1703 693 1790 760 falso
1807 692 1950 762 titulum
1964 698 2139 784 usurpani

103 799 327 889 plectuntur,
357 796 547 879 adiuvant,
579 795 692 865 lenire
720 818 906 865 aerumnas
937 797 1096 886 cupiunt.
1145 792 1336 867 Ecclesiae.
1388 790 1441 860 Ac
1456 789 1595 881 Regum
1617 793 1774 862 officium
1789 807 1859 877 est,
1884 793 2066 863 facultates
2082 818 2140 864 ec-

103 897 247 968 Habent
275 911 309 966 et
339 898 501 967 custodes
527 892 700 985 Angelos,
741 898 801 988 qui
830 897 1031 973 viventibus
1063 909 1096 965 et
1145 896 1352 965 clesiasticas
1377 894 1565 963 transferre
1588 896 1632 962 ad
1655 895 1814 964 coelestis
1838 893 2020 963 doctrinae
2036 919 2140 986 prae-

103 998 340 1068 morientibus
364 1000 504 1068 adsunt.
554 995 651 1065 Haec
668 997 844 1068 affirmant
858 999 1000 1068 oracula
1016 1022 1094 1067 coe-
1145 1022 1269 1078 conos,
1304 999 1348 1064 ad
1374 1019 1432 1065 cos
1459 995 1520 1088 qui
1541 995 1689 1084 gloriam
1713 993 1780 1065 Dei
1805 1020 1886 1066 vere
1907 1019 2035 1065 ornare
2062 1009 2138 1066 stu-

103 1101 223 1186 Iastia,
256 1115 290 1170 et
312 1100 546 1190 comprobant
570 1099 636 1188 ipsi
662 1111 823 1183 eventus3
859 1113 974 1169 servat
999 1101 1094 1167 enim
1146 1103 1242 1169 dent.
1295 1097 1443 1168 Utinam
1461 1096 1644 1188 Principes
1664 1097 1922 1188 intelligerent,
1948 1091 2040 1166 hanc
2062 1120 2137 1175 rem

103 1196 198 1273 Deus
221 1225 320 1270 suam
342 1197 555 1284 Ecclesiam,
579 1201 812 1269 frementibus
835 1201 906 1269 illis
929 1197 1094 1294 hypocri-
1145 1202 1189 1269 ad
1211 1201 1365 1286 officium
1388 1222 1490 1266 suum
1515 1199 1713 1289 pertinere,
1738 1222 1890 1293 quorum
1910 1198 2136 1289 praecipuum

104 1302 161 1388 lis,
187 1303 250 1397 qui
266 1301 473 1391 sanguinem
491 1303 632 1393 piorum
648 1302 815 1370 exorbcre
831 1303 989 1393 cupiunt.
1023 1301 1093 1372 Sed
1145 1317 1194 1371 est
1218 1324 1367 1383 munus,
1391 1299 1599 1387 religionem
1623 1325 1769 1386 ornare,
1803 1302 1991 1370 defendere
2013 1296 2137 1368 Eccle-

102 1427 178 1472 non
210 1416 348 1473 tantum
381 1402 518 1471 institui
547 1402 742 1494 querelam,
783 1405 989 1493 praesertim
1012 1429 1092 1471 cum
1144 1404 1244 1472 siam.
1296 1399 1390 1470 llaec
1404 1412 1485 1470 sunt
1502 1423 1582 1468 vere
1598 1396 1757 1486 heroica,
1782 1415 1927 1493 propter
1943 1399 2136 1493 quaeDcus

102 1500 190 1574 haec
206 1505 353 1572 vulnera
369 1500 545 1573 Ecclesiae
561 1527 667 1572 nemo
685 1528 757 1571 non
775 1506 951 1595 deploret:
979 1529 1093 1573 reme·
1144 1505 1301 1594 impertit
1317 1502 1517 1572 societatem
1533 1502 1689 1572 nominis
1705 1503 1759 1572 sui
1776 1503 1879 1572 bunis
1895 1502 2136 1593 Principibus,

103 1605 164 1675 dia
194 1607 393 1697 quaerenda
420 1620 513 1675 sunt.
582 1602 683 1692 Quae
709 1606 845 1675 utinam
879 1607 1032 1675 salubria
1059 1620 1094 1675 et
1144 1622 1184 1675 ut
1200 1607 1264 1676 ait:
1289 1601 1368 1694 Ego
1385 1603 1460 1672 dixi
1476 1602 1542 1672 Dii
1560 1603 1654 1689 estis,
1676 1598 1744 1672 hoc
1761 1616 1821 1688 est,
1846 1627 1900 1672 res
1919 1604 2058 1672 divinas
2075 1628 2137 1673 cu-

102 1699 282 1778 ἀνώδυνα
297 1719 493 1775 monstrare
509 1730 656 1796 possem.
707 1704 776 1775 Sed
794 1732 873 1775 vere
890 1707 1006 1800 iuquit
1019 1705 1092 1775 De·
1143 1709 1354 1790 studientes,
1378 1702 1633 1794 Evangelium,
1658 1706 1736 1797 pios
1761 1706 1875 1776 cultus
1897 1706 2138 1788 defendentes,

103 1802 324 1878 mosthenes:
357 1803 632 1898 Reprehendere
663 1807 813 1899 quilibet
842 1823 975 1899 potest,
1008 1811 1093 1877 dare
1143 1810 1292 1897 gloriam
1309 1806 1397 1887 Dei,
1427 1808 1594 1876 adversus
1606 1804 1820 1891 Diabolum,
1845 1806 1908 1899 qui
1923 1807 2055 1897 spargit
2068 1806 2136 1873 im-

102 1909 291 2009 consilium
315 1910 419 2000 pauci
437 1922 595 1999 possunt.
648 1905 737 1978 Cum
757 1924 874 1979 autem
891 1907 976 1979 hacc
988 1905 1092 1978 scho-
1145 1911 1218 2000 pias
1235 1911 1443 2000 opiniones,
1468 1907 1531 2000 qui
1548 1908 1709 1978 incendit
1724 1922 1895 2002 tyrannos
1908 1910 1952 1977 ad
1971 1930 2137 1976 exercen-

100 2009 221 2080 lastica
237 2013 473 2099 consuetudo,
500 2024 540 2080 ut
555 2010 659 2078 initio
675 2010 768 2091 dixi,
793 2013 961 2079 concedat
975 2011 1094 2093 nobis,
1145 2012 1226 2079 dam
1250 2009 1443 2079 saevitiam.
1502 2007 1585 2077 Non
1609 2023 1748 2080 tantum
1773 2010 1982 2100 corporibus
2006 2007 2137 2078 nostris

101 2125 142 2182 ut
171 2113 217 2179 de
237 2107 414 2194 Ecclesia,
449 2125 615 2202 tanquam
641 2110 678 2175 in
704 2110 870 2200 Synodo,
902 2111 1092 2179 sententias
1143 2112 1253 2181 seruit
1272 2109 1519 2199 Magistratus,
1543 2111 1604 2178 sed
1629 2111 1743 2180 multo
1766 2111 1877 2200 magis
1900 2110 2033 2201 gloriae
2057 2106 2136 2180 Dei.

51 2254 53 2258 >
99 2212 281 2295 dicamus,
307 2213 532 2296 monstrabo,
558 2223 598 2279 ut
614 2223 713 2278 vocat
730 2207 1000 2295 Demosthenes,
1023 2207 1092 2303 τὴν
1144 2212 1250 2300 Quod
1274 2212 1305 2281 si
1325 2224 1440 2281 essent
1458 2210 1607 2297 alicubi,
1631 2213 1693 2304 qui
1710 2213 1828 2304 palam
1844 2208 2036 2303 Epicureas
2054 2210 2135 2302 opi·

101 2309 237 2405 εὐσεβῆ
260 2307 324 2382 καὶ
346 2307 496 2384 δικαίαν
516 2317 664 2406 piper:
691 2335 755 2379 nec
777 2312 807 2379 si
829 2314 867 2380 in
885 2311 1030 2406 Synodo
1053 2315 1091 2380 in
1143 2315 1269 2384 niones
1287 2313 1554 2404 profiterentur,
1585 2337 1630 2382 an
1655 2337 1729 2383 non
1751 2312 2001 2404 Magistratum
2026 2336 2136 2402 opor·

103 2414 310 2500 suffragium
335 2414 492 2482 cundum
512 2413 596 2497 erit,
621 2411 724 2479 aliam
741 2414 949 2483 sententiam
965 2415 1092 2484 dicam.
1142 2414 1211 2485 tuit
1245 2439 1383 2485 summa
1419 2415 1601 2483 severitate
1640 2416 1678 2484 in
1709 2417 1797 2486 tales
1832 2414 2136 2485 animadvertere?

101 2513 203 2584 Bona
226 2514 367 2602 ingenia
384 2510 574 2598 adhortor,
600 2527 639 2583 ut
657 2514 818 2583 deserant
833 2515 893 2584 illa
910 2516 1018 2606 impia
1034 2540 1092 2584 so·
1141 2515 1224 2586 Non
1242 2530 1293 2586 est
1310 2517 1607 2585 contemnendum
1624 2530 1867 2608 praeceptum,
1888 2518 1984 2609 quod
2001 2514 2135 2605 inquit:

103 2616 250 2700 dalicia,
283 2616 419 2706 polluta
448 2613 631 2698 idolatria,
665 2614 755 2683 sicut
785 2617 955 2707 praecipit
980 2616 1090 2687 Deus:
1141 2613 1375 2710 Blaspbemus
1404 2629 1517 2684 morte
1547 2617 1733 2693 moriatur.
1795 2613 1844 2685 Et
1873 2639 2010 2685 rursus:
2051 2613 2133 2681 Non

102 2715 227 2805 Fugite
253 2716 465 2788 idolatriam.
517 2714 654 2786 Deinde
681 2711 747 2784 hoc
771 2719 883 2802 addo,
916 2715 1031 2809 Reges
1058 2734 1092 2789 et
1142 2720 1329 2811 usurpabis
1346 2742 1478 2806 nomen
1494 2715 1560 2785 Dei
1577 2741 1677 2785 vane.
1728 2715 1865 2785 Harum
1883 2717 2001 2805 legum
2017 2726 2134 2783 custus

101 2817 283 2907 Principes
305 2820 431 2889 debere
451 2816 538 2890 haec
559 2819 673 2888 officia
690 2815 786 2903 Deo,
811 2834 851 2889 ut
870 2820 997 2910 impios
1015 2821 1091 2889 cul-
1143 2846 1221 2889 cum
1248 2821 1293 2890 sit
1311 2819 1557 2909 Magistratus,
1589 2813 1683 2888 haud
1711 2818 1819 2888 dubie
1842 2818 1981 2887 abolere
2005 2815 2135 2906 impius

103 2921 321 3005 sustollant,
346 2923 389 2990 ad
415 2923 491 3008 pios
512 2943 615 2999 usus,
642 2920 686 2986 ad
709 2919 854 2988 alendos
878 2936 1032 3010 pastores
1051 2946 1090 2989 ac
1142 2922 1257 2992 cultus
1281 2922 1403 3004 debet,
1428 2919 1619 2995 restituere,
1636 2920 1732 3010 pios,
1760 2936 1795 2991 et
1817 2913 2134 3011 ministrisEvau·

102 3016 345 3104 scholasticus,
394 3023 603 3089 transferant
635 3018 815 3086 facultates
839 3017 1091 3093 Ecclesiarum.
1142 3024 1225 3112 gelii
1250 3022 1424 3114 stipendia
1450 3023 1550 3104 dare,
1584 3022 1781 3112 quaeipsis
1806 3021 1844 3088 in
1867 3014 2025 3090 Ecclesia
2048 3040 2134 3086 con·

102 3119 203 3191 Hanc
227 3121 437 3191 sententiam
464 3143 537 3186 non
560 3119 752 3207 ipseununc
776 3118 885 3206 fingo,
918 3121 1091 3189 divinitus
1143 3125 1262 3193 stituta
1285 3136 1380 3191 sunt.
1431 3120 1503 3189 Nec
1527 3134 1650 3212 putent
1674 3116 2138 3214 seleviterpeccarePrin-·

101 3224 230 3295 tradita
254 3234 307 3288 est
329 3220 368 3285 in
390 3219 496 3288 sacris
521 3219 649 3298 literis,
676 3229 710 3286 et
734 3220 844 3288 multa
865 3215 974 3290 habet
989 3222 1091 3291 lucu·
1142 3225 1255 3314 cipes,
1281 3225 1310 3292 si
1336 3225 1372 3291 id
1389 3223 1541 3291 officium
1559 3224 1755 3312 negligant3
1782 3249 1864 3292 nam
1882 3224 1975 3313 apud
1990 3219 2135 3290 Esaiam

56 3335 60 3341 ”
102 3325 199 3393 lenta
222 3319 428 3410 Principum
453 3333 488 3389 et
509 3318 734 3413 Synodorurn
761 3321 980 3405 testimonia,
1002 3346 1091 3415 quae
1141 3339 1313 3396 vocantur
1330 3324 1523 3394 nutritores
1538 3320 1725 3393 Ecclesiae.
1775 3322 1824 3394 Et
1838 3321 1979 3413 Aggeus
1993 3346 2033 3391 ac
2052 3319 2136 3390 Ma-

101 3435 223 3492 vetant
245 3445 299 3489 res
321 3421 466 3489 donatas
483 3415 680 3502 Ecclesiae,
705 3422 750 3487 ab
765 3421 892 3492 ociosis
906 3435 939 3491 et
954 3424 1092 3511 ignavis
1141 3420 1274 3495 lachias
1298 3449 1417 3503 severe
1442 3423 1631 3512 obiurgant
1658 3426 1830 3517 populum
1848 3449 1921 3495 non
1938 3426 2133 3493 solventem

101 3523 284 3606 devorari,
310 3521 371 3614 qui
388 3545 462 3590 non
478 3535 562 3592 sunt
578 3521 657 3591 usui
674 3517 863 3595 Ecclesiae.
914 3519 1020 3594 Extat
1034 3525 1091 3593 lex
1140 3526 1326 3617 pensiones
1342 3527 1478 3597 debitas
1492 3525 1644 3617 templo,
1669 3552 1708 3595 ac
1719 3525 1984 3596 Sacerdotibos:
2011 3537 2045 3593 et
2060 3523 2134 3590 mi-

101 3620 295 3694 Theodosii
317 3623 356 3690 iu
378 3621 528 3706 Codice,
561 3647 650 3714 quae
673 3622 801 3692 diserte
828 3618 1013 3715 prohibet,
1046 3651 1090 3696 ne
1141 3643 1273 3699 uantur
1287 3629 1528 3711 sterilitatem,
1555 3649 1594 3694 ac
1609 3628 1753 3710 famem,
1778 3628 1848 3695 nisi
1862 3626 2046 3696 liberalius
2060 3624 2134 3692 sol·

99 3727 266 3795 fruantur
283 3723 455 3793 reditibus
470 3719 528 3807 hi,
554 3723 616 3815 qui
633 3747 711 3792 cum
727 3724 849 3792 titulos
864 3726 1090 3795 functionum
1140 3744 1238 3798 vant.
1290 3726 1381 3799 Cum
1402 3730 1511 3817 igitur
1533 3725 1663 3796 iniuste
1686 3741 1828 3797 teneant
1848 3723 1934 3797 haec
1957 3724 2134 3819 stipendia

102 3826 412 3897 ecclesiasticarum
450 3820 623 3908 habeant,
660 3824 814 3893 officium
841 3848 915 3893 nou
943 3827 1090 3900 faciunt.
1140 3825 1327 3920 Episcopi,
1368 3825 1542 3899 Canonici
1573 3842 1606 3898 et
1632 3823 1823 3918 Monachi,
1865 3853 1945 3896 cum
1978 3841 2134 3916 pastores

101 3925 249 3998 Tulerat
269 3927 383 4016 legem
397 3921 642 4009 Theodosius,
663 3938 704 3993 ut
724 3926 904 3995 facultates
927 3928 1090 3998 ecclesia·
1141 3932 1219 4019 pios
1245 3945 1278 4000 et
1300 3925 1429 3999 horum
1453 3928 1619 4016 coniuges
1643 3942 1677 3997 et
1701 3930 1832 3997 liberos
1848 3930 1940 3994 fame
1956 3929 2069 4015 perire
2085 3925 2134 3992 si-

101 4031 223 4111 sticae,
255 4052 344 4124 quas
368 4024 575 4098 Donatistae
606 4027 789 4108 tenebant,
818 4029 1091 4098 transferrentur
1140 4044 1246 4115 nant,
1279 4054 1359 4101 curu
1385 4029 1596 4096 defraudent
1626 4023 1872 4110 scholasticos,
1904 4049 1985 4095 cum
2016 4026 2134 4097 studia

101 4132 146 4202 ad
169 4132 246 4222 pias
269 4127 456 4200 Ecclesias.
506 4126 648 4198 Novum
671 4127 869 4218 exemplum
892 4128 1013 4197 odiose
1033 4155 1091 4198 ca·
1142 4131 1302 4213 deleant,
1328 4126 1424 4198 Deus
1439 4125 1611 4217 postulat,
1637 4139 1678 4195 ut
1692 4126 1877 4219 Principes
1892 4152 1995 4196 verae
2009 4125 2135 4198 Eccle·
2244 4125 2250 4133 ’

97 4232 371 4302 lumniabantur
385 4228 609 4312 Donatistae,
636 4228 921 4298 vociferabantur
933 4230 1090 4299 alienum
1141 4232 1211 4301 siae
1234 4244 1268 4300 et
1289 4231 1486 4301 studiorum
1502 4251 1620 4296 curam
1637 4230 1851 4318 suscipiant,
1877 4245 1912 4299 et
1928 4231 2007 4298 illas
2022 4242 2134 4320 pestes

102 4355 177 4404 csse
198 4357 217 4401 a
242 4331 389 4422 pietate,
413 4332 597 4402 facultates
620 4330 772 4400 aliorum
795 4343 979 4420 appetere,
1007 4356 1092 4423 pro·
1140 4330 1318 4404 Ecclesiae
1335 4342 1542 4400 removeant
1556 4332 1602 4398 ab
1618 4330 1937 4403 administratione.
1987 4330 2134 4419 Prospi-

98 4447 182 4528 pter
201 4433 391 4503 certamina
411 4435 456 4501 de
478 4433 639 4504 doctrina
664 4431 800 4501 nemini
821 4431 1005 4503 facultates
1020 4433 1091 4502 eri·
1142 4458 1219 4505 cere
1239 4434 1369 4503 debent
1385 4431 1586 4524 Principes,
1612 4444 1646 4500 et
1669 4445 1709 4502 ut
1726 4432 1766 4500 in
1781 4432 1979 4523 praesentia
1992 4433 2134 4501 alantur

99 4536 250 4630 piendas
272 4557 355 4607 esse.
413 4532 484 4605 Sed
507 4532 729 4624 Augustinus
751 4527 948 4604 Theodosii
971 4537 1092 4605 decre·
1142 4536 1231 4606 boni
1251 4550 1423 4627 pastores,
1447 4548 1483 4605 et
1504 4533 1544 4604 ut
1562 4533 1748 4623 posteritas
1763 4529 1891 4605 habeat
1907 4533 2066 4603 eruditos
2080 4533 2135 4599 vi-

100 4651 178 4709 tum
201 4648 294 4704 recte
315 4635 489 4719 defendit,
516 4637 666 4707 affirmat
680 4635 760 4704 illas
774 4636 1009 4726 possessiones
1026 4639 1092 4707 do·
1142 4661 1221 4724 ros,
1255 4638 1403 4707 idoneos
1430 4637 1474 4704 ad
1498 4631 1676 4705 Ecclesias
1705 4639 1887 4725 regendas.
1954 4633 2134 4705 Historiae

100 4752 202 4809 natas
229 4737 337 4806 fuisse
360 4733 528 4807 Ecclesiis
556 4737 644 4827 piis,
677 4738 783 4806 etad
810 4736 887 4827 piae
909 4738 1092 4808 doctrinae
1142 4755 1275 4810 veteres
1290 4749 1585 4818 commemorant,
1612 4737 1797 4806 mirificum
1812 4739 1921 4807 fuisse
1936 4737 2058 4806 luxum
2072 4734 2134 4806 Si·

101 4838 419 4911 conservationem.
471 4835 546 4906 Has
568 4860 649 4906 cum
671 4837 772 4926 impii
794 4862 834 4908 ac
855 4833 973 4909 hostes
987 4865 1092 4910 verae
1142 4842 1358 4922 heritarum,
1388 4838 1450 4931 qui
1472 4838 1615 4930 quidem
1637 4836 1685 4906 ita
1708 4852 1881 4921 creverat,
1912 4850 1954 4907 ut
1977 4836 2134 4928 praemia

100 4943 285 5013 doctrinae
303 4953 481 5019 tenerent,
506 4939 575 5010 fuit
591 4936 818 5029 Imperatoris
833 4940 1003 5028 officium,
1025 4944 1093 5011 do·
1143 4945 1247 5012 etiam
1279 4941 1492 5029 turpitudini
1528 4950 1563 5007 et
1592 4938 1839 5008 inventoribus
1871 4960 2043 5007 novarum
2068 4963 2134 5006 vo·

103 5044 212 5113 minis
235 5043 441 5124 restituere,
469 5035 537 5111 hoc
560 5053 630 5124 est,
661 5062 764 5108 verae
781 5036 968 5136 Ecclesiae.
1019 5041 1094 5113 Nec
1143 5045 1319 5136 luptatum
1338 5041 1528 5110 constituta
1550 5052 1676 5111 essent.
1727 5038 1796 5108 Sed
1819 5052 1954 5110 tantam
1975 5040 2136 5132 discipli-

100 5146 214 5234 magis
234 5145 316 5212 licet
337 5142 530 5213 idolatricis
552 5141 708 5232 collegiis
729 5135 836 5210 huius
860 5145 1001 5230 aetatis,
1035 5169 1092 5214 res
1144 5169 1210 5214 nae
1228 5145 1489 5231 corruptionem
1506 5138 1603 5211 Deus
1619 5163 1692 5207 non
1709 5141 1773 5210 diu
1786 5141 1962 5212 toleravit.
2014 5140 2137 5234 ltaque

101 5250 250 5318 donatas
279 5249 322 5313 ad
352 5244 538 5314 ministerii
568 5242 762 5333 evangelici
790 5248 1092 5316 conservationem
1145 5247 1289 5316 exitium
1311 5245 1464 5315 civitatis
1479 5240 1574 5310 varia
1593 5241 1752 5332 prodigia
1768 5244 2040 5315 denunciarunt.
2092 5241 2135 5310 ln

100 5362 240 5432 tenere,
268 5371 371 5439 quam
386 5343 481 5435 Regi·
494 5344 694 5440 Babylonio
719 5343 819 5413 licuit
836 5345 874 5412 iu
888 5348 1093 5417 convivium
1144 5343 1200 5416 his
1228 5359 1403 5438 spectrum
1434 5345 1517 5415 fuit:
1553 5341 1645 5413 luno
1675 5345 1822 5415 veniens
1843 5345 1882 5414 in
1904 5346 2023 5416 forum
2044 5344 2137 5411 clara

99 5452 259 5540 proferre
275 5472 370 5519 sacra
387 5471 467 5517 vasa
483 5446 959 5540 templiHierosolymorum.
995 5448 1093 5537 Quid
1146 5449 1243 5533 lnce,
1268 5461 1304 5518 et
1323 5470 1472 5517 vomens
1492 5467 1657 5534 maguam
1679 5447 1816 5536 copiam
1840 5447 1926 5517 bilis
1943 5461 1976 5518 et
1993 5441 2139 5532 sangui-

101 5546 231 5623 horum
248 5551 287 5620 iu
304 5550 545 5644 quaestionem
560 5550 680 5620 vocari
697 5548 837 5641 potest?
887 5546 927 5620 si
944 5545 1094 5642 Episco-
1146 5551 1221 5631 nis,
1246 5573 1316 5644 quo
1339 5547 1504 5644 prodigio
1527 5546 1762 5639 significatum
1786 5561 1838 5618 est
1861 5548 1956 5630 fore,
1980 5558 2021 5616 ut
2037 5543 2138 5615 brevi
