4732 6030
215 176 313 255 343‘
893 171 1063 246 DECL.
1085 172 1159 246 DE
1196 170 1592 248 ARISTOTELE.
2182 185 2259 260 344

218 375 324 446 quam
357 351 464 421 multa
498 350 538 418 in
558 373 625 417 ‘me
655 348 731 416 iure
756 344 1019 431 desiderentur,
1053 370 1143 440 quae
1166 349 1211 416 ad
1264 346 1472 429 suetudine,
1507 345 1641 435 optima
1673 358 1708 415 et
1733 346 1919 438 purissima
1941 346 2172 443 Hippocratis
2194 360 2261 430 do·

220 453 444 545 eloquentiae
467 445 606 521 laudem
631 448 830 539 pertinent,
858 462 976 517 tamen
999 474 1079 519 cum
1108 462 1143 518 et
1156 473 1212 516 me
1265 449 1376 517 ctrina
1392 448 1548 516 imbutus
1563 462 1625 531 est,
1647 472 1752 540 quam
1770 449 1914 540 quidem
1930 451 2006 522 eius
2020 456 2150 547 scripta
2166 462 2260 530 mul-

221 570 257 628 et
281 569 437 625 caeteros
459 549 552 621 hunc
575 573 709 618 morem
724 573 932 619 conservare
948 551 1084 635 deceat,
1111 551 1211 620 nolui
1265 550 1311 618 tis
1334 549 1371 615 in
1393 550 1480 617 locis
1502 549 1675 620 redolent.
1731 548 1914 620 interdum
1932 553 2037 624 etiam
2051 564 2260 633 nonsolum

221 681 336 726 meam
361 678 501 745 operam
524 654 642 719 deesse
663 647 905 742 Reipublicae.
958 651 1123 723 Vicissim
1148 652 1213 720 erit
1265 652 1473 734 sententias,
1499 653 1560 720 sed
1583 653 1691 720 verba
1711 676 1853 744 quoque
1875 655 1920 721 ab
1941 652 2157 749 Hippocrate
2179 689 2261 734 mu·

223 774 357 829 vestrae
380 753 625 834 humanitatis,
659 754 854 824 orationem
880 778 993 824 meam
1019 755 1105 825 boni
1128 778 1213 823 cun·
1266 766 1396 822 tuatur.
1448 748 1595 846 Egoque
1616 753 1664 822 ita
1681 766 1813 837 statuo,
1839 756 2041 828 universam
2059 758 2261 836 Aristotelis

116 861 118 865 ’
223 861 352 930 sulere:
386 857 481 947 quod
513 870 551 925 ut
581 855 737 936 faciatis,
771 878 833 924 vos
854 858 958 927 etiam
982 870 1085 950 atque
1109 856 1212 925 etiam
1266 854 1463 923 doctrinam
1487 878 1527 923 eo
1546 878 1618 925 esse
1635 855 1887 942 simpliciorem
1907 872 1940 927 et
1955 862 2067 950 magis
2080 863 2261 936 methodi-

222 983 299 1030 oro.
349 955 511 1051 Cumque
535 958 571 1025 in
593 953 661 1026 hoc
683 958 759 1027 loco
779 960 822 1026 de
840 960 969 1027 artium
986 983 1025 1028 ac
1041 975 1213 1030 certarum
1266 980 1364 1039 cam,
1391 955 1473 1047 quia
1499 980 1586 1046 puer
1607 958 1652 1024 ad
1671 953 1897 1046 Hippocratis
1913 956 2265 1055 Philosophiamas-

223 1060 394 1129 virtutum
409 1061 582 1149 dignitate
597 1083 698 1149 saepe
714 1061 847 1128 dictum
863 1060 927 1143 sit,
949 1083 1012 1150 ego
1032 1058 1213 1130 historiam

222 1164 568 1232 commemorandam
593 1184 664 1230 esse
688 1161 829 1252 putavi,
859 1162 951 1230 vitae
974 1162 1106 1231 scilicet
1130 1160 1214 1230 Ari-

223 1265 369 1337 stotelis.
431 1263 514 1332 Non
535 1264 650 1333 solum
674 1262 757 1355 quia
780 1263 858 1354 plus
880 1262 1071 1355 voluptatis
1094 1288 1134 1332 ex
1158 1258 1216 1330 hi-

225 1367 333 1437 storia
362 1365 575 1456 percipitur,
615 1365 763 1435 delectat
788 1365 882 1433 enim
906 1365 1043 1436 animos
1068 1367 1216 1434 varietas

224 1468 454 1557 negociorum
481 1480 516 1536 et
536 1479 743 1551 eventuum,
775 1467 836 1534 sed
860 1466 965 1537 etiam
987 1468 1071 1560 quia
1094 1466 1216 1537 multis

224 1572 268 1639 de
292 1570 404 1638 causis
429 1570 573 1661 prodest
595 1590 696 1638 nosse
719 1590 928 1658 magnorum
951 1569 1109 1639 virorum
1130 1593 1217 1638 con-

226 1671 323 1753 silia,
350 1671 459 1754 dicta,
484 1671 584 1741 facta.

331 1768 547 1841 Accenditur
575 1771 670 1839 enim
701 1771 841 1841 animus
864 1775 908 1841 ad
935 1773 1122 1857 virtutem,
1160 1773 1216 1841 in-

227 1888 329 1944 tuens
352 1875 388 1942 iu
414 1875 558 1943 illorum
581 1873 749 1962 exempla.
798 1871 937 1943 Deinde
959 1878 1003 1944 de
1022 1875 1145 1945 multis
1162 1899 1217 1944 re-

226 1977 294 2046 bus
325 1978 570 2048 admonemur.
644 1973 759 2044 Multa
787 1975 919 2045 imitari
951 1976 1129 2067 Scipionis
1159 1993 1218 2047 aut

227 2075 385 2147 Caesaris
408 2077 557 2146 consilia
575 2073 771 2167 lmperator
792 2091 924 2168 potest,
951 2079 997 2147 ita
1023 2103 1088 2147 nos
1105 2080 1142 2147 in
1162 2075 1218 2148 his

227 2179 355 2249 studiis
376 2181 526 2261 nostris,
551 2203 629 2247 curn
652 2180 915 2249 consideramus
933 2181 1216 2250 doctissimorum

228 2276 417 2369 hominum
436 2282 474 2348 in
494 2281 717 2373 inquirendis
732 2294 765 2349 et
780 2283 961 2352 tradendis
979 2284 1114 2353 artibus
1132 2308 1218 2374 pru·

228 2384 387 2453 dentiam
408 2408 447 2451 ac
471 2383 662 2466 rationem,
684 2384 796 2453 multa
816 2385 945 2453 rectius
963 2385 1120 2454 iudicare
1137 2409 1217 2476 pos-

229 2509 360 2556 sumus.
420 2483 578 2581 Multum
600 2483 742 2554 collatio
768 2488 1020 2577 praestantium
1044 2488 1217 2556 artificum

225 2590 273 2658 ad
297 2589 453 2656 acuenda
475 2587 732 2679 formandaque
754 2587 886 2657 iudicia
909 2589 1085 2659 conducit.
1153 2586 1217 2658 Di·

229 2714 304 2758 cam
328 2690 436 2777 igitur
457 2690 501 2756 tle
518 2685 727 2772 Aristotele,
754 2713 829 2759 non
851 2705 892 2759 ut
911 2690 950 2760 lit
970 2691 1008 2758 in
1026 2690 1218 2784 Panegyri-

228 2792 296 2872 cis,
328 2794 389 2860 sed
416 2791 571 2860 breviter
592 2813 649 2873 ea,
675 2814 764 2883 quae
788 2794 832 2859 de
855 2793 926 2862 vita
949 2794 1024 2862 eius
1043 2793 1218 2883 comperi-

229 2918 327 2974 mus,
361 2893 561 2964 recensebo.
594 2888 733 2960 Deinde
755 2894 799 2961 de
821 2917 946 2982 genere
969 2890 1218 2984 Philosophiae

230 3012 265 3066 et
285 2998 327 3064 de
345 2996 484 3085 scriptis
502 2995 576 3062 eius
593 2994 729 3086 aliquid
747 2995 930 3079 adiiciam,
954 3011 993 3066 ut
1009 2999 1217 3065 admoneam

229 3098 487 3179 adolescentes,
520 3096 614 3188 quod
648 3091 899 3188 Philosophiae
930 3120 1040 3186 genus
1066 3098 1218 3167 maxime

202 3282 206 3291 Ι
230 3200 455 3290 probandum
480 3209 582 3287 atque
607 3200 840 3285 expetendum
864 3199 927 3283 sit,
967 3214 997 3269 et
1024 3202 1217 3280 ostendam,

229 3313 401 3393 quantum
427 3298 539 3388 prosit
556 3299 599 3364 ad
618 3293 880 3369 Aristotelicam
897 3301 1071 3371 rationem
1089 3326 1128 3373 ac
1142 3327 1215 3371 me-

228 3399 380 3471 thodum
406 3398 635 3467 assuefactum
658 3423 741 3469 esse.
808 3400 859 3470 lta
883 3398 977 3470 enim
1003 3418 1116 3475 statuo
1141 3404 1217 3472 sine

228 3499 297 3573 hoc
322 3502 499 3570 neminem
520 3526 677 3594 unquam
692 3501 768 3571 sore
783 3503 951 3571 artificem
966 3498 1123 3574 methodi
1140 3506 1217 3573 ullo

229 3605 268 3673 in
282 3628 420 3694 genere.
471 3600 544 3671 Nec
560 3629 642 3671 vero
658 3605 734 3673 lieri
750 3618 880 3694 potest,
906 3606 995 3695 quin
1007 3607 1117 3675 multa
1133 3608 1217 3675 falsa

228 3702 419 3800 sophistice
442 3705 610 3775 misceant
633 3701 692 3789 hi,
716 3708 844 3799 quibus
867 3707 986 3795 ignota
1011 3722 1061 3777 est
1082 3710 1139 3776 via
1157 3709 1218 3777 illa

227 3809 398 3887 docendi,
423 3831 529 3900 quam
546 3820 717 3877 rnorrstrat
733 3807 953 3883 Aristoteles.
1004 3809 1116 3880 Porro
1135 3806 1218 3879 haec

132 3940 141 3949 ¹
228 3908 428 4001 sophistica
452 3924 623 4002 quantum
647 3909 739 4001 parit
759 3933 920 3980 errorum
944 3936 983 3981 ac
1000 3912 1217 3981 tumultuum

228 4015 268 4084 in
282 4011 438 4084 Ecclesia
462 4026 497 4080 et
518 4013 554 4081 in
572 4009 736 4102 Repub.?
789 4011 831 4081 ln
852 4014 981 4083 fabulis
1005 4028 1075 4100 est,
1101 4013 1216 4084 lxioni

227 4143 308 4187 cum
339 4115 527 4207 appetisset
549 4111 741 4197 lunonem,
776 4116 949 4185 obiectam
980 4141 1053 4185 esse
1075 4119 1218 4200 nubem,

228 4217 377 4288 lunonis
405 4214 540 4303 specie,
574 4237 613 4279 ex
642 4238 710 4303 qua
743 4215 815 4282 nati
848 4215 1016 4284 dicuntur
1038 4216 1217 4289 Centauri.

228 4317 281 4389 lta
310 4316 444 4384 indocti
477 4338 517 4380 ex
548 4313 644 4381 falsis
675 4314 907 4402 opinionibus
934 4341 974 4384 ac
998 4313 1218 4405 Sophisticis,

1267 1058 1441 1126 suefactus
1457 1070 1519 1126 est.
1570 1054 1684 1127 Erant
1699 1058 1792 1126 enim
1807 1083 1848 1127 eo
1865 1076 2025 1152 tempore
2040 1079 2075 1135 et
2090 1068 2150 1135 alii
2165 1064 2261 1164 Phy-

1268 1159 1350 1242 sici‚
1376 1155 1617 1228 Democritum
1631 1174 1788 1228 autorem
1805 1180 1999 1254 sequentes,
2026 1172 2259 1260 quorumdo-

1268 1261 1380 1330 ctrina
1398 1260 1501 1352 plena
1518 1260 1588 1331 luit
1604 1262 1886 1352 prodigiosarum
1903 1266 2115 1356 opinionum
2130 1286 2163 1342 et
2176 1295 2258 1363 per-

1270 1363 1449 1453 plexarum
1467 1362 1762 1453 disputationum.
1812 1361 1887 1433 Hos
1904 1367 1933 1435 si
1950 1362 2160 1443 Aristoteles
2176 1375 2260 1442 imi-

1269 1478 1361 1534 tatus
1383 1477 1489 1545 esset,
1524 1487 1746 1560 nequaquam
1769 1459 1837 1535 hoc
1860 1468 2159 1559 elegantissimum
2183 1501 2258 1546 me-

1270 1561 1478 1636 thodifilum
1490 1580 1524 1637 et
1534 1562 1625 1636 hanc
1637 1567 1883 1658 proprietatem
1896 1573 2076 1644 tenuisset.
2115 1575 2261 1663 Quanta

1271 1682 1387 1737 autem
1420 1693 1504 1736 cura
1530 1693 1569 1737 ac
1593 1669 1734 1739 solertia
1755 1669 1793 1739 in
1818 1670 1878 1738 illa
1900 1671 2089 1745 domestica
2112 1677 2259 1751 institu-

1270 1771 1366 1840 tione
1384 1770 1439 1838 usi
1457 1771 1529 1840 sint
1543 1768 1769 1862 Hippocratis
1788 1773 1934 1862 posteri,
1958 1797 1999 1844 er
2017 1799 2057 1847 eo
2073 1777 2154 1848 licet
2167 1805 2256 1849 con·

1271 1871 1393 1954 iicere,
1417 1874 1514 1963 quod
1533 1870 1690 1942 Galenus
1713 1873 1779 1942 ait:
1810 1870 1892 1944 ldeo
1916 1876 2067 1966 primum
2090 1904 2164 1950 non
2181 1905 2255 1951 esse

1270 1973 1417 2063 scriptas
1445 1975 1659 2056 anatomias,
1702 1975 1783 2067 quia
1815 1977 2005 2049 domestica
2032 1981 2257 2052 institutione

1271 2089 1375 2144 notae
1398 2073 1549 2158 suerint3
1582 2077 1705 2146 solitos
1726 2077 1821 2146 enim
1847 2075 2074 2170 Hippocratis
2096 2098 2258 2176 posteros

1270 2176 1368 2245 domi
1390 2200 1505 2245 secare
1526 2201 1672 2268 corpora
1688 2178 1922 2249 animantium
1940 2195 2046 2274 atque
2060 2178 2259 2271 hominum,

1270 2282 1305 2348 et
1332 2279 1469 2367 singula
1499 2280 1656 2348 menrbra
1689 2280 1809 2350 liberis
1839 2279 1922 2349 inde
1946 2307 2059 2376 usque
2084 2310 2105 2357 a
2128 2290 2258 2358 teneris

1270 2382 1459 2472 spectanda
1480 2384 1689 2473 proponere.
1739 2380 1862 2475 ltaque
1882 2408 1965 2453 cum
1978 2401 2067 2460 esset
2083 2382 2258 2460 Aristote-

1269 2484 1320 2552 les
1342 2484 1388 2552 ab
1404 2481 1489 2575 ipsis
1506 2484 1693 2554 cunabulis
1708 2486 1921 2556 assuefactus
1937 2510 2011 2556 non
2027 2490 2071 2559 ad
2088 2489 2210 2560 inanes
2224 2506 2258 2560 et

1271 2585 1453 2678 perplexas
1475 2581 1720 2682 λογομαχίας,
1746 2590 1807 2656 sed
1829 2589 1873 2655 ad
1899 2612 2017 2659 rerum
2039 2593 2258 2682 agnitionem

1270 2701 1303 2757 et
1326 2689 1371 2757 acl
1393 2691 1611 2779 quaerendas
1627 2712 1765 2773 causas,
1791 2713 1831 2757 ex
1847 2682 1913 2759 hac
1927 2692 2053 2782 puerili
2068 2709 2258 2764 consuetu-

1270 2790 1355 2858 dine
1367 2792 1455 2859 duas
1470 2791 1623 2879 egregias
1637 2792 1795 2876 virtutes,
1813 2805 1847 2862 et
1862 2790 1898 2859 in
1912 2793 2033 2882 primis
2043 2797 2257 2884 dignasviro

1270 2892 1373 2960 docto
1402 2904 1608 2960 consecutus
1639 2906 1709 2976 est,
1748 2892 1928 2976 videlicet,
1964 2895 2182 2985 diligentiam
2216 2899 2256 2965 in

1270 2996 1469 3086 quaerenda
1495 2989 1663 3063 methodo
1686 3009 1721 3065 et
1747 3018 1903 3064 amorem
1925 2997 2098 3084 veritatis3
2124 2999 2257 3068 abeunt

1270 3097 1364 3163 enim
1379 3096 1494 3165 studia
1511 3094 1550 3161 iu
1563 3120 1689 3169 mores.
1737 3094 1857 3185 Quare
1871 3097 2056 3187 diligentia
2068 3100 2256 3170 evolvendi

1269 3221 1324 3266 res
1339 3198 1506 3267 obscuras
1520 3198 1646 3269 ordine
1662 3222 1702 3266 ac
1718 3200 1879 3290 proprie,
1905 3200 2061 3269 studium
2079 3203 2258 3294 quoddam

1269 3312 1305 3368 et
1326 3322 1482 3368 amorem
1506 3299 1663 3370 veritatis
1687 3300 1725 3367 in
1750 3301 1847 3369 omni
1872 3299 1942 3367 vita
1965 3301 2068 3392 parit.
2133 3301 2260 3376 Postea

1272 3413 1375 3469 natus
1397 3421 1509 3470 annos
1529 3402 1584 3472 17.
1610 3402 1738 3471 missus
1762 3414 1814 3473 est
1827 3397 1985 3471 Athenas
2009 3406 2055 3472 ad
2073 3402 2259 3475 Platonem

1270 3502 1505 3585 audiendum,
1531 3502 1594 3594 qui
1619 3517 1704 3572 tunc
1721 3527 1856 3572 summa
1872 3503 2007 3593 ingenii
2025 3520 2059 3575 et
2075 3508 2258 3576 doetrinae

1272 3605 1374 3672 laude
1394 3605 1552 3677 florebat.
1604 3601 1694 3674 Cum
1712 3619 1836 3675 natura
1854 3606 2056 3696 contigisset
2072 3603 2257 3691 Aristoteli

1269 3704 1429 3773 omniurn
1452 3706 1719 3795 disciplinarum
1742 3731 1869 3797 capax,
1894 3730 2019 3796 magna
2046 3704 2129 3778 haec
2152 3708 2257 3778 loeli-

1270 3806 1354 3876 citas
1384 3807 1469 3889 suit,
1503 3811 1597 3899 quod
1631 3809 1785 3900 primum
1818 3809 2008 3879 domestica
2033 3810 2258 3880 institutione

1271 3906 1453 3996 ingenium
1483 3911 1668 3979 excitatum
1693 3925 1726 3980 et
1749 3927 1994 4002 praeparatum
2016 3926 2083 3993 est,
2124 3914 2254 3981 deinde

1269 4013 1365 4105 quod
1385 4011 1526 4079 accessit
1549 4012 1609 4080 ille
1630 4013 1949 4104 praestantissimus
1973 4011 2155 4101 Magister,
2191 4014 2262 4106 qui-

1270 4127 1432 4182 naturam
1454 4112 1716 4184 faelicissimam
1739 4115 1941 4204 perpoliret.
1992 4113 2104 4201 Haec,
2128 4129 2169 4185 ut
2191 4137 2257 4204 ego

1269 4214 1412 4308 quidem
1435 4216 1606 4294 arbitror,
1641 4215 1686 4284 ita
1708 4217 1920 4305 gubernavit
1943 4213 2058 4302 Deus,
2083 4231 2122 4287 ut
2142 4218 2259 4307 perfe-

1269 4332 1362 4386 ctum
1379 4316 1545 4385 artificem
1562 4312 1769 4385 haberemus
1784 4317 1858 4385 eius
1873 4319 1979 4409 partis
1994 4313 2259 4410 Philosophiae,

228 4421 378 4510 gignunt
407 4415 574 4484 sactiones
602 4411 774 4483 Ecclesiae
802 4414 972 4487 exitiosas.
1038 4414 1217 4487 Sed-haec
1269 4419 1390 4511 inqua
1407 4417 1601 4487 elaboravit
1616 4415 1830 4487 Aristoteles.
1884 4419 2258 4491 AurlivitautemPla-

228 4535 347 4613 postea
372 4531 477 4587 erunt
501 4516 669 4600 diceuda3
696 4517 795 4606 prius
810 4515 906 4583 enim
922 4516 991 4587 vita
1007 4520 1215 4608 percurren-
1268 4534 1387 4589 tonem
1403 4519 1674 4608 annosviginti,
1703 4515 1771 4588 hoc
1787 4535 1852 4603 est,
1878 4524 1952 4590 fere
1967 4525 2009 4590 ad
2029 4522 2257 4614 quadragesi-

228 4628 273 4695 da
294 4636 353 4694 est.
1270 4643 1365 4689 mum
1395 4643 1507 4712 usque
1539 4621 1659 4688 aetatis
1688 4644 1770 4690 suae
1800 4648 1944 4692 annum.
2009 4621 2082 4692 Nec
2111 4624 2257 4694 interim

328 4724 439 4795 Natus
471 4736 524 4794 est
549 4718 755 4791 Aristoteles
784 4721 822 4789 in
848 4718 1077 4808 Macedonia,
1120 4736 1217 4814 patre
1268 4717 1405 4790 scholas
1428 4716 1570 4805 habuit,
1596 4724 1655 4789 sed
1676 4723 1749 4812 ipse
1773 4747 1846 4795 sese
1864 4724 2018 4794 exercuit
2034 4725 2071 4793 iu
2087 4727 2258 4796 omnibus

225 4827 371 4899 Medico
384 4825 492 4915 Regis
507 4825 694 4919 Amyntae.
746 4821 892 4894 Constat
908 4827 1101 4895 multorum
1117 4825 1216 4896 testi·
1268 4822 1476 4913 disciplinis.
1525 4818 1732 4915 Inquisivit,
1760 4827 1858 4915 legit,
1884 4826 2034 4896 excussit
2054 4852 2175 4898 omnes
2191 4853 2259 4898 au·
2306 4918 2309 4922 Ι

226 4931 357 5000 moniis
378 4952 488 5018 genus
502 4928 577 4997 eius
591 4929 636 4997 ab
653 4924 867 5017 Hippocrate
882 4941 999 4996 ortum
1016 4953 1106 5014 essc;
1133 4952 1215 4995 nam
1268 4941 1378 5009 tores,
1402 4925 1509 5008 adeo,
1534 4939 1573 4994 ut
1589 4943 1732 5018 propter
1746 4929 1948 4997 varietatem
1961 4927 2122 4997 lectionis
2137 4953 2176 4998 ac
2190 4931 2259 4999 do-

226 5033 411 5126 posteritas
433 5028 658 5121 Hippocratis
680 5031 775 5119 degit
797 5029 834 5097 in
861 5024 1064 5114 Thessalia,
1088 5052 1128 5098 ac
1154 5030 1216 5100 diu
1267 5028 1400 5098 ctrinae
1426 5026 1664 5115 appellaretur
1694 5052 1714 5097 a
1739 5028 1887 5099 Platone
1906 5027 2044 5103 Lector.
2107 5028 2188 5102 Hoc
2217 5031 2258 5101 in

226 5134 481 5227 possessionem
506 5130 667 5199 Medicae
688 5133 773 5202 artis
793 5131 961 5216 retinuit,
987 5157 1066 5201 cum
1089 5154 1216 5220 paren·
1268 5130 1344 5198 loco
1374 5128 1468 5196 subit
1497 5129 1666 5199 admirari
1690 5133 1911 5221 prudentiam
1935 5133 2159 5216 Aristoteles,
2193 5133 2258 5228 qui

226 5250 278 5309 tes
309 5253 418 5308 artem
448 5232 570 5302 liberis
594 5233 720 5301 ordine
743 5233 843 5326 quasi
864 5257 929 5325 per
952 5257 1078 5303 manus
1098 5235 1216 5302 trade-
1268 5247 1339 5303 tam
1373 5231 1435 5299 diu
1468 5225 1619 5302 haeserit
1651 5234 1743 5323 apud
1758 5222 2000 5323 Magistrum,
2038 5257 2102 5304 nec
2122 5235 2259 5326 putarit

226 5354 316 5416 rent.
370 5336 422 5410 lta
444 5330 701 5405 etAristoteles
724 5357 743 5403 a
770 5336 900 5406 teneris
920 5336 1112 5408 domestica
1128 5360 1214 5427 con·
1235 5292 1242 5410 1
1265 5332 1383 5404 subito
1417 5333 1491 5404 eius
1522 5334 1719 5405 doctrinam
1750 5329 1928 5407 exhauriri
1960 5358 2071 5428 posse.
2122 5333 2191 5410 Est
2222 5352 2259 5409 et
