4732 6030
58 335 174 443 rsa⁸
562 334 725 410 nucu
775 331 850 409 nn
882 328 1090 409 entur.
1122 329 1181 403 m
1214 327 1594 425 orrrcracro
2026 327 2104 419 m

58 532 220 604 operam,
235 520 276 579 ut
289 505 496 598 intelligatis
508 530 566 577 me
579 508 696 578 officio
708 530 786 578 meo
801 530 877 577 non
889 506 1054 578 defuisse.
1105 523 1216 592 genus
1246 501 1417 573 orationis
1448 504 1544 596 qnod
1574 498 1736 575 adhiberi
1763 507 1876 597 possit
1906 510 1952 579 sd
1977 531 2101 600 graves

60 610 169 686 Scitis
184 608 260 681 Deo
274 622 374 701 grata
389 632 463 679 esse
478 603 564 681 haec
579 609 712 694 officis,
737 633 826 703 quae
844 605 1053 700 inhospites
1105 627 1225 675 causas
1248 604 1490 696 explicandas,
1517 606 1683 700 quodque
1699 608 1821 678 lumen
1837 610 1976 681 adferre
1994 613 2100 685 rebus

61 714 308 787 conferuntur.
348 709 439 781 Nam
458 735 540 782 cum
554 711 594 782 in
608 713 745 782 mundo
761 711 926 782 universa
943 709 1054 801 ipsius
1105 706 1265 803 obscuris
1282 708 1409 798 possit,
1434 707 1464 775 si
1482 709 1625 801 quando
1646 703 1809 779 homines
1824 711 1868 780 de
1890 714 2099 805 magnisurc·

60 810 219 887 Ecclesia
259 813 397 893 exulet,
437 813 610 903 postulat,
649 828 690 885 ut
721 835 926 884 communes
956 811 1053 880 exilii
1105 808 1188 891 bns,
1215 821 1255 877 ut
1277 832 1378 898 saepe
1394 810 1540 894 accidit,
1565 812 1718 880 docendi
1735 824 1851 883 erunt.
1902 811 2016 883 Nemo
2031 839 2098 887 au·

61 938 249 987 aerumnas
271 914 407 986 mutuis
420 915 564 1000 officiis,
591 892 716 986 mutua'
735 913 982 986 benevolentia
1000 913 1053 981 le·
1106 922 1174 979 tem
1192 909 1331 999 ignorat
1346 912 1519 1001 optimum
1536 912 1680 984 dicendi
1693 913 1898 1001 magistrum
1915 938 1987 987 esse
1995 912 2098 987 Cice-

60 1038 185 1088 semus
201 1041 241 1087 ae
256 1016 467 1105 mitigemus
518 1011 643 1088 Orabo
660 1018 779 1111 itaque
793 1011 987 1096 Christum,
1012 1026 1052 1085 ut
1103 1034 1242 1081 runem.
1290 1009 1425 1082 Verum
1450 1007 1508 1082 hic
1530 1014 1672 1085 libellus
1695 1009 1800 1084 habet
1818 1014 2014 1105 singulares
2031 1019 2098 1089 do-

59 1140 126 1190 vos
138 1142 281 1213 quoque
296 1118 462 1189 defendat
475 1142 515 1187 ac
535 1120 709 1210 gubernet
723 1120 761 1188 in
778 1115 835 1189 his
851 1115 1051 1188 communi·
1106 1127 1173 1198 tes,
1205 1113 1337 1183 multos
1358 1113 1516 1184 continet
1534 1114 1632 1186 locos
1655 1140 1879 1202 communes,
1913 1117 1951 1186 in
1975 1119 2020 1209 iis¹
2043 1135 2097 1195 est

59 1219 130 1292 bus
143 1219 327 1314 periculis.
376 1217 470 1290 Dixi.
1104 1237 1230 1303 magua
1256 1214 1447 1304 figurarum
1463 1214 1632 1301 varietas,
1658 1217 1696 1285 in
1719 1216 1763 1286 iis
1780 1230 1899 1289 autem
1919 1222 2095 1293 narratio-

1104 1339 1183 1399 nes,
1209 1339 1299 1408 quae
1315 1318 1417 1386 valde
1434 1319 1639 1389 conducunt
1652 1320 1697 1387 ad
1714 1320 1964 1412 eloquentiam.
2016 1320 2095 1392 An-

1104 1418 1223 1488 toninis
1248 1420 1340 1508 apud
1358 1416 1564 1488 Ciceronem
1588 1421 1637 1489 ait
1657 1419 1796 1490 nullam
1821 1423 2016 1511 partemin
2037 1425 2094 1494 di-

1104 1522 1216 1588 cendo
1237 1519 1418 1589 difficilius
1441 1521 1530 1591 ellici
1552 1546 1659 1615 qnam
1680 1521 1902 1612 perspicuam
1918 1526 2094 1597 narratio-

1103 1645 1196 1693 nem.
1249 1616 1370 1708 Quare
1388 1644 1599 1714 magnopere
1617 1624 1759 1715 prodest
1776 1623 1914 1713 egregia
1936 1628 2093 1717 exempla

1105 1723 1350 1791 narrationum
1372 1735 1510 1805 tenere,
1536 1748 1626 1817 qnae
1643 1724 1749 1793 nobis
1772 1747 2013 1816 proponamus
2034 1728 2093 1795 in-

1104 1824 1247 1901 tuenda,
1272 1822 1365 1897 utin
1381 1822 1534 1893 dicendo
1548 1826 1703 1919 aliquam
1722 1825 1995 1897 similitudinem
2008 1827 2093 1899 illo-

1104 1946 1182 1992 mm
1197 1945 1465 2015 consequamur.

1205 2023 1364 2092 Primum
1381 2046 1463 2113 ergo
1477 2024 1514 2093 in
1536 2018 1643 2096 huius
1663 2028 1783 2118 operis
1797 2028 1974 2099 vestibulo
1988 2038 2093 2130 atque

1104 2125 1202 2194 aditu
1227 2125 1394 2213 cogitabit
1424 2128 1567 2198 auditor
1586 2124 1678 2199 hanc
1709 2130 1897 2200 lectionem
1927 2132 2092 2224 profutu-

1104 2251 1178 2295 ram
1197 2249 1271 2295 esse
1288 2228 1331 2294 ad
1350 2229 1512 2297 alendam
1526 2231 1716 2300 verborum
1732 2233 1925 2308 scientiam.
1966 2231 2091 2330 ltaque

71 1577 141 1653 No.
158 1577 221 1652 84.

67 1672 242 1706 Μ

858 1581 921 1661 (ω.
939 1582 1051 1665 1534.)

871 1673 1044 1703 Μ

290 1772 453 1892 haef.
483 1776 535 1861 irs
563 1769 724 1894 officia
753 1774 845 1864 cic.

130 1953 210 2026 Apud
225 1955 299 2010 crat
312 1950 383 2023 Myr.
421 1987 428 2003 .
442 1950 494 2004 716
505 1968 582 2020 sqq..
601 1952 631 2005 in
643 1950 796 2005 Deelsmst.
815 1953 851 2004 Τ.
864 1947 900 2004 ΙΙ.
916 1966 943 2019 p.
953 1948 1010 2004 tet.
1026 1957 1052 2002 et

161 2023 233 2092 apud
252 2020 383 2075 Richard.
431 2057 439 2073 .
459 2018 494 2074 ΙΙ.
512 2035 539 2086 p.
554 2021 615 2075 267.
658 2018 802 2075 Enarrarit
818 2019 979 2073 Melanthos
998 2019 1052 2074 bos

165 2109 239 2144 anno
250 2090 353 2144 librum
366 2088 425 2143 cie
438 2088 471 2141 de
485 2088 595 2143 ciliciis.

241 2236 445 2333 Praefatio
461 2242 502 2310 in
519 2234 653 2335 officia
668 2240 867 2312 Ciceronis.

57 2374 250 2460 Videntur
266 2381 357 2457 mihi
373 2385 546 2481 singulari
562 2385 712 2456 consilio
723 2383 853 2456 Graeci
870 2386 908 2455 in
924 2385 1051 2456 defini-

58 2491 159 2562 tione
174 2491 258 2561 artis
275 2484 344 2560 hoc
358 2488 528 2581 posuisse,
555 2490 651 2582 quod
668 2488 822 2582 aliquam
838 2487 876 2556 in
893 2489 964 2558 vita
979 2489 1051 2558 uti-

60 2591 196 2663 litatem
219 2586 348 2662 haberc
371 2591 508 2664 debeat.
556 2588 646 2658 Nam
669 2612 792 2658 omnes
811 2604 902 2659 artes
918 2591 1051 2660 instru-

61 2706 181 2765 menta
208 2708 292 2763 sunt
311 2692 368 2760 vel
392 2691 549 2783 privatae
571 2691 664 2761 vitae
688 2693 967 2776 conservandae,
995 2692 1052 2760 vel

61 2796 234 2885 regendae
248 2793 404 2887 Reipuh.
454 2791 528 2860 Nec
544 2815 633 2880 opus
648 2804 701 2860 est
716 2788 774 2860 hic
791 2815 955 2861 enarrare
977 2816 1049 2861 sm-

61 2896 179 2987 gulas,
210 2909 247 2966 et
275 2894 462 2967 ostendere
492 2904 639 2981 propter
662 2913 751 2981 quos
777 2912 861 2958 usus
877 2890 1051 2961 ,inventae

61 2997 147 3080 sint,
165 3009 199 3068 et
214 3022 233 3067 a
250 2992 447 3064 maioribus
459 2992 503 3057 ad
522 3001 680 3079 posteros
698 3011 823 3078 magna
835 3013 918 3059 cura
937 3003 1054 3060 trans-

58 3098 199 3168 missae.
249 3093 346 3162 lllud
375 3090 486 3179 magis
512 3102 566 3158 est
586 3090 821 3160 necessarium
850 3092 1052 3174 admonere,

57 3212 100 3271 ut
117 3196 159 3267 hi
174 3194 235 3288 qui
250 3188 338 3262 haec
355 3191 470 3261 studia
486 3191 669 3262 literarum
687 3191 955 3281 ingrediuntur,
981 3195 1052 3264 ini-

56 3299 113 3371 tio
132 3295 373 3377 considerent,
400 3289 479 3385 quis
492 3291 536 3361 sit
552 3285 679 3361 harum
696 3292 826 3362 artium
842 3295 936 3380 finis,
963 3320 1052 3389 quae

60 3398 106 3473 sit
122 3422 164 3466 cx
180 3394 265 3486 ipsis
281 3395 431 3487 petenda
445 3394 600 3478 utilitas,
627 3395 723 3487 quod
742 3394 804 3488 qui
825 3396 911 3466 sciet
927 3411 963 3468 et
977 3421 1050 3466 vsm

63 3513 97 3571 et
109 3496 319 3588 dignitatem
337 3494 465 3564 artium
481 3493 610 3564 rectius
633 3511 817 3586 cognoscet
841 3512 875 3568 et
894 3500 1049 3591 pruden.

64 3598 133 3672 tius
158 3598 263 3689 eliget
287 3620 327 3665 ea
353 3619 444 3689 quae
467 3594 619 3665 maxime
639 3598 783 3687 prodest
798 3597 941 3669 discere.
992 3594 1049 3669 Ad

63 3694 148 3785 haec
164 3723 348 3794 nunquam
366 3696 555 3789 perlectam
572 3697 770 3766 doctrinam
787 3712 1051 3795 consequuntur

1104 2352 1182 2397 cum
1197 2330 1398 2397 universam
1416 2331 1587 2400 orationis
1601 2332 1727 2400 seriem
1743 2356 1782 2402 ac
1798 2328 1956 2424 phrasim
1969 2335 2093 2406 obser·-

1105 2430 1219 2510 vabit,
1246 2443 1322 2499 tum
1341 2445 1501 2521 excerpet
1518 2444 1686 2523 tanquam
1700 2433 1807 2500 flores
1823 2435 1978 2525 insignes
2000 2436 2091 2525 figu-

1104 2552 1160 2598 ras
1182 2554 1221 2598 ac
1245 2531 1417 2600 iucundas
1439 2533 1660 2602 narrationes
1675 2544 1710 2601 et
1729 2535 1919 2605 sententias
1940 2535 2094 2603 maxime

1105 2631 1368 2715 memorabiles,
1400 2657 1482 2702 nam
1507 2635 1656 2703 omnino
1677 2637 1794 2703 danda
1818 2648 1869 2704 est
1893 2658 2020 2727 opera,
2051 2649 2093 2706 ut

996 2793 1004 2809 ,
1104 2733 1237 2824 aliquid
1260 2732 1344 2801 inde
1373 2735 1417 2802 ad
1442 2748 1610 2823 nostmm,
1628 2758 1732 2823 usum
1757 2736 2026 2822 transferamus,
2053 2750 2095 2807 ut

1104 2846 1223 2902 nostra
1255 2834 1368 2902 oratid
1394 2834 1605 2926 locupletior
1633 2858 1674 2904 ex
1703 2830 1769 2905 hac
1788 2838 1866 2908 liat:
1899 2861 1973 2908 non
1996 2838 2094 2907 enirn

1107 2935 1223 3003 obiter
1241 2935 1462 3025 inspicienda
1484 2949 1569 3006 sunt
1590 2931 1675 3005 haec
1695 2960 1818 3028 opera,
1844 2939 1935 3009 sicut
1956 2939 2095 3009 tabulas

1107 3036 1283 3124 praeclare
1304 3036 1416 3125 pictas
1438 3040 1530 3106 etad
1552 3032 1781 3127 spectandum
1799 3041 1997 3132 propositas
2013 3054 2094 3115 tan-

1104 3150 1180 3205 tum
1199 3137 1390 3226 voluptatis
1409 3161 1511 3208 causa
1533 3139 1831 3230 contemplamur,
1857 3143 1994 3212 nullam
2009 3143 2095 3213 inde

1105 3250 1239 3329 partem
1262 3237 1447 3307 nobiscum
1474 3240 1684 3324 auferimus,
1715 3242 1777 3310 sed
1800 3243 1848 3313 ita
1877 3246 2095 3337 contemple-

1003 3398 1012 3415 ,
1103 3362 1201 3421 mur,
1226 3353 1267 3409 ut
1288 3340 1555 3411 amoenissimos
1572 3336 1713 3427 hortos,
1740 3343 1923 3437 inquibus
1944 3348 2095 3437 sparsim

1103 3440 1324 3530 decerpimus
1350 3441 1486 3513 fructus
1507 3457 1569 3512 aut
1592 3443 1699 3512 flores
1728 3445 1791 3536 qui
1820 3446 1968 3517 maxime
1994 3447 2093 3516 dele-

1105 3553 1210 3610 ctant.
1271 3538 1395 3611 Altera
1426 3547 1471 3612 de
1499 3567 1619 3612 rerum
1646 3544 1847 3631 cognitione
1882 3548 2093 3619 deliberatio

1105 3664 1178 3710 esse
1195 3643 1317 3720 debet,
1345 3667 1496 3734 quarum
1511 3667 1630 3713 rerum
1651 3645 1833 3715 scientiam
1852 3642 1936 3717 hinc
1954 3648 2092 3718 auferre

63 3801 140 3889 ini,
167 3825 320 3896 quorum
341 3799 481 3868 mimus
507 3821 580 3866 non
603 3800 772 3891 prospicit
795 3815 927 3871 cenum
945 3802 1050 3871 finem
1106 3765 1298 3832 possumus.
1350 3742 1498 3812 Prodest
1514 3757 1631 3814 autem
1648 3746 1825 3836 quendam
1848 3748 1977 3815 artium
1993 3747 2093 3815 ordi·

62 3905 284 3989 stndiorum,
312 3915 346 3971 et
361 3912 535 3991 vagantur
558 3912 688 3970 temere
710 3924 750 3969 ac
767 3902 843 3970 sine
864 3904 990 3971 ordine
1012 3928 1052 3973 ac
1105 3966 1188 4011 usus
1205 3943 1346 4009 inarum
1360 3942 1490 4012 videm·

122 4006 131 4024 .
360 4002 369 4019 .
448 4002 458 4018 .
499 4003 508 4019 .
551 4001 560 4019 .
678 3995 691 4021 2
918 3997 927 4023 ,
1516 3940 1620 4010 Aliae
1634 3943 1678 4010 de
1692 3955 1818 4012 natura
1834 3967 1952 4016 rerum
1968 3947 2093 4037 dispu-

61 4019 203 4079 retrone
218 4027 281 4096 per
295 4025 409 4073 varias
422 4001 628 4092 disciplinas
648 4023 757 4095 τεχνη
781 3999 857 4072 ἔστι
882 4023 1051 4125 ovorrpso
1106 4055 1199 4121 tant,
1232 4041 1321 4108 3530
1344 4042 1512 4110 contium

1515 4055 1528 4113 t
1549 4042 1774 4133 religionem,
1807 4046 1897 4117 aliae
1917 4048 2093 4119 rationem

61 4096 354 4226 ’ἴκαταλῆψωζν
380 4098 742 4228 ἕῖἴεῖῗμνασμῇωγ
769 4096 861 4198 πρός
887 4129 923 4173 ¹⁶
952 4108 1053 4224 ¹⁶²?ss
1106 4145 1276 4231 regendae
1291 4139 1445 4232 Reipub.
1461 4160 1496 4213 et
1515 4143 1696 4213 iudicandi
1713 4145 1870 4216 forenses
1887 4163 2093 4220 controver-

17 4246 20 4251 '
61 4207 272 4325 “720le
284 4200 716 4326 Tfflffl‘i’stf‘l’fin‘m
733 4227 794 4275 ⁵⁰¹¹
807 4205 995 4275 mmmm
1012 4229 1050 4275 ¹¹¹
1105 4245 1191 4329 sias,
1216 4244 1305 4312 aliae
1329 4245 1512 4316 continent
1534 4261 1718 4338 praecepta
1732 4249 1777 4316 de
1799 4250 1957 4320 moribus
1978 4251 2094 4321 cirili-

62 4309 234 4383 omntbus
248 4309 383 4380 arabus
401 4332 439 4375 m
456 4331 580 4398 prrmrs
596 4308 820 4397 spectandam
837 4330 909 4377 esse
927 4310 1053 4398 probat
1107 4350 1172 4417 bus
1187 4347 1225 4414 in
1240 4346 1339 4415 omni
1357 4346 1448 4416 vim
1466 4369 1592 4436 genere
1606 4350 1811 4424 necessaria·

63 4436 105 4485 ⁸¹
139 4410 251 4530 3P⁸iuff
284 4410 371 4481 Μὴ
395 4408 623 4527 d⁸fi⁰i²{⁰”²’
659 4432 748 4502 ‘1¹¹³‘
775 4421 810 4478 ‘t
835 4405 1052 4497 Quintiliani
1106 4449 1255 4538 legimus
1278 4447 1430 4541 aliquid,
1454 4450 1650 4540 expendere
1665 4450 1833 4522 debemus
1848 4452 1892 4521 ad
1912 4477 2018 4545 qoem
2033 4478 2095 4525 or·

63 4536 171 4587 ‘⁸⁰⁸⁸
190 4513 277 4597 [Μ’
303 4535 366 4582 ‘¹¹‘
379 4506 589 4583 Rhemum
609 4509 716 4579 finem
740 4523 811 4580 ¹³¹⁰
827 4533 953 4601 magna
969 4534 1052 4581 ⁰⁰¹⁸
1108 4550 1226 4619 dinem
1242 4549 1369 4618 artium
1384 4548 1571 4639 pertineat:
1588 4548 1717 4621 Utrum
1732 4552 1770 4619 in
1786 4553 2095 4627 administratione

63 4616 161 4689 llbffl
178 4615 333 4685 *θωῦὀθ
350 4613 462 4705 caPite
478 4611 615 4682 decium
630 4625 753 4682 ⁰⁶²³V⁰
768 4612 991 4705 ¹l¹¹20⁸iv²fih
1107 4649 1263 4742 Reipuh.
1288 4650 1596 4747 profuturumlsit,
1628 4674 1675 4720 an
1697 4653 1833 4743 privata
1856 4654 1928 4723 vita
1950 4647 2094 4729 athaes

1862 4349 1953 4423 Cum
1975 4353 2095 4447 itaque

150 4745 285 4824 Omnis
297 4764 413 4820 autem
430 4747 592 4819 doctrina
607 4758 667 4815 aut
682 4769 800 4816 rerum
817 4748 1054 4838 cognitionem
1109 4753 1317 4822 deliberatio
1332 4774 1406 4819 non
1422 4751 1526 4820 modo
1542 4751 1667 4822 excitat
1683 4753 1798 4823 studia
1817 4767 1851 4824 et
1865 4756 1960 4827 acuit
1973 4782 2095 4829 curam

65 4853 238 4944 continet,
264 4865 324 4922 aut
340 4852 529 4919 verborum
544 4861 579 4919 et
594 4847 677 4940 quia
696 4872 813 4919 rerum
829 4864 933 4920 notae
949 4852 1054 4919 verba
1109 4853 1287 4937 discendi,
1314 4853 1374 4921 sed
1396 4853 1501 4921 etiam
1525 4852 1569 4921 ad
1593 4853 1686 4945 ipsas
1711 4866 1802 4951 artes
1816 4857 1945 4926 rectius
1961 4858 2096 4929 intelli-

64 4970 171 5042 snnt,
195 4956 295 5048 prior
308 4967 361 5024 est
377 4953 565 5022 verborum
582 4949 753 5039 cognitio,
779 4953 821 5019 ad
839 4977 944 5046 quam
960 4970 1075 5021 com-·
1109 4956 1240 5044 gendas
1256 4978 1296 5023 ac
1318 4955 1561 5045 percipiendas
1583 4954 1776 5044 plurimum
1792 4957 1942 5029 confert.
1993 4958 2098 5031 Faci-

66 5060 264 5153 persndam
287 5055 426 5127 tametsi
449 5052 662 5124 necessariae
684 5065 769 5122 sunt
791 5067 900 5137 artes,
926 5051 1057 5124 Gram·
1111 5057 1179 5126 lius
1201 5055 1296 5124 enim
1319 5055 1565 5147 percipiuntur
1585 5055 1665 5146 illa,
1692 5079 1843 5149 quorum
1860 5062 1961 5154 quasi
1982 5063 2098 5151 regio-

66 5160 217 5247 mstiea,
235 5157 449 5238 Dialectica,
472 5149 683 5238 Rhetorica,
709 5167 826 5222 tamen
849 5156 924 5223 sine
941 5179 1056 5226 esem-
1112 5181 1174 5227 nes
1201 5182 1306 5250 qnam
1330 5157 1400 5227 late
1425 5169 1565 5248 pateant
1592 5172 1628 5229 et
1653 5173 1763 5229 metas
1789 5156 2098 5253 deprehendimus.

68 5262 140 5354 plis
153 5276 246 5333 artes
262 5262 358 5353 ipsae
372 5270 456 5328 sunt
470 5256 676 5329 inefficaces.
717 5253 801 5326 ldeo
818 5258 905 5327 boni
918 5272 1058 5329 autores
1111 5260 1271 5330 Pertinet
1291 5273 1408 5329 autem
1432 5254 1490 5328 hic
1511 5259 1654 5329 libellus
1671 5258 1855 5333 Ciceronis
1872 5265 1916 5332 ad
1935 5261 2099 5335 Philoso-

68 5364 213 5456 legendi
228 5375 330 5442 sunt,
356 5360 540 5453 exquibus
555 5359 696 5447 linguae
710 5354 857 5450 phrasin
872 5358 1058 5445 discamus,
1113 5357 1235 5453 phiam
1251 5361 1440 5446 moralem,
1465 5360 1623 5431 continet
1634 5360 1730 5433 euim
1747 5364 1971 5435 definitiones
1984 5365 2098 5433 virtu·

67 5476 113 5538 e's
124 5488 279 5560 quorum
296 5463 492 5535 imitatione
508 5482 752 5550 comparemus
767 5461 872 5532 nobis
886 5461 1059 5534 eiusmodi
1113 5479 1203 5551 tum,
1221 5476 1256 5534 et
1271 5478 1354 5535 sunt
1371 5463 1491 5537 addita
1505 5464 1774 5536 delinitionibus
1790 5462 1901 5535 multa
1917 5477 2099 5557 praecepta

126 5565 314 5638 Mensura.
341 5568 446 5635 Orsa.
471 5566 556 5632 Vos..
583 5563 645 5629 xl.
1518 5562 1566 5635 17

1106 3867 1184 3912 nem
1211 3856 1330 3912 tenere
1353 3844 1473 3910 animo
1497 3839 1790 3931 comprehensum
1815 3858 1850 3915 et
1873 3845 1960 3914 fines
1986 3859 2092 3941 atque
2211 3924 2214 3929 ,
