4732 6030
214 347 288 422 659
627 386 636 395 .
789 323 947 403 DECL.
980 318 1055 397 DE
1088 316 1186 396 DEl
1219 302 1652 390 lNVOCATIONE.
2154 305 2234 379 ddo

229 518 300 589 No.
317 516 379 589 79.
1004 498 1069 578 (an.
1088 496 1199 577 1544.)
1248 486 1329 555 brat
1344 494 1377 551 et
1392 480 1542 560 invocat,
1565 492 1606 548 ut
1618 489 1732 547 servet
1746 470 1922 546 Ecclesiae
1935 474 2116 568 reliquias.
2143 474 2238 548 Cum

226 613 397 645 Ὁ*
1023 586 1195 621 *⁸*
1250 585 1312 654 illa
1332 580 1474 652 coelesti
1491 575 1644 649 Ecclesia
1664 600 1730 647 nos
1752 576 2026 667 coniungamus‚
2052 591 2086 648 et
2101 601 2241 648 cumea

452 709 528 793 Dp
558 703 654 791 Dei
682 697 977 784 invocatione,
1251 687 1421 754 immensa
1441 678 1509 750 Dei
1535 678 1701 749 beneficia
1722 674 1791 769 piis
1812 676 1993 745 mentibus
2017 679 2241 769 contemple-

1251 807 1351 866 mur,
1371 803 1507 872 nosque
1526 780 1571 849 ad
1590 778 1782 868 gratiarum
1800 775 1975 845 actionem
2000 791 2035 848 et
2064 779 2109 846 ad
2137 780 2241 849 invo-

290 865 1084 1024 ¹¹2P22¹JJ¹fflrffi¹qf1ff⁸pfq3¹53f2wffijffffi
1100 868 1206 990 (effi
1254 884 1427 955 rationem
1452 880 1701 963 exuscitemus,
1726 876 1996 947 commonefatti
2018 873 2073 946 bis
2091 875 2159 949 Dei
2178 905 2242 971 pa-

326 1008 874 1134 semasso.154spfopurea‚quaet
927 1009 1032 1062 osuin
1045 1004 1112 1060 Met.
1127 1002 1205 1074 epar.
1255 982 1521 1064 telactionibus,
1547 1001 1637 1073 quae
1651 991 1745 1049 certo
1760 989 1937 1048 testantur
1949 1000 2031 1046 vere
2044 1000 2155 1068 genus
2170 974 2242 1050 hu·

322 1091 357 1147 ’ἃ
371 1091 508 1147 ΜΝ·
524 1086 586 1142 V⁰¹·
625 1101 675 1153 ·P·
688 1080 750 1136 ⁸¹⁰·
1254 1107 1401 1155 manum
1424 1080 1457 1151 ei
1480 1102 1584 1150 curae
1609 1100 1698 1149 esse:
1731 1100 1954 1170 nequaquam
1986 1081 2082 1147 enim
2111 1081 2239 1151 frustra

1256 1183 1353 1256 Deus
1367 1208 1408 1253 er
1424 1203 1551 1253 arcana
1566 1180 1627 1249 illa
1643 1203 1704 1250 sua
1721 1178 1804 1247 sede
1825 1179 1977 1269 prodiit,
2001 1203 2042 1249 ac
2056 1182 2240 1253 nobiscum

1257 1286 1360 1359 toties
1378 1299 1448 1354 tam
1470 1279 1692 1351 familiariter
1714 1280 1852 1349 locutus
1880 1293 1950 1358 est,
1980 1293 2106 1350 ettam
2131 1284 2243 1352 multa

225 1385 406 1468 Existimo
434 1403 579 1481 propter
608 1386 738 1456 multas
768 1403 890 1452 causas
919 1375 1112 1450 Ecclesiam
1141 1373 1210 1446 Dei
1259 1384 1443 1480 proposuit
1457 1403 1538 1451 vera
1555 1402 1634 1469 erga
1650 1403 1714 1450 nos
1728 1379 1996 1450 benevolentiae
2010 1380 2224 1456 testimonia.

226 1495 393 1567 omnibus
411 1490 556 1561 saeculis
575 1483 644 1555 hoc
663 1482 749 1554 anni
764 1496 941 1573 tempore,
969 1479 1006 1548 id
1025 1493 1094 1563 est,
1117 1476 1210 1545 veria
1363 1483 1410 1555 Ut
1424 1482 1533 1571 igitur
1549 1476 1634 1550 haec
1649 1504 1729 1549 vera
1747 1479 1832 1547 anni
1850 1480 1991 1550 exordia
2010 1480 2085 1551 sint
2105 1483 2246 1553 foelicia

226 1596 331 1665 initio
346 1595 390 1662 ad
406 1587 722 1661 considerationem
743 1583 977 1652 maximorum
993 1602 1139 1672 operum
1156 1576 1211 1645 di·
1261 1600 1296 1658 et
1326 1582 1492 1655 salutaria
1520 1581 1704 1650 universae
1727 1574 1906 1648 Ecclesiae
1931 1577 1999 1648 Dei
2031 1596 2067 1651 et
2098 1584 2247 1672 politiis‚

227 1696 413 1776 vinorum,
437 1714 526 1784 quoe
549 1712 589 1757 eo
610 1700 767 1776 tempore
783 1683 873 1751 facio
888 1694 991 1765 ⁸⁰⁰¹,
1013 1677 1210 1769 *11111111θᾶ
1262 1709 1351 1780 quae
1373 1697 1454 1754 sunt
1477 1677 1629 1771 hospitia
1644 1677 1818 1749 Ecclesiae
1834 1702 1875 1748 ac
1891 1675 2039 1750 Scholae
2054 1698 2196 1751 nostrae
2213 1698 2248 1754 et

228 1793 387 1865 coelestis
411 1790 590 1861 doctrinae
614 1783 900 1875 explicationem,
933 1792 966 1850 et
988 1781 1033 1848 ad
1055 1777 1213 1868 publicas
1262 1787 1384 1857 nohis:
1412 1784 1564 1874 primum
1588 1781 1661 1871 ipse
1687 1802 1795 1872 pauca
1811 1780 1857 1847 de
1872 1780 2072 1871 precatione
2085 1781 2245 1851 dicturus

227 1895 447 1990 precationes
470 1887 691 1968 convenisse,
716 1897 751 1954 et
765 1879 946 1951 accessisse
961 1880 1051 1949 ritus
1065 1879 1214 1970 aliquos,
1263 1911 1361 1967 ium,
1387 1905 1477 1976 quae
1493 1904 1573 1951 eum
1591 1880 1774 1951 audieritis
1794 1902 1866 1948 una
1889 1904 2029 1966 omna,
2061 1897 2096 1953 er
2115 1883 2244 1970 gratias

229 2009 291 2067 aut
307 1990 467 2061 exercitia
479 1985 740 2077 temperantiae,
765 1995 805 2054 ut
823 2005 863 2051 ea
880 1980 982 2076 quasi
996 1992 1100 2059 uota,
1125 1991 1214 2048 tem·
1264 2008 1406 2076 agemus
1427 1982 1521 2064 Deo,
1553 1992 1588 2050 et
1610 1995 1692 2052 vora
1717 1981 1903 2066 iaciemus,
1928 1994 1968 2051 ut
1989 2004 2055 2050 nos
2076 1983 2246 2072 gubernes

229 2116 297 2186 pus
312 2090 516 2180 insignitum
534 2099 632 2157 esset.
1264 2085 1359 2157 Deus
1378 2108 1416 2153 ac
1431 2094 1556 2151 servet
1606 2079 1678 2151 Nec
1693 2105 1775 2152 vero
1793 2079 1907 2149 ullum
1929 2093 1984 2151 est
2002 2097 2247 2172 argumentum

331 2190 422 2260 Nam
439 2187 543 2259 initio
568 2185 663 2256 veris
683 2182 865 2254 conditum
883 2202 956 2251 eoae
978 2180 1153 2249 mundum
1173 2200 1215 2245 eo
1265 2186 1414 2278 amplius
1439 2197 1473 2253 et
1497 2182 1659 2266 uberius,
1690 2204 1794 2274 quam
1825 2179 1942 2250 dicere
1964 2182 2009 2251 de
2038 2185 2250 2274 precatione,

230 2291 466 2373 θῐίδῑῖῐῦδῑῦῐι
490 2287 574 2381 quia
588 2283 772 2356 0¹⁰fdi¹¹ffl
786 2280 872 2354 8111ὶῖ
892 2281 931 2350 ῖῦ
945 2291 1081 2350 vetum
1093 2274 1216 2349 Eccle·
1267 2310 1331 2357 nec
1346 2285 1420 2356 ulla
1437 2283 1547 2351 virtus
1561 2294 1632 2367 est,
1657 2283 1701 2350 de
1716 2305 1785 2374 qua
1800 2281 1940 2371 saepius
1956 2297 1991 2351 et
2007 2284 2177 2354 libentius
2190 2307 2250 2353 co-

232 2395 283 2465 sia
299 2392 368 2462 fuit
382 2389 540 2481 proxima
556 2383 779 2481 aequinoctio
791 2405 914 2466 verno,
939 2378 1034 2451 Solis
1047 2391 1080 2448 et
1093 2376 1217 2447 Lunae
1267 2389 1376 2478 gimo
1406 2374 1567 2452 homines
1596 2393 1688 2452 recte
1708 2395 1935 2470 agnoscentes
1955 2381 2069 2453 Deum
2100 2396 2249 2474 oportet.

233 2492 451 2565 coniunctio.
493 2486 629 2561 Eodem
646 2482 815 2554 meooein
828 2504 943 2551 arcem
959 2473 1065 2549 Noha
1080 2479 1217 2567 instea-
1267 2487 1363 2557 Haec
1384 2483 1481 2553 enim
1502 2482 1645 2574 proprie
1663 2483 1833 2553 discernit
1847 2476 2039 2553 Ecclesiam
2060 2485 2106 2554 ab
2130 2482 2248 2552 omni-

233 2616 294 2667 sus
312 2606 382 2677 est,
407 2604 442 2662 et
466 2590 676 2660 circumacto
697 2607 792 2654 anno
815 2607 857 2652 er
878 2604 957 2651 arca
983 2600 1159 2670 egressus,
1182 2590 1219 2647 et
1268 2590 1334 2659 bus
1351 2584 1525 2676 gentibus,

234 2693 383 2765 extricti
399 2690 575 2784 squallore
588 2688 743 2757 mundus
763 2696 952 2753 renovatus
967 2693 1032 2755 est.
1081 2675 1217 2750 Eodem
1368 2682 1505 2754 Multae
1527 2691 1674 2772 possunt
1698 2701 1771 2749 esse
1798 2680 1836 2750 in
1865 2681 2109 2773 ignorantibus
2130 2705 2251 2752 veram

234 2816 354 2866 mense
369 2817 409 2862 er
425 2790 585 2884 Aegypto
599 2788 722 2856 educta
737 2797 789 2855 est
801 2779 970 2867 Ecclesia,
994 2782 1033 2848 in
1049 2804 1117 2873 qua
1132 2780 1219 2849 edu·
1270 2791 1313 2859 de
1326 2785 1401 2856 Deo
1424 2782 1619 2852 doctrinam
1643 2779 1850 2850 excellentes
1865 2784 2028 2872 virtutes,
2049 2811 2139 2880 quae
2160 2778 2253 2853 hanc

237 2896 352 2965 ctione
380 2890 476 2962 Deus
507 2888 703 2960 illustribus
735 2883 946 2957 testimoniis
980 2904 1016 2951 se
1047 2879 1219 2972 patefecit.
1272 2888 1411 2960 civilem
1428 2884 1534 2953 vitam
1552 2894 1587 2951 et
1600 2880 1799 2951 societatem
1812 2899 1954 2974 regunt.

235 2991 373 3065 Eodem
388 3013 507 3062 mense
520 3001 708 3080 conceptus
725 2984 828 3057 estin
843 2983 923 3053 alvo
939 2996 1097 3053 materno
1106 2978 1220 3051 Filius
1369 2983 1484 3056 Credo
1501 2981 1757 3072 Pomponium,
1780 2977 1953 3068 Atticum,
1975 2983 2159 3069 Senecam,
2183 2979 2252 3052 Pa·

241 3092 323 3177 oet,
355 3108 388 3164 et
408 3091 511 3161 initio
527 3090 612 3160 anni
628 3085 796 3161 tricesimi
809 3084 944 3179 quarti,
974 3097 1092 3174 postea
1117 3080 1219 3151 victi·
1272 3086 1455 3181 pinianum
1468 3080 1771 3167 Iurisconsultum,
1788 3085 1849 3174 qui
1866 3085 2040 3158 iusticiam
2050 3084 2139 3156 vitae
2153 3107 2253 3176 prae-

239 3216 296 3264 ma
313 3215 379 3282 pro
405 3189 510 3259 uobis
531 3189 569 3255 in
593 3212 695 3257 cruce
717 3187 828 3255 sactus
845 3197 915 3265 est,
941 3197 975 3255 et
999 3181 1222 3253 resuscitatus
1272 3189 1373 3272 tulit,
1398 3210 1437 3255 ac
1458 3198 1611 3278 tyranno
1635 3182 1801 3251 cervicem
1825 3188 2013 3273 praebere,
2039 3174 2144 3279 quam
2160 3185 2256 3255 iniu-

240 3291 395 3363 ostendit
408 3285 585 3358 Ecclesiae
608 3284 780 3375 gloriosae
799 3298 834 3353 et
858 3284 950 3353 ritae
970 3297 1131 3352 aeternae
1151 3279 1222 3351 ini·
1273 3303 1513 3359 staineinaim
1530 3280 1767 3362 tuerimaluir,
1789 3280 1895 3349 fuisse
1909 3285 2005 3351 vii-0³
2022 3285 2144 3369 iustos,
2168 3299 2256 3356 tem.

240 3395 301 3464 tia.
352 3389 463 3459 Multi
482 3388 606 3457 eodem
624 3405 743 3453 mense
759 3394 795 3452 et
811 3383 903 3451 Abel
924 3382 1165 3464 interiectum,
1190 3392 1226 3449 et
1274 3398 1454 3477 perantes,
1487 3384 1676 3467 beneficos,
1705 3378 1892 3467 fugitantes
1913 3380 2127 3467 libidinum,
2152 3386 2258 3455 utiles

241 3494 401 3565 oblatum
414 3513 488 3560 esse
503 3485 600 3556 isaac
616 3484 844 3556 arbitrantur.
1275 3485 1428 3575 Reipub.
1480 3482 1577 3571 Quid
1592 3483 1696 3573 igitur
1711 3504 1776 3551 nos
1793 3481 2059 3551 antecellimus?
2088 3482 2183 3553 Num
2199 3486 2258 3553 in-

342 3590 479 3661 Harum
510 3588 743 3657 maximarum
777 3604 895 3651 rerum
919 3576 1114 3650 recordatio
1145 3602 1225 3648 com
1275 3583 1403 3676 genio?
1428 3584 1613 3653 doctrina?
1635 3606 1773 3653 morum
1794 3582 2035 3651 moderatione
2054 3583 2135 3650 illos
2149 3607 2256 3672 supe·

241 3693 360 3778 fieret,
384 3686 476 3761 nihil
493 3689 623 3759 mitum
637 3694 839 3774 ealdemper
854 3681 973 3776 aliqua
988 3679 1046 3774 pia
1063 3678 1225 3749 exercitia
1276 3685 1418 3757 ramus?
1450 3682 1691 3777 Nequaquam.
1724 3681 1793 3752 Sed
1809 3706 1890 3751 vera
1904 3680 1970 3752 Dei
1983 3681 2170 3772 agnitione,
2196 3683 2255 3749 in.

243 3794 338 3865 diem
354 3786 542 3862 Paschatos
560 3783 795 3882 praecessisse.
1276 3785 1461 3856 vocatione
1478 3799 1512 3855 et
1524 3782 1758 3855 celebratione
1772 3794 1996 3872 praestamus.
2038 3780 2090 3851 De
2105 3804 2172 3874 qua
2187 3782 2254 3850 etsi

356 3889 606 3983 Temperantia
646 3885 756 3976 igitur
793 3882 950 3955 severior
993 3877 1128 3951 indicta
1164 3889 1226 3952 eei·
1277 3886 1381 3957 multi
1399 3884 1572 3975 sapientes
1587 3887 1726 3964 dicunt,
1751 3882 1974 3967 nonverbis,
1995 3885 2056 3953 sed
2074 3881 2173 3952 factis
2192 3905 2256 3950 co·

244 3994 383 4070 Deinde
404 4016 478 4062 non
501 4004 572 4061 tam
590 3986 838 4079 superstitione
852 4007 959 4078 quam
982 3980 1120 4053 inscitia
1138 3980 1228 4052 ritus
1277 3988 1423 4057 lendum
1455 4008 1529 4056 esso
1550 3983 1683 4055 Deum:
1715 3999 1832 4055 umen
1858 4006 1925 4053 nos
1947 3983 2074 4054 icimur
2097 3978 2164 4051 hoc
2188 4006 2261 4050 no.

185 4156 193 4167 .
246 4108 447 4175 creverunt,
480 4091 610 4183 quibus
630 4112 726 4158 nunc
750 4086 893 4155 mutatis
915 4107 981 4153 nos
1001 4082 1040 4151 in
1061 4075 1230 4163 Ecclesia,
1279 4104 1390 4159 ,rrum
1407 4087 1561 4157 officium
1575 4082 1651 4156 Deo
1666 4108 1746 4154 vere
1767 4086 1916 4176 plicare.
1966 4082 2060 4155 sunt
2081 4083 2119 4152 in
2134 4076 2261 4152 Eccle-

247 4221 321 4265 non
344 4208 384 4263 ut
406 4193 530 4279 vulgus
549 4188 651 4270 facit,
676 4210 748 4256 one
770 4208 850 4253 eom
873 4184 1003 4253 ritibus
1024 4181 1229 4252 abiiciamus
1278 4190 1328 4259 sia
1345 4187 1449 4258 etiam
1467 4199 1619 4258 caeterae
1638 4186 1800 4270 virtutes,
1824 4185 1863 4254 in
1877 4184 1958 4255 aliis
1974 4184 2103 4274 magis,
2127 4183 2164 4251 iu
2181 4180 2262 4251 aliis

247 4320 328 4363 vera
345 4290 484 4384 pietatis
500 4287 678 4356 exercitia:
702 4286 762 4353 sed
779 4284 876 4352 illam
894 4283 1058 4352 ultimam
1073 4281 1230 4374 antiqui·
1279 4289 1588 4359 minurexciratae.
1637 4283 1707 4356 Sed
1729 4284 1984 4376 proclamatio
1999 4284 2163 4355 omnibus
2179 4306 2261 4352 vera

248 4408 355 4467 tatem
373 4388 572 4464 imitemur,
598 4384 758 4453 miranda
774 4382 840 4452 [lei
861 4380 1029 4451 beneficia
1049 4376 1117 4450 boc
1141 4395 1230 4452 tem·
1281 4389 1475 4473 invocatio,
1508 4403 1650 4481 propter
1679 4382 1973 4478 banc-placemus
1995 4383 2091 4470 Deo,
2125 4381 2264 4455 etiamsi

248 4518 334 4586 pore
351 4483 527 4571 exhibita,
552 4506 717 4555 unacum
737 4481 877 4550 coelesti
891 4476 1046 4551 Ecclesia
1067 4481 1230 4550 conside·
1280 4505 1434 4562 morare
1450 4490 1599 4561 virtutes
1613 4485 1851 4577 languidiores
1866 4500 1959 4557 sunt,

248 4617 386 4677 remus,
410 4611 500 4685 quae
522 4587 595 4679 ipsa
616 4605 711 4654 nunc
730 4581 886 4653 assidens
901 4582 997 4675 apud
1015 4580 1130 4650 filium
1148 4581 1231 4666 Dei,
1380 4588 1450 4659 Hic
1469 4590 1622 4660 clamant
1640 4586 1744 4656 multi
1764 4586 1957 4677 sapientes,
1984 4598 2024 4656 ut
2041 4582 2144 4655 Plato
2161 4580 2266 4664 dixit,

248 4717 361 4767 annos
379 4701 542 4763 numerat
565 4712 584 4757 a
601 4684 742 4757 condita
759 4697 834 4755 tota
848 4707 964 4754 rerum
980 4696 1123 4766 natura,
1147 4705 1230 4751 nar·
1280 4686 1394 4761 Deum
1409 4691 1595 4761 colendum
1609 4709 1682 4757 esso
1689 4680 1742 4781 μὴ
1757 4680 1918 4780 σχήμασι
1927 4709 2001 4757 non
2013 4685 2169 4776 gestibus
2183 4697 2266 4753 tan-

249 4810 304 4867 rat
319 4819 390 4888 quo
404 4810 560 4884 tempore
576 4787 671 4860 Deua
685 4810 721 4856 ⁸²
741 4779 912 4868 Abrabae,
938 4782 1068 4878 Moytb
1093 4782 1230 4877 lotique
1281 4803 1376 4874 tum,
1401 4793 1462 4860 sed
1475 4789 1566 4859 veris
1582 4789 1752 4859 virtutum
1769 4789 1905 4872 officiis,
1930 4803 1965 4860 et
1978 4787 2017 4855 in
2029 4786 2104 4877 lege
2118 4780 2266 4857 Zaleuci

249 4896 382 4987 populo
408 4891 600 4984 egredienti
629 4913 670 4960 er
700 4886 859 4980 Aegypto
887 4885 1108 4975 patefecerit,
1142 4909 1230 4978 quae
1280 4893 1448 4981 scriptum
1464 4903 1534 4973 est,
1558 4887 1675 4961 Deum
1688 4888 1874 4959 colendum
1892 4911 1965 4957 esse
1980 4897 2060 4956 'non
2076 4882 2267 4973 tragoediis

237 4998 355 5067 ‚luerit
369 4995 481 5066 oratio
494 4992 627 5064 aeterni
642 4988 756 5059 Patris
770 4988 814 5056 ad
827 4981 1002 5075 Angelum
1019 4985 1169 5073 legatum
1185 4988 1229 5056 ad
1280 4987 1484 5074 hominum,
1510 4991 1572 5084 qui
1588 4989 1681 5082 capti
1695 5002 1777 5061 sunt
1794 4989 1832 5058 in
1848 4990 1962 5072 bellis,
1987 4990 2046 5055 sed
2065 4983 2268 5075 integritate

249 5097 434 5187 virginem,
448 5118 537 5186 quae
552 5091 740 5162 certamina
753 5086 819 5178 lilii
833 5084 899 5156 Dei
913 5086 952 5153 in
967 5085 1093 5155 ultimo
1108 5109 1229 5176 arone,
1280 5114 1431 5165 morum.
1488 5090 1674 5184 Sapienter
1705 5085 1811 5169 haec,
1855 5104 1895 5159 ut
1924 5113 1944 5159 a
1975 5087 2267 5176 legumlatoribus

249 5214 284 5270 et
308 5194 434 5267 harum
457 5206 633 5262 tantamm
656 5212 774 5258 rerum
797 5186 945 5258 emilie
965 5185 1065 5275 11811,
1095 5209 1170 5255 non
1191 5188 1229 5255 in
1278 5190 1371 5263 dicta
1394 5205 1495 5275 suut,
1520 5196 1580 5263 sed
1604 5194 1642 5262 in
1657 5186 1813 5262 Ecclesia
1838 5191 1923 5260 tales
1944 5188 2137 5259 sententias
2151 5185 2268 5277 expli-

249 5301 417 5370 arborum
433 5294 562 5384 11111111
577 5289 782 5372 corticibus,
807 5291 867 5359 ord
883 5289 921 5356 ἱ11
937 5284 1013 5389 ipso
1030 5282 1098 5355 Dei
1112 5301 1231 5378 pecto-
1280 5292 1389 5362 catius
1411 5300 1574 5363 enarrare
1596 5302 1746 5384 oportet.
1796 5288 1885 5361 Nam
1908 5290 1972 5361 etsi
1989 5312 2063 5359 nou
2086 5288 2170 5357 solis
2191 5301 2269 5357 tra-

250 5424 305 5484 re,
331 5413 365 5470 et
380 5399 507 5467 11111111
523 5415 642 5463 amore
658 5385 744 5469 Dei,
769 5389 886 5478 agilei
901 5386 1028 5479 gratias
1044 5410 1124 5457 cunr
1138 5389 1230 5477 cele,
1279 5394 1412 5482 goediis
1435 5396 1670 5487 captivorum,
1696 5387 1765 5461 hoc
1788 5405 1857 5474 est,
1890 5392 2040 5480 gemitu,
2066 5385 2268 5482 lachrymis,

370 1252 497 1319 orosto
525 1243 572 1315 de
596 1262 686 1312 sera
713 1239 789 1309 Dei
815 1236 1058 1306 inuocatione.
