4732 6030
154 287 231 359 oss
346 219 351 230 ’
823 266 1524 353 nrcnnuruncarroun.
1604 312 1610 320 -
1699 370 1702 375 g
2084 277 2197 353 ,oss

160 458 316 531 studiose
335 454 447 525 multa
468 453 512 521 de
533 449 715 521 stellarum
738 447 896 518 motibus
923 460 959 519 et
987 442 1146 515 effectio·
1199 444 1379 516 beneficiis
1411 443 1664 532 cumulaverit,
1698 446 1853 538 primum
1885 445 2083 518 instaurata
2116 448 2197 519 luce

160 562 278 632 urbm,
1198 541 1406 636 Evangelii,
1442 559 1476 616 et
1500 547 1642 618 donatis
1656 548 1901 626 'mediocribus
1915 546 2129 642 Halcyoniis
2148 554 2196 620 ad

261 656 314 729 Ac
335 652 479 723 loannis
500 649 778 742 Regiomontani
801 647 1025 719 sermonibus
1047 658 1083 716 et
1097 645 1150 715 t‘a·
1200 648 1350 719 colenda
1367 647 1426 742 pia
1442 647 1559 719 studia
1577 648 1616 717 in
1633 641 1690 718 bis
1702 649 1858 720 motibus
1872 645 2101 735 Germaniae,
2120 675 2196 722 nou

161 759 362 832 miliaritate
383 755 432 826 ita
450 754 642 824 delectatus
662 766 729 836 est,
754 762 794 823 ut
809 749 947 843 quoties
970 748 1007 816 in
1031 747 1150 816 aulam
1203 747 1361 819 alienum
1395 762 1447 819 est
1478 749 1517 817 in
1549 749 1717 820 omnibus
1754 750 2000 840 congressibus
2029 752 2198 841 publicis,

159 862 344 944 veniebat,
368 877 511 925 mensae
526 878 606 924 eum
620 876 703 923 suae
717 845 922 936 adhiberet,
948 847 1058 920 multa
1083 847 1152 917 sci-
1200 874 1282 920 cum
1300 845 1467 920 habenda
1481 851 1595 920 oratio
1614 864 1684 935 est,
1709 847 1778 921 hoc
1794 851 1941 920 exordio
1957 866 2122 945 tanquam
2138 855 2196 923 le·

161 963 308 1044 scitans,
334 960 378 1029 de
393 957 548 1027 motibus
569 955 768 1039 stellarum,
794 952 884 1023 etde
902 950 1008 1021 variis
1022 961 1151 1019 natura
1200 951 1324 1041 gitimo
1348 951 1421 1037 uti,
1444 965 1485 1021 ut
1500 947 1577 1022 Deo
1600 975 1664 1042 pro
1689 965 1824 1023 servata
1841 947 2001 1024 Ecclesia
2022 951 2194 1027 ctscbola

159 1060 351 1135 miraculis.
387 1057 613 1150 Stipendium
630 1054 735 1125 etiam
752 1049 836 1123 huic
852 1074 1012 1121 annuum
1026 1071 1152 1120 aureos
1202 1054 1333 1143 gratim
1347 1073 1501 1141 agamus».
1862 1107 1872 1116 ·

28 1149 33 1156 ¹
74 1216 85 1225 ,
162 1169 331 1237 ducentos
349 1159 456 1230 dedit.
497 1154 544 1228 Et
562 1156 692 1227 multos
709 1145 1153 1224 virosdoctosmatbema·
1301 1148 1379 1223 Etsi
1402 1152 1497 1222 enim
1519 1154 1597 1222 leve
1618 1147 1686 1223 hoc
1707 1175 1816 1246 genus
1830 1152 1972 1228 videtur
1988 1179 2064 1228 esse
2087 1161 2191 1248 grati-

163 1282 239 1338 tum
261 1265 414 1334 cultores
440 1259 553 1330 evexit
575 1259 617 1329 ad
642 1255 779 1345 fastigia
802 1249 982 1325 honorum
1006 1253 1153 1347 amplis·
1201 1253 1338 1324 tudinis
1360 1277 1444 1349 erga
1466 1251 1601 1334 Deum,
1628 1256 1725 1347 quod
1749 1256 1866 1325 verbis
1891 1260 2116 1344 ostenditur,
2141 1276 2193 1332 ta-

162 1371 346 1439 spmomm,
1200 1378 1283 1424 men
1307 1378 1372 1425 nec
1393 1355 1546 1447 amplius
1566 1369 1743 1446 praestare
1762 1380 1966 1448 possumus,
1991 1385 2075 1432 cum
2096 1364 2195 1434 frua·

264 1466 361 1536 Haec
381 1465 453 1534 lere
477 1464 521 1532 de
542 1483 623 1549 rege
639 1452 792 1528 Matthia
808 1454 936 1549 partim
960 1453 1047 1544 legi,
1072 1475 1154 1544 par·
1202 1479 1284 1525 mur
1298 1467 1373 1527 tota
1387 1470 1514 1526 natura
1528 1469 1697 1550 tanquam
1713 1481 1781 1529 usu
1794 1458 1900 1528 nobis
1911 1460 2086 1532 divinitus
2102 1466 2196 1549 data,

164 1572 237 1642 tim·
253 1566 392 1644 audivi,
425 1577 460 1634 et
482 1562 634 1652 optarim
658 1560 831 1648 integram
853 1557 928 1626 eius
955 1549 1154 1634 historiam,
1184 1570 1242 1628 .ut
1255 1556 1425 1652 quicquid
1443 1557 1527 1625 iude
1542 1554 1619 1628 Deo
1634 1559 1833 1643 reddimus,
1858 1560 1903 1629 de
1918 1561 2035 1633 alieno
2057 1588 2135 1634 non
2153 1568 2197 1638 de

163 1646 345 1761 abaliquo
363 1666 494 1737 diserto
512 1657 1030 1753 gentisPaunonicaeviroedi.
1064 1653 1154 1726 Nam
1201 1671 1344 1744 nostro,
1376 1658 1569 1729 referamus
1590 1660 1739 1748 gratiam
1759 1660 1876 1731 autori
1898 1665 2059 1734 omniurn
2080 1669 2198 1738 bono·

165 1776 209 1843 ad
234 1764 610 1840 commonefactionem
635 1762 679 1830 de
698 1759 821 1830 multis
844 1759 970 1842 rebus,
995 1756 1082 1827 tales
1096 1751 1155 1824 hi·
1202 1782 1294 1828 rum.
1341 1754 1391 1828 Et
1413 1758 1542 1829 scimus
1561 1758 1637 1829 Deo
1659 1774 1799 1850 gratum
1823 1783 1896 1831 esse
1925 1758 1994 1834 hoc
2024 1765 2198 1852 osticium,

165 1872 294 1944 sturiae
311 1869 534 1949 conducunt,
559 1864 752 1933 ostendunt
766 1859 946 1950 singulare
961 1855 1030 1929 Dei
1047 1859 1156 1927 benc·
1202 1882 1355 1952 eumque
1371 1873 1517 1953 propter
1530 1858 1642 1930 lilium
1659 1882 1764 1931 suurn
1779 1863 1934 1955 recipere
1949 1890 2016 1959 pro
2033 1869 2144 1939 cultu.

166 1975 283 2045 licium
307 1991 399 2052 esse,
425 1967 594 2037 salutares
614 1964 884 2054 gubernatores,
908 1973 944 2031 et
958 1970 1104 2029 movent
1116 1967 1157 2027 ut
1304 1957 1444 2030 Deinde
1462 1959 1617 2052 postulat
1635 1956 1703 2032 hoc
1718 1977 1753 2035 et
1768 1966 1976 2054 magnitudo
1992 1968 2198 2061 benignita-

165 2075 256 2146 serio
272 2082 431 2163 petamus
446 2064 554 2136 aDeo
568 2063 871 2134 conservationem
883 2059 1072 2130 mediocris
1085 2072 1156 2130 sta·
1202 2061 1248 2131 tis
1264 2059 1332 2133 Dei
1349 2084 1430 2153 erga
1446 2084 1523 2135 nos.
1557 2059 1649 2149 Quis
1664 2063 1760 2133 enim
1776 2081 1937 2137 nostrum
1955 2086 2024 2156 est,
2051 2073 2117 2145 etsi
2133 2077 2198 2144 ad-

168 2152 223 2247 ius
238 2176 276 2242 in
292 2170 469 2261 imperiis,
495 2179 695 2236 monstrant
709 2161 915 2233 discrimina
933 2185 1068 2245 eorum,
1093 2158 1155 2253 qui
1201 2158 1273 2233 huc
1296 2162 1414 2232 omnia
1431 2164 1588 2253 pendent
1608 2163 1647 2232 in
1666 2160 1734 2235 Dei
1754 2190 1883 2254 manu,
1914 2171 1977 2264 qui
1999 2175 2121 2265 paucis
2140 2171 2197 2247 his

165 2300 222 2346 res
236 2270 445 2343 necessarias
459 2281 492 2338 et
507 2266 612 2338 utiles
627 2263 761 2359 patriae
776 2276 935 2354 egerunt,
955 2274 991 2333 et
1003 2260 1155 2331 aliorum
1202 2261 1306 2334 annis
1328 2263 1497 2354 potuisset
1519 2286 1660 2365 sperare
1682 2266 1819 2338 diutins
1840 2269 1879 2339 iu
1903 2267 1959 2343 bis
1990 2276 2197 2364 regionibus

167 2377 229 2472 qui
246 2398 301 2445 res
318 2371 462 2441 inutiles
478 2380 685 2451 moverunt,
706 2381 740 2437 et
753 2361 886 2436 intueri
901 2385 968 2433 nos
985 2362 1156 2432 iudicium
1202 2387 1411 2436 mansurum
1439 2365 1565 2434 nidum
1590 2365 1765 2459 aliquem,
1796 2371 1861 2440 ubi
1887 2372 2052 2447 iuventus
2074 2379 2196 2448 doceri

165 2477 236 2549 Dei
251 2476 393 2552 iubent,
419 2485 452 2541 et
468 2470 607 2540 flectere
621 2478 757 2537 mentes
771 2467 816 2537 ad
834 2464 1010 2536 iusticiam
1029 2476 1065 2534 et
1079 2487 1158 2534 mo-
1203 2479 1238 2536 et
1252 2465 1394 2535 educari
1409 2464 1536 2556 possit,
1563 2478 1598 2535 et
1614 2468 1869 2567 qualiscunque
1884 2477 1984 2568 quasi
2000 2493 2120 2566 portus
2135 2491 2196 2547 te-

168 2578 334 2662 destiam‚
346 2597 404 2642 -ne
428 2571 538 2640 caecis
562 2566 817 2661 cupiditatibus
843 2564 989 2658 impulsi
1013 2586 1157 2636 ruamus
1203 2580 1368 2650 neretur,
1392 2565 1456 2636 ubi
1472 2591 1540 2635 vox
1556 2568 1716 2640 coelestis
1730 2572 1773 2641 de
1789 2574 1967 2645 voluntate
1983 2573 2051 2647 Dei
2066 2592 2103 2649 et
2115 2578 2194 2649 lilio

168 2683 207 2749 in
223 2699 365 2771 poenas.
399 2672 545 2743 Talium
558 2668 843 2741 admonitionum
858 2666 1029 2757 exempla,
1054 2674 1157 2758 saepe
1203 2667 1314 2761 ipsius
1340 2666 1529 2737 liberatore
1554 2682 1679 2740 nostro
1704 2673 1863 2744 sonant?

169 2781 321 2871 cogitare
336 2776 426 2847 utile
442 2786 509 2858 est,
532 2796 574 2841 ac
591 2770 698 2841 simul
718 2770 874 2840 orandus
890 2767 984 2838 tilius
999 2764 1067 2836 Dei
1081 2763 1158 2837 Do-
1305 2766 1361 2839 Sit
1381 2766 1491 2857 igitur
1513 2762 1581 2840 hoc
1597 2773 1700 2864 quasi
1719 2775 1909 2867 auspicium
1928 2801 2140 2868 congressus
2159 2796 2195 2855 et

168 2885 287 2952 minus
308 2889 429 2949 noster
452 2873 548 2944 lesus
560 2869 740 2956 Christus,
763 2870 949 2940 crucifixus
968 2869 1158 2962 pronubis
1203 2868 1375 2941 orationis
1390 2882 1553 2957 nostrae,
1579 2885 1618 2942 ut
1630 2873 1737 2945 simul
1751 2900 1873 2948 omnes
1887 2877 2013 2949 iunctis
2035 2885 2194 2972 pectori-

132 3030 138 3046 .
169 2999 206 3065 et
228 2981 470 3063 resuscitatus,
502 2987 620 3046 custos
642 2969 819 3045 Ecclesiae
839 2994 943 3055 suae,
973 2979 1014 3039 ut
1037 2983 1071 3041 et
1092 2991 1157 3039 nos
1202 2972 1270 3043 bus
1290 2983 1324 3042 et
1346 2970 1437 3041 votis
1456 2967 1532 3041 Deo
1560 2996 1659 3044 nunc
1679 2977 1810 3066 gratias
1831 3001 1989 3069 agamus:
2021 3006 2099 3051 cum
2123 3009 2192 3074 pro

169 3087 358 3174 gubernet,
383 3091 419 3150 et
432 3074 583 3169 hospitia
598 3071 777 3146 Ecclesiae
796 3085 831 3144 et
845 3069 1027 3144 doctrinae
1041 3071 1158 3142 studia
1203 3073 1282 3141 aliis
1296 3071 1486 3156 beneficiis,
1512 3074 1642 3165 quibus
1656 3078 2061 3152 universamEcclesiam
2075 3088 2195 3154 omni-

170 3186 360 3255 clcmenter
374 3193 525 3263 tueatur,
550 3189 584 3247 et
599 3177 852 3266 gubernatores
868 3173 974 3244 nobis
988 3173 1049 3244 det
1063 3173 1158 3243 salu·
1202 3174 1270 3245 bus
1286 3171 1504 3266 temporibus
1520 3190 1652 3261 servat,
1680 3191 1753 3248 tum
1774 3181 1881 3251 etiam
1896 3185 1991 3276 quod
2013 3208 2077 3256 uos
2091 3209 2196 3278 saepe

170 3300 273 3357 mm,
324 3278 424 3352 Dixi,
1204 3275 1242 3344 in
1274 3271 1330 3344 bis
1359 3276 1601 3366 praesentibus
1631 3278 1812 3368 procellis,
1845 3296 1881 3354 et
1903 3285 2007 3378 quasi
2029 3287 2197 3359 fluctibus

1203 3388 1468 3467 tempestatum,
1492 3389 1610 3447 tuetur
1623 3391 1656 3449 et
1672 3379 1767 3469 tegit.

1305 3472 1392 3545 Tibi
1408 3476 1517 3567 igitur
1531 3474 1626 3549 Deus
1640 3493 1781 3551 aeterne
1805 3499 1903 3576 pater
1918 3483 2067 3556 Domini
2084 3490 2196 3559 nostri

171 3632 224 3704 No
259 3624 331 3702 ¹25
935 3624 999 3706 (m.
1017 3622 1158 3706 1551.?)
1205 3574 1285 3647 lesu
1301 3572 1455 3664 Christi,
1482 3580 1542 3671 qui
1558 3604 1629 3649 una
1644 3605 1724 3651 cum
1741 3585 1814 3656 lilio
1832 3600 1891 3657 tuo
1907 3600 1942 3656 et
1958 3586 2097 3678 Spiritu
2112 3613 2196 3659 san-

176 3679 349 3761 ὦ
938 3713 1150 3754 Μ
1204 3692 1278 3763 cto,
1304 3679 1365 3773 qui
1391 3679 1437 3750 ab
1458 3693 1610 3774 utroque
1630 3686 1807 3775 procedit,
1840 3687 2033 3759 condidisti
2057 3691 2195 3760 coelum

438 3818 441 3823 -
476 3811 552 3896 De
573 3809 852 3924 precatione·
1205 3793 1239 3850 et
1262 3792 1412 3865 terram,
1437 3793 1471 3852 et
1494 3782 1666 3872 collegisti
1688 3786 1755 3856 tibi
1777 3783 1988 3874 Ecclesiam,
2017 3791 2062 3860 ab
2087 3791 2194 3861 initio

1034 3948 1043 3970 κ
1203 3880 1348 3967 mundi,
1380 3904 1421 3950 ex
1444 3895 1518 3953 toto
1540 3906 1667 3972 genere
1689 3883 1862 3975 humano,
1897 3891 2029 3980 agimus
2049 3891 2196 3981 gratias,

152 4019 155 4024 -
239 3979 1158 4103 1,„taruanninsaeseseq,sementum-sto·
1204 4005 1301 4053 nunc
1324 3994 1473 4075 quantas
1497 3985 1608 4054 animi
1631 3989 1743 4060 nostri
1769 4013 1892 4082 capere
1919 4007 2087 4080 possunt,
2119 4017 2196 4064 nou

269 4073 296 4117 et
310 4058 437 4115 Richard.
456 4055 490 4112 T.
504 4054 550 4109 ΙΙΙ.
566 4071 592 4125 p.
600 4051 662 4106 29⁶.
686 4078 722 4091 -
772 4049 880 4104 trebel.
899 4051 928 4104 iu
942 4051 1008 4106 bibl.
1024 4049 1157 4106 Melsutlt.

271 4132 305 4187 sd
324 4146 390 4183 aun.
404 4125 480 4181 test.
500 4129 699 4178 somruemorat
718 4119 769 4172 No.
783 4118 844 4173 362.
862 4116 1004 4173 libellumt
1034 4118 1158 4188 „Oratio
1205 4085 1321 4154 mlum
1343 4107 1408 4175 pm
1423 4085 1605 4158 voluntate
1622 4101 1700 4171 ¹¹²32
1733 4092 2195 4166 delibefdii⁰ss²11082fdel

271 4203 305 4253 ae
325 4196 493 4276 precatione,
517 4191 618 4271 scripu
644 4187 718 4243 stt.
736 4184 882 4273 Marattq.
924 4187 1015 4241 vttets.
1037 4189 1110 4248 test.
1133 4187 1159 4272 β.
1204 4183 1365 4255 omnium
1383 4180 1588 4274 hominum,
1614 4214 1678 4283 per
1691 4192 1817 4280 filium,
1842 4216 1948 4288 quem
1966 4195 2111 4266 voluisti
2130 4219 2195 4288 pro

269 4267 358 4350 ²t¹·.''
375 4293 410 4305 “
445 4261 533 4316 Μ’
549 4253 780 4338 ⁰¹⁸”·⁰¹¹⁸¹¹'·⁷¹‘⁰³
800 4253 1067 4338 asportabantur
1084 4271 1158 4312 ’ω’
1205 4286 1310 4354 nohis
1336 4286 1411 4356 lieri
1427 4286 1604 4358 victimam
1697 4295 1763 4363 tela
1785 4308 1818 4365 ta
1860 4297 1990 4364 rimum
2014 4294 2053 4365 in
2073 4321 2108 4365 m
2139 4299 2179 4369 lti

272 4347 362 4407 psrtrn
376 4350 456 4386 muru
469 4329 571 4387 Derub.
586 4322 854 4395 Zieglerrsnlblo.
891 4321 1158 4397 vrauppvfflt.
1613 4344 1624 4375 ⁵
1651 4317 1693 4383 l'a
1765 4320 1782 4365 ⁰
1836 4320 1859 4386 P
2111 4321 2135 4366 ¹¹
2178 4323 2196 4370 ⁸

272 4426 300 4478 t·
311 4402 355 4460 ω,
1205 4385 1310 4470 locis,
1333 4386 1371 4455 in
1385 4387 1515 4479 quibus
1527 4403 1562 4461 te
1574 4394 1773 4476 ostendisti,
1797 4420 1838 4467 ac
1853 4397 2039 4489 praecipue
2055 4398 2144 4469 olim
2160 4401 2197 4469 in

435 4561 563 4631 oram
589 4552 637 4626 de
659 4554 893 4646 mmm·
1204 4489 2198 4694 gibdiisiitiithiedcriiiidinegteiii,iidehriiiriiiidissiiaiiii?

166 4702 250 4785 Etsi
265 4698 433 4778 omnibus
454 4687 672 4782 temporibus
687 4686 800 4756 multa
821 4697 855 4755 et
869 4682 1032 4752 miranda
1046 4683 1157 4755 bene·
1205 4688 1305 4762 rimis
1319 4690 1408 4761 locis
1421 4693 1464 4760 ad
1483 4686 1713 4786 Aquilonem.
1755 4695 1896 4771 Deinde
1911 4704 2008 4795 quod
2025 4724 2093 4774 nos
2110 4707 2197 4796 tegis

167 4812 244 4886 ficia
258 4804 393 4880 confert
408 4793 506 4867 Deus
519 4788 713 4873 Ecclesiae,
735 4808 882 4882 eamque
896 4808 1000 4878 saepe
1019 4785 1158 4872 liberat,
1204 4792 1366 4862 miranda
1381 4793 1584 4880 clementia,
1604 4801 1772 4871 adversus
1786 4803 1983 4894 potentiam
1995 4818 2030 4876 et
2047 4805 2199 4879 insidias

168 4923 289 4989 tuetur
308 4920 342 4976 et
356 4911 472 4971 servat
488 4896 526 4963 in
544 4890 682 4981 magnis
696 4886 966 4960 calamitatibus.
1017 4885 1157 4957 'l'amen
1203 4892 1355 4977 diaboli,
1381 4891 1441 4985 qui
1458 4917 1533 4964 non
1548 4909 1685 4969 tanturn
1702 4901 1903 4975 doctrinam
1917 4905 2060 4998 delere,
2084 4912 2148 4979 sed
2165 4925 2199 4983 et

167 5006 335 5107 inprimis
352 4996 519 5071 convenit
541 5016 608 5065 nos
630 4990 827 5084 praesentia
850 4988 1019 5059 beneficia
1038 4991 1157 5059 consi·
1201 4989 1378 5066 Ecclesiae
1392 5007 1426 5064 et
1438 4997 1645 5069 salutarium
1659 5005 1859 5076 studiorum
1876 5002 2033 5096 hospitia
2048 5014 2200 5100 perdere

167 5123 303 5194 derare,
329 5124 437 5195 eaque
449 5098 662 5190 praedicare,
688 5106 722 5164 et
736 5115 803 5188 pro
818 5092 863 5162 iis
877 5088 952 5162 Deo
968 5103 1157 5183 perpetuas
1203 5108 1362 5166 conatur.
1401 5092 1524 5190 Teque
1540 5123 1693 5189 oramus,
1719 5120 1760 5176 ut
1775 5131 1840 5176 uos
1853 5123 1887 5179 et
1902 5110 2094 5203 praecipue
2108 5115 2200 5198 illos,

166 5215 296 5314 3335„
312 5223 427 5299 ,gere
1203 5197 1333 5292 quibus
1348 5221 1468 5267 curam
1486 5202 1638 5272 docendi
1652 5220 1685 5277 et
1700 5210 1922 5297 gubernandi
1935 5213 2040 5282 tuum
2054 5236 2199 5308 gregem

266 5313 359 5388 Cum
376 5312 492 5376 autem
514 5295 651 5389 aliquot
674 5292 745 5362 iam
764 5291 868 5363 annis
883 5287 951 5363 hoc
972 5291 1156 5385 oppidum,
1202 5296 1429 5384 commisisti,
1454 5300 1647 5376 clementer
1660 5311 1792 5380 tuearis
1802 5324 1840 5380 et
1854 5333 1982 5393 serves,
2009 5328 2052 5386 ut
2067 5320 2117 5390 ad
2134 5344 2200 5413 po·

165 5442 200 5501 01
211 5398 477 5496 hancnostram
491 5392 685 5470 Ecclesiam
700 5392 794 5467 Deus
809 5396 930 5469 multis
951 5394 1155 5487 ingentibus
1201 5399 1393 5473 steritatem
1410 5403 1580 5475 mediocri
1602 5405 1793 5483 foelicitate
1811 5435 1930 5484 veram
1946 5426 1983 5485 et
2002 5418 2202 5497 salutarent
