4732 6030
170 250 248 328 826
781 242 942 321 unct.
982 243 1058 318 DE
1091 243 1237 316 VITA
1269 235 1632 314 AVICENNAE.
2142 242 2218 324 m

170 421 336 496 bometus
351 418 493 492 dicitur.
546 417 637 508 Quis
660 431 777 490 autem
801 442 875 490 non
898 419 1035 505 doleat,
1069 430 1168 489 tanto
1221 420 1302 487 dam
1318 415 1420 486 utilia
1438 413 1565 506 scripta
1583 412 1705 486 edidit.
1759 412 1829 486 Sed
1846 415 1949 508 plura
1963 416 2034 486 aba
2055 424 2090 489 et
2113 420 2218 513 longe

171 525 313 647 ingenio
337 546 412 592 nou
437 521 626 612 contigisse
639 522 747 593 vitam
766 522 984 613 longiorem,
1010 541 1168 641 praeser-
1220 519 1363 590 utiliora
1381 512 1610 603 haberemus,
1635 517 1705 586 nisi
1719 517 1813 589 tristi
1826 520 1899 589 fato
1915 532 2020 590 autor
2034 528 2219 595 antetem·

170 630 235 700 tim
250 625 412 696 molienti
432 647 487 693 res
502 622 737 696 utilissimas?
787 620 976 697 Extinctus
996 635 1048 694 est
1063 623 1169 709 enim,
1220 644 1287 716 pus
1304 621 1478 693 extinctus
1498 632 1599 694 esset.
2272 619 2281 632 '

170 755 250 802 eum
276 729 348 799 iam
373 728 553 816 ingressus
582 740 670 797 esset
700 726 856 818 primum
885 742 919 799 et
937 722 1169 821 quadragesi·
1321 721 1501 796 Recensui
1530 723 1688 794 breviter
1709 715 1896 791 historiam
1926 723 2121 795 doctissimi
2147 725 2216 797 viri

168 856 267 902 mum
281 852 426 900 annum.
480 826 588 900 Fama
605 842 674 915 est,
704 852 881 900 venenum
905 853 937 899 et
927 829 1077 898 datum
1096 850 1168 896 esse
1219 816 1516 918 Regiomontani,
1550 848 1656 919 quarn
1680 827 1824 918 prodest
1845 838 1965 895 notam
1988 849 2063 897 esse
2078 822 2218 899 schola-

168 931 439 1024 aTrapezoutii
465 931 566 1016 filiis,
588 932 679 1049 ‘quia
703 946 738 1004 et
759 931 958 1003 versionem
973 929 1168 1001 Ptolemaei
1220 931 1326 1002 sticis.
1369 927 1448 999 Etsi
1467 929 1562 998 enim
1577 927 1790 1018 praestantia
1805 939 1953 997 naturae
1970 929 2153 999 transferri
2169 933 2216 1002 ad

167 1051 365 1114 taxaverat,
391 1047 426 1103 et
448 1047 562 1103 errata
586 1032 625 1101 in
646 1036 901 1105 commentario
926 1026 1168 1129 etreprehen-
1218 1030 1308 1103 alios
1323 1056 1398 1102 non
1412 1044 1545 1123 potest
1569 1044 1687 1100 tamen
1704 1030 1922 1102 voluntatem
1942 1047 1976 1100 et
1991 1031 2214 1103 sedulitatem

169 1139 286 1208 siones
302 1130 462 1206 Theonis
478 1136 700 1207 refutaverat.
741 1132 795 1207 Ae
810 1137 947 1234 genesis
963 1161 1037 1206 non
1051 1134 1168 1205 solum
1219 1135 1339 1256 eliquo
1356 1133 1492 1203 modo
1482 1132 1613 1204 1mttar1
1627 1133 1690 1203 alu
1708 1145 1866 1225 possunt.
1919 1130 2082 1203 Primum
2098 1149 2217 1206 autem

169 1236 351 1309 hominem
370 1230 609 1332 βιοθάνατον
637 1238 828 1328 significat,
856 1241 917 1310 sed
939 1238 1044 1309 etiam
1067 1238 1168 1328 inge·
1219 1237 1258 1306 in
1274 1233 1381 1308 huius
1402 1231 1570 1306 historiae
1594 1237 1808 1356 gogitatioue
1822 1232 1899 1305 Deo
1918 1236 2047 1325 gratias
2061 1255 2216 1327 agamus,

169 1366 282 1411 nuum
309 1353 343 1410 et
374 1362 579 1458 pugnacem
631 1339 753 1430 Quare
775 1343 934 1413 fortassis
961 1342 994 1410 ei
1027 1340 1167 1430 linguae
1219 1337 1442 1410 conservanti
1457 1350 1567 1424 artes
1594 1351 1629 1408 et
1645 1339 1809 1410 excitanti
1826 1338 1945 1433 aliqua
1961 1339 2083 1408 bona
2072 1339 2223 1430 ingenia

169 1445 315 1513 libertas
337 1443 471 1514 nocuit.
523 1440 593 1512 Sed
617 1466 762 1563 quoquo
782 1447 888 1515 modo
905 1443 1081 1514 extinctus
1101 1455 1166 1527 est,
1218 1443 1261 1513 ad
1286 1465 1343 1512 eas
1344 1439 1544 1511 discendas
1570 1451 1605 1508 et
1626 1440 1873 1511 illustrandas:
1899 1455 1933 1510 et
1956 1464 2037 1511 eum
2059 1464 2214 1560 oremus,

169 1568 265 1615 mors
280 1545 469 1614 immatura
491 1544 578 1649 luit,
603 1568 643 1623 ac
667 1547 862 1616 etiamnum
880 1546 1054 1635 lugenda.
1080 1568 1166 1636 pro·
1217 1568 1262 1614 ne
1276 1568 1373 1615 nunc
1386 1543 1543 1634 extingui
1560 1541 1642 1612 taba
1658 1544 1775 1614 studia
1792 1543 1895 1616 sanat
1947 1540 2112 1613 Deinde
2101 1560 2214 1635 ipsius

64 1676 69 1685 ·
170 1662 287 1740 pterea
305 1646 458 1740 quod‘us
477 1598 663 1737 operibus,
684 1673 861 1742 quaeram
878 1644 1081 1732 inchoarat,
1107 1670 1166 1716 ca·
1217 1648 1323 1718 etiam
1346 1644 1625 1734 Regiomontani
1648 1644 1857 1714 memoriam
1880 1645 1970 1735 grati
1987 1646 2215 1732 celebremus,

169 1751 321 1820 rendum
337 1762 399 1820 est.
432 1744 515 1818 Nan
531 1753 827 1841 praetereundum
844 1765 896 1820 est
909 1763 1040 1835 autem,
1068 1750 1165 1840 qnod
1217 1762 1251 1819 et
1267 1748 1526 1819 eiusdoctrina
1540 1747 1613 1816 irus
1627 1749 1840 1819 studeamus
1895 1744 2081 1818 lmrtemur
2095 1748 2216 1835 ettam,

168 1854 213 1922 ad
237 1846 330 1921 hanc
353 1864 488 1920 tantam
517 1852 754 1922 eruditionem
778 1866 813 1924 et
841 1855 884 1922 ad
907 1852 993 1922 alias
1016 1851 1166 1921 virtutes
1216 1865 1390 1944 quantum
1425 1872 1632 1940 possumus,
1670 1850 1746 1919 eius
1778 1849 1895 1919 studia
1923 1862 1957 1918 et
1982 1849 2215 1936 sedulitatem,

168 1953 332 2024 adiunxit
347 1953 512 2043 pietatem
532 1976 612 2042 erga
627 1952 757 2039 Deum,
777 1979 816 2024 ac
832 1969 873 2025 nt
888 1977 969 2022 vera
986 1953 1167 2044 agnitione
1217 1953 1371 2046 denique
1385 1947 1448 2020 has
1462 1951 1556 2043 ipsas
1571 1964 1682 2031 artes,
1709 1972 1797 2045 quas
1811 1950 2024 2036 illustravit,
2057 1974 2215 2025 amemus

170 2080 250 2125 eum
271 2067 305 2124 et
319 2053 544 2123 invocatione
560 2056 713 2146 coleret,
740 2080 873 2126 novum
893 2054 1164 2125 Testamentum
1216 2069 1249 2125 et
1266 2052 1567 2145 magnifaciamus.
1607 2049 1732 2145 Neque
1747 2066 1809 2123 aut
1825 2052 1887 2121 illa
1903 2054 2065 2122 miranda
2081 2066 2218 2146 specta-

169 2158 347 2246 integrum
373 2153 508 2225 Graece
529 2181 592 2226 sua
615 2180 724 2226 manu
751 2156 1008 2248 elegantissime
1034 2157 1166 2227 descri-
1216 2158 1293 2227 cula
1319 2168 1482 2228 motuum
1505 2154 1709 2225 coelestium
1734 2155 1866 2224 frustra
1891 2156 2003 2224 oculis
2025 2150 2216 2229 homiuum

169 2259 251 2351 psit,
272 2281 378 2350 quem
388 2255 556 2328 Codicem
571 2254 662 2328 mihi
677 2254 879 2331 Schonerus
895 2260 989 2330 inter
1004 2260 1072 2329 alia
1090 2258 1165 2329 eius
1215 2260 1395 2352 proposita
1413 2281 1498 2338 esse,
1525 2272 1587 2328 aut
1603 2256 1803 2327 doctrinam
1821 2257 1985 2328 inutilem
2005 2280 2078 2328 esse
2095 2258 2215 2329 existi·

169 2373 400 2431 monumenta
436 2362 658 2431 monstravit.
709 2358 757 2433 Et
790 2376 1066 2433 cousentaneum
1103 2376 1165 2447 est,
1215 2386 1370 2432 memus:
1403 2362 1464 2431 sed
1491 2384 1572 2430 vere
1594 2358 1765 2444 sciamus,
1793 2372 1827 2428 et
1851 2361 2016 2429 ordinem
2039 2373 2216 2443 motuum,

167 2463 255 2531 tales
272 2461 378 2542 viros,
396 2462 459 2555 qui
474 2463 609 2555 ubique
621 2463 767 2553 vestigia
783 2464 980 2536 divinitatis
995 2464 1163 2555 impressa
1215 2477 1249 2534 et
1276 2464 1475 2536 doctrinam
1503 2463 1635 2553 ipsam,
1676 2462 2036 2532 commonefactioues
2065 2485 2139 2532 esse
2170 2465 2216 2534 de

167 2587 287 2633 rerum
303 2578 452 2634 naturae
468 2565 608 2645 vident,
635 2579 668 2635 et
688 2579 833 2658 propter
857 2567 1094 2638 eruditionem
1111 2579 1164 2635 at·
1215 2563 1309 2651 Deo,
1336 2580 1370 2636 et
1390 2564 1589 2635 doctrinam
1613 2563 1736 2633 multis
1759 2564 1876 2632 modis
1899 2559 2215 2655 prodessehomi-

168 2679 265 2736 tente
278 2666 515 2751 considerant,
539 2663 594 2736 his
610 2667 821 2738 testimoniis
835 2670 939 2740 valde
953 2668 1105 2739 moveri:
1131 2681 1164 2737 et
1214 2693 1302 2738 num
1328 2669 1440 2753 vitae,
1477 2668 1573 2761 quod
1603 2665 1642 2735 in
1668 2666 1846 2752 numeris,
1878 2664 1916 2733 in
1941 2666 2140 2753 metiendo,
2175 2666 2214 2739 in

95 2822 100 2833 .
168 2768 280 2838 multo
296 2767 431 2838 firmius
449 2781 625 2853 statuant,
650 2765 939 2845 huncmuudum
957 2772 1002 2841 ab
1020 2783 1162 2840 aeterna
1214 2771 1301 2840 anni
1321 2771 1460 2840 ratione
1487 2782 1520 2838 ct
1545 2767 1747 2859 cognitione
1771 2769 1860 2840 situs
1886 2767 2075 2858 regionum
2095 2769 2215 2840 maui-

167 2883 285 2940 mente
299 2865 577 2939 architectatrice
591 2871 775 2940 conditum
793 2895 885 2957 esse,
909 2887 945 2943 et
960 2872 1164 2963 gubernari,
1214 2875 1301 2944 feste
1316 2885 1473 2966 apparet.
1525 2869 1622 2945 Dixi.

167 2996 274 3066 quam
293 2971 384 3040 alios
404 2966 586 3053 homiues,
610 2971 746 3039 alienos
761 2972 806 3039 ab
826 2966 895 3041 hoc
911 2974 1029 3042 studio
1046 2974 1157 3043 consi-

166 3071 319 3154 derandi
339 3084 411 3140 tam
428 3070 540 3138 multa
561 3084 596 3141 et
618 3071 769 3140 illustria
789 3072 933 3163 vestigia
948 3071 1016 3143 Dei
1040 3074 1078 3142 in
1098 3099 1163 3143 na-

165 3188 258 3246 tura.
310 3167 488 3263 Equidem
516 3192 620 3264 saepe
648 3184 724 3243 toto
757 3197 907 3267 corpore
939 3171 1162 3256 cohorresco,
1213 3171 1281 3244 No.
1301 3167 1386 3244 104.
2011 3171 2215 3259 (massas)

166 3276 367 3369 quodcum
391 3286 464 3343 tam
478 3274 602 3345 multis
617 3275 830 3346 testimoniis
845 3278 1027 3349 verissime
1042 3290 1162 3348 osten·
1223 3262 1397 3296 Μ
1599 3352 1608 3372 ο
1651 3288 1662 3300 ‘
1776 3353 1786 3374 .
1945 3327 1948 3335 ·
2031 3264 2205 3297 Μ

166 3379 229 3448 dat
241 3376 341 3447 Deus
358 3396 395 3444 se
412 3396 521 3466 prope
542 3378 681 3466 adesse,
708 3389 742 3451 et
757 3391 987 3470 spectatorem
1006 3404 1046 3450 ae
1067 3379 1162 3450 iudi
1347 3381 1349 3385 ’
1454 3352 1531 3436 DC
1559 3361 1660 3435 77550
1686 3349 1969 3444 ΑΜΘΜΜ

165 3502 241 3550 sem
255 3500 329 3550 esse
341 3475 504 3547 omnium
521 3492 724 3551 nostrarum
740 3481 937 3553 actionum:
962 3494 1080 3553 lamen
1098 3504 1313 3573 pe-1n
1328 3510 1420 3567 „1201
1431 3506 1512 3565 1200}
1524 3508 1558 3563 τ
1573 3508 1621 3566 ιιι
1640 3508 1814 3580 sarman,
1834 3508 1953 3568 serven
1974 3508 2072 3566 ‘rm
2093 3529 2120 3584 p
2112 3510 2212 3584 359

164 3595 261 3652 ctora
283 3593 403 3651 nostra
426 3579 630 3669 languidius
648 3605 731 3652 eum
752 3596 936 3669 metuunt,
960 3599 996 3656 et
1014 3608 1160 3654 nonar
1315 3580 1397 3635 66Τ·
1410 3581 1458 3635 176
1476 3578 1588 3634 uetera.
1607 3578 1685 3642 ¹¹¹·¹
1703 3576 1730 3633 5·
1749 3588 1776 3632 ‘¹
1794 3579 1867 3650 ³9³⁶
1884 3579 2015 3637 Rimata.
2029 3578 2092 3637 ΤΛ·
2112 3549 2212 3653 ι·567·

164 3685 252 3755 deut
275 3680 455 3752 fiducia
424 3704 510 3752 erus.
561 3681 718 3776 Quaqua
741 3696 778 3752 te
796 3685 905 3754 vertis
930 3684 970 3753 in
994 3679 1060 3753 hae
1087 3698 1160 3755 tota

164 3809 283 3857 renam
298 3798 444 3869 natura,
469 3783 527 3852 vel
542 3784 633 3854 coelr
645 3785 807 3875 liguram
833 3799 951 3857 motus
966 3797 1000 3855 et
1014 3781 1160 3855 harmo-

96 3900 102 3911 “
164 3890 262 3959 niam
286 3909 367 3957 cum
397 3885 580 3955 elementis
599 3887 848 3970 considerans,
880 3888 936 3957 vel
960 3888 1159 3958 mirandam

162 4005 274 4063 artem
290 3989 330 4059 in
344 3987 487 4082 opibeio
503 3990 615 4059 nostri
631 3989 790 4109 eorporis
816 4002 851 4061 et
878 4002 993 4061 terrae
1013 3991 1161 4060 foecun-
1212 3975 1392 4064 Universa
1407 3981 1493 4056 haec
1514 4009 1633 4057 rerum
1651 3998 1778 4059 natura
1803 3987 2008 4061 mirandum
2030 3984 2213 4064 theatrum

164 4091 337 4163 ditatam·
326 4105 500 4180 rutnans,
517 4092 640 4162 ordo
628 4116 667 4160 m
686 4090 855 4162 omuibus
876 4093 984 4162 rebus
1006 4091 1159 4162 clamitat
1211 4105 1280 4175 est,
1306 4088 1344 4159 iu
1362 4114 1434 4184 quo
1450 4082 1598 4159 selleus
1611 4090 1787 4211 conspici,
1812 4105 1847 4163 et
1868 4114 2028 4184 expressa
2048 4093 2211 4166 testimo·

165 4214 240 4262 esse
261 4207 416 4264 mentem
435 4208 614 4266 aeternam
635 4186 960 4270 architectatricem.
1010 4189 1059 4265 Et
1074 4187 1160 4263 haec
1210 4193 1271 4263 nia
1293 4212 1375 4263 snae
1399 4190 1634 4286 praesentiae,
1664 4192 1878 4285 sapientiae,
1904 4195 2096 4282 bonitatis,
2121 4216 2210 4268 cona

163 4297 471 4384 agnoscendam,
496 4311 538 4367 ut
553 4315 589 4367 se
604 4297 643 4366 in
657 4292 814 4367 Ecclesia
828 4296 1001 4389 patefecit.
1049 4292 1161 4385 Quod
1210 4272 1359 4366 siderari
1383 4295 1509 4367 voluit.
1568 4288 1653 4366 ideo
1676 4307 1809 4367 tantam
1833 4297 2039 4370 varietatem
2061 4298 2179 4370 artis
2166 4318 2210 4370 tn

164 4421 245 4467 eum
265 4394 388 4467 fecerit
408 4395 734 4488 Regiomontanus,
758 4420 856 4469 nunc
881 4422 960 4469 eum
981 4397 1159 4470 existime·
1209 4398 1490 4483 eonstructioue,
1525 4397 1775 4483 collocatione,
1807 4399 1949 4489 liguris,
1980 4402 2137 4473 motibus
2170 4415 2209 4475 et

163 4520 243 4568 mus
268 4498 362 4567 etin
387 4498 466 4590 ipso
484 4496 563 4570 Deo
587 4524 732 4573 cernere
753 4501 871 4572 ideam
894 4503 1002 4573 totius
1019 4503 1159 4587 muudi,
1210 4502 1366 4593 viribus,
1391 4452 1629 4573 architectus
1618 4519 1810 4572 immensae
1823 4498 2016 4594 sapientiae
2029 4499 2208 4594 adhibuit,

163 4613 198 4670 et
213 4621 346 4685 causas,
371 4595 440 4670 hoc
455 4604 561 4672 modo
577 4606 698 4674 omnia
713 4604 857 4676 condita
872 4603 961 4675 siut:
988 4617 1023 4675 et
1038 4627 1158 4674 coram
1209 4618 1250 4677 nt
1271 4604 1374 4677 fateri
1401 4616 1611 4694 cogerentur
1633 4597 1811 4674 humanae
1835 4618 1992 4686 mentes,
2027 4600 2096 4676 hoc
2123 4608 2205 4699 pul·

162 4701 317 4794 aspicere
345 4701 509 4772 coelestia
536 4725 704 4795 corpora,
736 4721 768 4777 et
791 4730 895 4828 saepe
925 4730 1007 4777 eum
1034 4706 1159 4798 primis
1208 4701 1427 4777 cherrimum
1438 4705 1622 4797 opificium
1634 4728 1708 4774 non
1726 4729 1807 4776 casu
1826 4708 2019 4778 conflatum
2036 4730 2121 4794 esse,
2144 4710 2206 4780 sed

161 4805 322 4897 patribus
346 4806 391 4873 de
414 4805 622 4875 inventione
646 4802 772 4878 harum
796 4810 925 4881 artium
942 4823 977 4880 et
998 4809 1156 4900 ipsorum
1209 4833 1290 4879 vere
1316 4830 1390 4877 csse
1412 4820 1567 4878 mentem
1591 4801 1923 4878 architectatricem.
1950 4814 1985 4881 el
2004 4809 2205 4883 firmissima

161 4904 487 4991 observationibus,
512 4921 682 5001 tanquam
705 4904 1003 5008 συμφιλοσόφοις
1025 4910 1158 4982 duleis·
1208 4910 1420 4980 adsensione
1442 4920 1653 4992 statuerent,
1687 4904 1772 4981 huic
1795 4911 1907 4982 menti
1931 4905 2204 4985 architectatriei

160 5010 249 5080 sime
263 5009 440 5103 colloqui,
463 5022 497 5079 et
512 5005 627 5080 Deum
641 5023 801 5082 autorem
818 5016 1005 5089 celebrare.
1207 5026 1372 5106 oportere
1388 5007 1553 5083 homines
1568 5010 1748 5083 subiectos
1760 5030 1853 5100 esse,
1878 5024 1917 5085 et
1933 5032 2049 5086 mores
2071 5016 2208 5087 nostris

260 5106 522 5182 Bibliothecam
551 5137 635 5184 vero
665 5110 942 5205 Regiomontani
965 5114 1156 5188 Walterns
1207 5137 1402 5237 congruere
1428 5127 1591 5207 oportere
1622 5115 1668 5183 ad
1695 5115 1794 5185 illam
1823 5129 2002 5188 aeternam
2028 5140 2204 5205 normam,

160 5213 332 5284 illectus
346 5214 634 5305 Norabergcnsas
660 5218 705 5287 de
722 5241 793 5310 quo
817 5232 920 5290 antea
936 5221 1028 5306 dun
1054 5221 1156 5288 rede·
1206 5232 1362 5314 quaeest
1377 5242 1415 5287 ιιι
1432 5242 1510 5310 apso
1525 5216 1721 5304 conditore
1747 5243 1809 5313 qut
1825 5236 1909 5291 suae
1925 5221 2013 5292 lucis
2029 5221 2202 5290 radrosrn

159 5317 243 5402 mit,
270 5342 340 5410 quo
362 5330 506 5390 mortuo
532 5335 676 5392 senatus
698 5320 878 5390 adservari
901 5323 1071 5417 reliquias
1092 5347 1153 5391 cu·
1206 5346 1272 5391 uos
1291 5320 1501 5406 transfudit,
1524 5335 1558 5392 et
1579 5319 1694 5411 ipsum
1720 5323 1942 5396 conditorem
1966 5322 2060 5392 veris
2082 5323 2201 5394 laudi-

159 5421 268 5493 ravit:
294 5443 335 5491 ex
351 5421 539 5557 quibus'
504 5446 560 5492 var
577 5424 806 5494 doctissimus
818 5416 1022 5495 Schonerus
1044 5448 1154 5520 quae·
1207 5425 1274 5495 bus
1293 5424 1546 5496 celebrandum
1565 5445 1652 5494 esse.

1226 3062 1353 3074 -αα

1212 3744 1342 3814 Oratio
1369 3737 1418 3813 de
1442 3745 1524 3812 otta
1552 3739 1846 3829 Antonianae,
1888 3761 1913 3812 c
1936 3742 2049 3814 noes.
2075 3738 2212 3815 torota

1525 3839 1697 3914 Milichie
1723 3844 1899 3916 recitata.
