4732 6030
130 193 214 271 ’629
698 174 869 260 DECL·
906 177 984 259 DE
1016 177 1357 260 DlGNlTATE
1389 180 1614 259 LEGUM.
2103 192 2179 265 mo

132 368 209 452 dia,
234 389 306 460 quo
324 362 438 435 maius
448 356 632 449 impendet
645 354 863 446 perieulum,
888 367 928 426 ut
945 354 1007 447 qui
1024 366 1129 424 eruut
1179 351 1277 425 Haec
1300 379 1343 427 eo
1363 355 1548 445 cogitanda
1571 370 1673 435 sunt,
1707 356 1789 448 quia
1816 373 1909 429 certe
1933 354 2090 432 hominis
2109 380 2171 450 est,

137 468 348 560 superstites,
373 459 629 555 possessionem
647 457 788 541 artium,
812 480 901 548 quae
914 457 1007 526 vitae
1023 456 1127 527 utiles
1176 458 1222 529 ad
1250 480 1337 549 quas
1360 470 1469 526 metas
1492 457 1562 526 vita
1586 459 1770 545 dirigenda
1788 460 1851 545 sit,
1877 475 1912 532 et
1936 468 2113 555 quomodo
2130 467 2168 536 i„

135 584 231 655 sunt,
256 569 441 639 retineant.
474 559 626 633 Etiamsi
640 560 761 629 fatales
777 583 910 647 poenae
925 558 1127 649 oppriment
1178 559 1286 628 tantis
1313 558 1480 629 fluctibus
1504 562 1676 646 regenda,
1709 562 1879 631 mediocri
1907 568 2057 656 quadam
2084 569 2168 638 dili-

135 673 308 741 mundum
333 681 478 759 propter
499 661 695 755 Epicureos
717 662 873 746 sutores,
899 660 1016 744 idola,
1042 657 1126 729 libi·
1177 661 1293 748 gentis
1310 662 1520 751 prospicere.
1573 659 1668 730 Dixi.

134 775 234 843 dines
257 787 292 844 et
313 771 382 841 alia
400 765 552 857 flagitia,
576 777 694 837 tamen
715 775 810 832 certo
830 764 960 831 scimus
981 784 1125 830 mansu-

134 899 209 946 ram
231 898 304 944 esse
321 870 515 943 Ecclesiam
531 865 615 950 Dei,
638 879 673 935 et
689 865 832 956 quidem
848 865 885 933 in
909 859 975 932 hae
997 862 1125 931 ultima

127 978 260 1047 muudi
274 987 409 1045 senecta
423 973 578 1040 futuram
596 979 797 1055 angustam,
823 980 856 1035 et
873 965 1042 1035 servitute
1058 988 1124 1055 op-

128 1102 308 1171 pressam,
335 1077 393 1149 sed
408 1093 610 1141 mansuram
627 1082 757 1137 tamen.
1174 1057 1242 1130 No.
1268 1053 1330 1130 75.
1963 1088 2013 1133 an.
2045 1070 2138 1137 1543,

234 1177 370 1250 Nervos
397 1176 505 1264 igitur
531 1185 636 1263 atque
657 1180 864 1239 ornamenta
891 1180 1012 1237 noster
1033 1169 1122 1236 ordo
1175 1155 1314 1183 Μ

132 1281 298 1365 retineat,
325 1303 394 1372 qua
410 1279 449 1345 in
464 1300 502 1344 re
517 1269 583 1343 hac
597 1270 701 1341 etiam
718 1269 961 1339 consolatione
975 1293 1036 1337 vos
1052 1267 1122 1337 eri·
1401 1258 1477 1341 De
1506 1258 1741 1368 dignitate
1766 1262 1938 1370 legum.

128 1384 226 1472 glle,
250 1382 345 1474 q¹²⁰d
363 1378 430 1449 elsi
452 1379 521 1446 lale
545 1387 721 1462 &msam
741 1371 858 1441 rabies
872 1368 1042 1449 Tumioe'
1067 1382 1122 1439 ω’
1241 1428 1274 1484 lu
1288 1428 1437 1485 Deelsmst.
1454 1427 1489 1483 Τ.
1507 1427 1527 1483 Ι.
1564 1428 1664 1485 .98οε
1685 1447 1724 1500 q.‚
1749 1428 1777 1483 in
1797 1430 1915 1488 Servest.
1929 1432 1962 1488 T.
1980 1431 1999 1487 Ι.
2019 1451 2046 1503 p.
2059 1437 2108 1490 241
2138 1447 2165 1492 et

63 1597 64 1600 Ἴ
128 1508 214 1554 'men
239 1483 401 1577 quintam
417 1470 665 1549 M⁰⁰³lrcl¹l³m
688 1495 762 1542 ⁰⁰¹²
785 1470 986 1588 conffliluel·
1037 1468 1119 1540 N⁰n
1274 1499 1346 1581 apud
1360 1497 1488 1556 Richard.
1501 1447 1579 1552 T.ll.
1592 1516 1620 1568 p.
1632 1447 1693 1552 dil.
1729 1497 1829 1552 Eadem
1846 1502 1936 1554 oratio
1951 1503 2163 1572 legituriterum

130 1608 254 1656 omnes
269 1585 309 1653 in
321 1580 465 1671 Europa
490 1590 610 1668 gentes
632 1571 717 1645 haec
736 1573 914 1643 baa-hanes
934 1571 1120 1663 opprimet,
1219 1631 1222 1636 ¹
1273 1566 1620 1624 rnTomolV.Deelsmat.
1649 1567 1794 1623 Vidisses
1808 1584 1853 1620 sn.
1872 1571 1948 1626 1556.
1966 1573 2020 1628 No.
2036 1575 2095 1631 15⁰.

130 1689 191 1756 sed
215 1681 308 1755 nihil
330 1687 375 1754 de
397 1680 558 1772 imperiis
579 1677 715 1761 dicam,
739 1675 815 1747 Deo
834 1675 950 1762 potius
968 1671 1120 1742 Germa·
1344 1731 1353 1747 ,
1487 1731 1494 1748 ,
1551 1731 1559 1747 ,

129 1788 228 1861 niam
247 1799 405 1859 nostram
425 1781 655 1865 commendo,
688 1778 744 1847 cui
769 1777 807 1846 in
835 1771 901 1847 hac
924 1774 1120 1845 calamitate
1245 1730 1374 1799 &⁰²⁸⁰
1391 1725 1438 1798 ‘le
1455 1725 1642 1824 ‘limat‘
1660 1727 1796 1824 Qum·
1828 1730 2087 1806 MDJLHI·

127 1891 198 1960 iam
211 1884 306 1982 proh
319 1888 426 1958 dolor
440 1882 547 1955 nimis
568 1904 649 1953 vere
670 1877 834 1966 congruit
846 1876 1033 1946 Almaniae
1053 1899 1120 1945 no·
1170 1859 1355 1942 Usitatum
1370 1887 1422 1943 est
1437 1867 1505 1942 hoc
1518 1873 1597 1944 loco
1625 1887 1659 1944 et
1683 1873 1723 1942 in
1736 1869 1795 1945 his
1805 1880 2012 1966 spectaculis
2026 1881 2163 1973 aliquid

127 2015 223 2066 men.
274 1989 364 2060 Nam
382 1984 535 2057 Almana
548 1979 697 2052 Ebraeis
715 1980 819 2079 vidua
832 1989 895 2048 est.
1170 1975 1215 2042 de
1232 1972 1348 2062 legum
1363 1973 1533 2063 dignitate
1547 1974 1676 2059 dicere,
1701 1978 1745 2045 ad
1763 2000 1914 2069 quarum
1929 1984 2162 2053 reverentiam

229 2088 366 2159 Verum
392 2110 518 2155 revoco
551 2106 626 2166 me,
660 2084 707 2149 de
732 2075 889 2147 Ecclesia
914 2077 1119 2166 cogitemus,
1171 2086 1263 2143 certe
1280 2075 1423 2144 excitari
1445 2071 1608 2145 homines
1627 2077 1779 2146 maxime
1793 2080 1946 2168 prodest.
1997 2079 2074 2153 Etsi
2099 2109 2163 2154 au·
2227 2066 2232 2073 ¹

128 2186 221 2261 hane
254 2191 360 2260 etiam
386 2188 486 2280 siqua
520 2183 586 2255 erit
613 2181 863 2272 imperitorum
890 2178 1120 2270 perturbatio,
1170 2190 1239 2246 tem
1258 2189 1293 2246 et
1308 2198 1371 2264 ego
1387 2177 1431 2245 de
1447 2178 1572 2247 eodem
1596 2193 1804 2266 argumento
1821 2181 1938 2251 dicere
1960 2185 2082 2274 cupio,
2108 2201 2163 2257 aa.

128 2315 331 2362 mansuram
347 2311 420 2360 esse
441 2288 601 2357 sciamus.
652 2281 748 2352 Huic
765 2281 902 2350 serviat·
911 2295 1030 2352 nostra
1049 2279 1120 2347 mi·
1169 2300 1252 2346 men
1268 2301 1347 2370 quo
1369 2278 1509 2368 saepius
1529 2281 1575 2348 de
1598 2280 1779 2371 imperiis,
1811 2284 1855 2352 de
1871 2285 1964 2353 vitae
1985 2289 2161 2375 guberna.

124 2393 216 2474 titia,
237 2407 382 2483 propter
396 2385 489 2459 hanc
503 2387 716 2455 retineamus
729 2382 912 2453 doetrinae
927 2381 1121 2474 possessio·
1170 2379 1282 2464 tione,
1309 2382 1352 2448 de
1369 2380 1506 2469 legibus
1520 2394 1555 2451 et
1573 2380 1732 2462 iudiciis,
1759 2401 1949 2474 quaesunt
1970 2390 2070 2457 nervi
2096 2412 2161 2477 gu.

125 2518 222 2579 nem,
246 2509 284 2564 nt
302 2495 463 2562 fecerunt
476 2491 515 2558 in
531 2487 635 2559 exilio
652 2479 845 2556 Chaldaico
859 2480 1000 2568 Daniel,
1021 2481 1120 2571 Hag-
1169 2481 1405 2565 bernationis,
1432 2483 1699 2573 tranquillitatis
1726 2497 1761 2553 et
1780 2484 2008 2576 disciplinae,
2035 2490 2161 2578 cogito,

126 2619 244 2687 gaeon,
270 2589 470 2675 Zacharias,
495 2603 529 2660 ει
546 2588 652 2658 multi
665 2586 798 2656 similes
811 2585 881 2654 viri
897 2586 1004 2656 docti.
1039 2581 1118 2655 Etsi
1168 2606 1210 2650 eo
1235 2577 1327 2651 mihi
1346 2583 1526 2652 difficilius
1548 2598 1599 2653 est
1619 2584 1747 2671 eligere
1763 2609 1803 2654 er
1821 2599 1916 2656 tanta
1932 2590 2026 2657 mole
2040 2615 2160 2661 rerum

127 2710 220 2768 certa
240 2699 340 2767 sedes
356 2692 534 2765 Ecclesiae
557 2714 631 2759 uon
655 2702 706 2759 est
729 2688 768 2757 in
790 2687 967 2779 imperiis,
1001 2699 1118 2757 tamen
1168 2686 1263 2776 quod
1281 2685 1407 2754 dicam.
1459 2682 1620 2754 Primum
1636 2684 1732 2754 euim
1750 2709 1855 2778 quam
1872 2689 2015 2759 difficile
2037 2705 2088 2762 est
2103 2716 2160 2762 re-

123 2793 194 2871 hoc
210 2799 414 2891 promittere
430 2794 499 2887 piis
514 2791 742 2880 Principibus
760 2812 919 2879 possum,
947 2789 1119 2878 tantisper
1167 2787 1340 2878 spondete
1355 2783 1550 2879 Cyelopum
1569 2799 1603 2856 et
1619 2783 1878 2857 Centaurorum
1896 2790 2071 2879 opinioni,
2096 2792 2160 2884 qui

124 2902 211 2971 dum
229 2902 269 2971 in
284 2897 350 2971 hac
366 2897 511 2989 cymba,
536 2893 654 2973 idest,
679 2889 717 2957 in
735 2885 891 2959 Ecclesia
908 2903 1025 2973 erunt,
1048 2890 1118 2957 im·
1166 2888 1206 2955 in
1225 2902 1319 2957 tanta
1335 2889 1544 2958 confusione
1560 2907 1677 2957 rerum
1694 2883 1943 2976 humanarum,
1962 2887 2029 2962 hoc
2046 2907 2157 2963 totum

124 3004 225 3094 peria
243 3023 366 3069 eorum
382 3015 550 3064 mansura
565 3014 649 3062 esse.
683 2988 754 3058 Sed
770 2989 832 3080 qui
847 2989 940 3057 hanc
956 2991 1117 3082 cymbam
1167 2993 1262 3083 quod
1292 3013 1456 3058 vocamus
1488 2990 1619 3077 legem,
1659 3003 1692 3060 et
1722 2991 1901 3080 politicam
1929 2996 2158 3084 sapientiam,

126 3102 313 3182 excutient,
334 3097 397 3188 qui
411 3093 606 3163 vastitatem
620 3089 660 3156 in
674 3085 842 3159 Ecclesiis
859 3112 921 3158 sua
935 3090 1119 3179 negligen·
1166 3091 1291 3161 dicunt
1305 3090 1413 3159 inane
1436 3114 1568 3160 nornen
1591 3113 1681 3175 esse,
1707 3093 1744 3158 vi
1767 3106 1801 3162 et
1817 3094 1925 3161 armis
1942 3096 2020 3186 rapi
2044 3096 2158 3189 impe.

125 3205 176 3274 tia
190 3201 340 3282 facient,
365 3209 404 3267 ut
419 3193 554 3265 faciunt
574 3191 753 3283 plerique,
779 3190 842 3283 qui
862 3191 979 3261 studia
995 3192 1117 3262 litera·
1166 3191 1240 3275 ria,
1265 3205 1298 3262 et
1320 3192 1395 3281 regi
1418 3191 1576 3262 arbitriis
1599 3207 1785 3283 potentum
1808 3193 1978 3283 tantisper
1995 3199 2082 3265 dum
2105 3212 2157 3268 te-

125 3326 207 3374 rum
224 3298 380 3387 extingui
403 3297 539 3378 sinent,
563 3288 602 3362 hi
624 3293 771 3362 audiant
787 3287 850 3360 has
866 3292 997 3362 minas:
1023 3289 1116 3362 Ecce
1165 3306 1307 3365 nentur.
1358 3291 1448 3363 Nam
1473 3307 1515 3363 ut
1535 3307 1652 3362 vetera
1676 3296 1834 3384 exempla
1862 3296 2043 3383 omittam,
2067 3300 2156 3390 quid

122 3403 221 3476 oculi
235 3398 305 3472 Dei
320 3422 425 3490 super
441 3419 589 3485 reguum
613 3417 779 3485 peccans,
803 3405 838 3462 et
859 3394 992 3462 delebit
1012 3394 1115 3465 illud.
1165 3391 1316 3464 Turrita
1340 3395 1521 3464 harbaries
1541 3395 1632 3464 ullas
1655 3395 1747 3483 leges
1770 3396 1894 3465 curat?
1926 3397 2157 3488 Progreditur

122 3505 240 3578 Addit
270 3515 387 3573 sutem
421 3491 600 3587 Propheta
632 3498 782 3565 eandem
817 3495 1116 3580 consolationem,
1163 3497 1260 3587 quod
1293 3509 1409 3586 potest
1440 3509 1474 3565 et
1500 3496 1536 3564 vi
1563 3497 1739 3587 oppressis
1764 3497 1916 3587 imperat
1940 3524 2030 3593 quae
2056 3503 2155 3574 libet.

124 3629 231 3703 quam
253 3605 358 3675 toties
379 3600 450 3670 iam
463 3596 640 3677 recensui,
666 3599 725 3663 sed
744 3594 849 3664 lacoh
873 3596 1006 3687 inquit:
1031 3595 1114 3665 Non
1162 3597 1259 3667 Ante
1279 3612 1420 3668 centum
1437 3590 1479 3691 ⁴)
1502 3621 1615 3665 annos
1630 3595 1959 3688 Constantinopolis
1977 3603 2156 3673 florentis-

122 3711 269 3790 deleho,
303 3704 366 3775 etsi
388 3716 428 3773 ut
447 3698 605 3770 triticum
626 3697 664 3763 in
684 3696 802 3765 cribro
823 3697 1041 3779 concutiam,
1074 3721 1114 3765 ac
1162 3697 1250 3764 sima
1276 3695 1396 3768 schola
1418 3700 1488 3767 fuit
1515 3713 1715 3768 nostrarum
1741 3699 1875 3788 legum:
1909 3727 2004 3772 nunc
2028 3708 2153 3795 procul

121 3810 292 3905 purgabo·
345 3799 381 3873 0
405 3801 513 3871 miras
533 3797 786 3888 descriptiones
804 3808 838 3865 et
855 3796 1026 3885 imagines
1042 3794 1114 3866 Ec·
1163 3799 1263 3886 pulsa
1279 3794 1343 3869 hac
1360 3800 1534 3882 doctrina,
1555 3800 1674 3867 omnia
1690 3801 1797 3870 unius
1813 3805 1954 3893 tyranni
1970 3822 2070 3887 nutu,
2092 3821 2152 3875 aut

121 3914 266 3995 elesiae,
299 3904 503 3999 praesertim
532 3899 647 3969 nostri
673 3897 860 3998 temporis,
892 3922 981 3991 quae
1015 3893 1113 3968 haud
1162 3900 1305 3969 barbari
1326 3898 1476 3968 alicuius
1496 3902 1596 3968 ducis
1624 3914 1805 3988 reguntur.
1865 3901 1923 3970 Sic
1948 3927 2025 3972 cum
2055 3907 2153 3976 orbi,

15 4038 22 4045 '
123 4017 232 4086 dubie
247 4008 446 4103 propositae
462 4016 556 4086 sunt,
581 4002 626 4069 ad
642 3999 922 4092 praemonendus
934 4014 967 4070 et
983 3999 1112 4068 confir·
1162 4013 1336 4068 terrarum
1358 3999 1612 4070 dilaceraretur
1635 4002 1680 4068 ab
1705 3998 1897 4071 Alexandri
1933 4007 2154 4094 satellitibus,

124 4117 273 4186 mandos
293 4114 390 4203 pios,
415 4109 454 4177 iu
474 4101 532 4173 his
551 4102 636 4193 ipsis
659 4101 842 4192 periculis,
869 4124 958 4193 quae
979 4100 1049 4168 iarn
1066 4101 1113 4170 ob
1162 4123 1251 4192 quae
1267 4100 1319 4169 ibi
1335 4101 1451 4190 legum
1465 4125 1543 4180 vox,
1564 4125 1654 4193 quae
1668 4103 1829 4172 doctrina
1845 4105 1987 4195 politica
2001 4132 2150 4200 usquam

123 4216 246 4287 oculos
261 4225 456 4283 versantur.
495 4206 579 4276 Non
596 4217 648 4272 est
663 4203 829 4291 ignavum
848 4225 973 4292 agmen
988 4195 1113 4271 Eccle-
1161 4202 1394 4273 audiebatur?
1443 4199 1532 4272 Cum
1554 4204 1664 4292 igitur
1676 4205 1786 4295 magis
1801 4207 1900 4275 rabie
1914 4221 2150 4301 tyrannorum

122 4322 192 4402 sia,
217 4318 278 4386 sed
299 4312 465 4400 intelligit
480 4309 547 4379 sibi
572 4308 610 4375 in
624 4301 692 4375 hac
707 4305 777 4373 vita
794 4326 981 4372 aerumnas
996 4305 1113 4378 omnis
1161 4318 1195 4374 et
1210 4304 1367 4376 arbitriis
1388 4317 1572 4395 potentum
1594 4307 1714 4375 omnia
1735 4322 1924 4396 gerantur,
1950 4312 2030 4403 quis
2053 4313 2151 4382 locus

124 4417 262 4513 generis
285 4415 481 4508 propositas
506 4432 596 4493 esse,
626 4422 661 4478 et
684 4421 801 4476 tamen
822 4405 965 4473 interim
979 4405 1112 4476 doctri·
1160 4418 1213 4504 est
1229 4408 1421 4498 sapientiae
1448 4422 1483 4479 et
1506 4422 1647 4479 nostrae
1668 4410 1831 4497 politicae
1844 4411 1936 4480 arri?
1965 4411 2038 4482 Nec
2056 4416 2150 4485 enim

124 4547 191 4592 nae
207 4517 462 4613 possessionem
478 4514 644 4583 tuendam
662 4533 753 4593 esse,
777 4531 842 4576 nec
865 4507 1112 4595 abnuendam,
1160 4509 1250 4578 illud
1276 4511 1543 4600 imaginandum
1568 4523 1639 4596 εει,
1670 4525 1827 4581 nostram
1858 4527 1968 4585 artem
1997 4516 2149 4584 similem

122 4637 470 4718 PmPleffflssnfflum
485 4613 627 4683 excidia·
1159 4635 1232 4681 esse
1256 4612 1422 4693 militari,
1448 4636 1538 4703 quae
1559 4637 1656 4682 nunc
1677 4611 1857 4693 hostibus,
1890 4638 1985 4684 nunc
2014 4618 2150 4686 civibus

214 4723 335 4812 Quare
351 4719 488 4787 animos
500 4726 633 4781 vestros
648 4714 849 4782 confirmate
864 4711 995 4780 divinis
1010 4734 1112 4801 prae·
1159 4715 1288 4793 servit,
1314 4727 1349 4782 et
1362 4713 1531 4804 utrinque
1545 4707 1609 4807 *ἢ
1631 4714 1770 4782 iniustis
1788 4716 2040 4803 cupiditatibus
2065 4743 2149 4810 ope-

121 4824 401 4903 monitionibus,
427 4813 619 4886 incumbite
634 4814 672 4880 in
689 4815 805 4884 studia
820 4814 987 4883 salutaria
1007 4814 1109 4894 vitae,
1159 4841 1234 4885 ram
1249 4816 1352 4886 locat.
1394 4811 1475 4882 Alia
1492 4837 1547 4882 res
1562 4829 1613 4883 est
1630 4810 1714 4882 haee
1730 4816 1871 4905 politica
1888 4841 1961 4902 ars,
1986 4843 2046 4889 seu
2062 4822 2150 4889 iuris

123 4948 158 5003 et
178 4927 343 4999 militiam
360 4917 450 4990 hane
472 4941 546 4985 non
564 4913 678 4983 solum
699 4929 832 5003 gratam
854 4939 927 4984 esse
945 4915 1019 4985 Deo
1040 4928 1110 4987 sta·
1159 4916 1332 5000 doctrina,
1348 4940 1521 5008 nusquam
1540 4916 1656 4985 locum
1673 4912 1793 4996 habet,
1815 4919 1884 4986 nisi
1901 4920 1940 4987 in
1957 4924 2149 5015 tranquilla

121 5035 228 5114 luite,
255 5029 315 5097 sed
333 5024 435 5093 ellam
452 5019 496 5093 ab
512 5016 741 5088 eo'adiuvari,
791 5014 867 5086 Hac
881 5042 942 5108 spe
959 5017 989 5087 si
1011 5031 1110 5106 pete
1159 5017 1315 5103 civitate,
1341 5020 1428 5089 etin
1445 5042 1486 5087 eo
1504 5019 1669 5104 consilio,
1696 5021 1791 5110 quod
1808 5023 1850 5089 ad
1868 5047 2027 5094 normam
2047 5025 2148 5094 iusti-

123 5138 168 5207 tis
181 5132 369 5207 auxilium,
395 5132 619 5199 certumst,
642 5141 715 5186 non
732 5119 806 5187 sore
830 5120 950 5188 irritos
973 5121 1110 5187 labores

121 5254 275 5315 VCSlPOSa
314 5232 375 5298 sed
404 5226 572 5295 salulares
598 5220 700 5287 v⁰bl⁸
732 5233 767 5287 el
791 5220 886 5303 allis,
926 5247 996 5313 ql¹⁰
1024 5223 1109 5313 qultl
1193 5262 1225 5326 ‘l‘)
1244 5261 1343 5316 Testus
1360 5263 1387 5316 in
1403 5262 1483 5316 Tom.
1496 5259 1543 5312 lV.
1558 5260 1653 5314 habet:
1672 5271 1861 5316 anteceniam
1878 5275 1904 5317 el
1917 5275 1974 5318 tres

120 5353 236 5433 potest
262 5330 401 5439 homini
432 5327 559 5396 melius
594 5337 654 5394 aut
681 5321 870 5410 gloriosius
897 5325 1109 5412 contingere.
1194 5348 1839 5419 eqT„2„,5,T0,„‚1v‚g,b„,,mmm
1976 5307 1982 5318 ’

1468 5422 1553 5492 40*

1947 1156 2160 1198 Q
2282 1204 2291 1222 ι
