4732 6030
140 264 237 341 ’966
629 251 791 342 DECL.
822 251 896 329 DE
929 244 1262 331 ruruuntco
1297 242 1450 321 DUCE
1483 243 1607 326 sax,
1637 242 1722 325 llic
2120 255 2196 335 966

160 459 240 507 ιιιιιι
256 431 363 506 simili
382 429 566 526 preconio,
590 442 631 503 ut
645 420 880 501 Telemachus
898 449 918 499 a
933 423 1080 499 Nestore
1096 423 1154 496 di·-
1202 420 1355 512 probare
1381 440 1519 488 necesse
1542 429 1605 491 est.
1662 414 1825 515 Suntque
1847 420 1976 514 passim
1989 423 2094 497 multi
2108 426 2196 499 boni

159 537 336 609 mittitur:
1205 534 1238 592 et
1257 520 1353 590 docti
1367 519 1455 604 viri,
1479 518 1540 612 qui
1563 519 1737 617 fatentur,
1762 543 1799 591 se
1816 535 1909 595 artes
1923 523 2016 596 vitae
2032 526 2137 598 utiles
2154 529 2194 599 iu

313 640 382 707 Non
398 661 504 724 expers
517 641 636 703 samu.
650 640 707 700 eris
722 640 871 700 minim,
885 638 939 705 firi,
1204 616 1272 692 hoc
1294 621 1515 692 literatorum
1538 634 1715 692 conventu
1736 622 1919 707 didicisse,
1951 626 2014 696 alii
2029 622 2195 700 Pbiloso-

263 737 333 809 Sed
349 736 505 828 optimus
520 757 625 805 senex
648 746 730 804 ante
745 733 898 804 reditum
913 728 1013 802 ducis
1026 724 1154 797 Fride·
1203 718 1344 815 pbiam,
1370 721 1433 791 alii
1450 719 1542 792 luris
1561 722 1780 810 doctrinam,
1804 725 1867 794 alii
1882 740 1993 797 artem
2010 729 2192 803 medicam.

160 839 227 911 rici
247 862 287 908 ex
313 832 379 908 hac
400 836 472 906 vita
493 834 651 908 decessit.
701 831 771 903 Hic
785 833 973 903 inserenda
990 829 1079 899 esset
1096 819 1154 894 bi·
1204 823 1257 894 De
1278 819 1456 893 Ecclesiae
1487 822 1647 895 doctrina
1669 838 1789 917 postea
1820 827 1946 904 dicam.
2004 827 2095 899 Nam
2115 844 2195 923 post

161 941 270 1012 storia
288 937 582 1033 peregrinationis
605 933 764 1025 longior,
798 957 903 1027 quam
921 928 1153 1003 honorifices
1204 923 1346 995 mordia
1361 916 1501 994 scholae
1514 924 1649 995 bellum
1664 925 1840 1000 Venetam
1855 942 2012 1000 secutum
2029 943 2096 1016 est,
2121 957 2193 1027 quo
2317 958 2325 973 ·

161 1055 286 1112 senatu
309 1037 445 1110 Veneto
469 1036 671 1108 Fridericns
692 1048 854 1127 exceptus
874 1034 939 1119 sit,
964 1054 1055 1127 quae
1073 1026 1152 1099 fue-⁴
1204 1038 1361 1116 tempore
1384 1047 1497 1095 annos
1520 1022 1659 1120 aliquot
1680 1051 1699 1097 a
1722 1027 1835 1119 patria
1851 1027 2053 1101 Fridericus
2068 1033 2194 1121 abluit,

117 1150 124 1162 '
160 1145 235 1214 rint
260 1141 351 1210 vitae
374 1138 542 1232 pericula.
600 1136 691 1208 Nam
715 1133 974 1206 dunssavariae
989 1127 1153 1203 Christo·
1204 1149 1283 1195 cum
1301 1138 1434 1216 partem
1450 1126 1631 1219 copiarum
1650 1127 1688 1197 in
1703 1127 1858 1201 exercitu
1871 1128 2110 1203 Maximiliani
2125 1137 2195 1204 dca-

160 1239 299 1336 pborus'
320 1242 357 1309 in
382 1265 423 1311 eo
444 1240 573 1311 itinere
604 1236 731 1309 morbo
759 1237 932 1307 extinctus
953 1247 1015 1305 est.
1081 1228 1153 1304 Sed
1203 1238 1307 1298 ceret.
1358 1223 1444 1297 Fuit
1459 1249 1499 1296 ea
1522 1227 1649 1299 militia
1665 1229 1770 1321 plena
1790 1230 1952 1302 laborum
1969 1246 2004 1302 et
2017 1234 2194 1325 periculo-

162 1345 206 1413 ad
227 1342 294 1412 alia
313 1364 481 1433 propero.
921 1368 929 1385 ·
1203 1351 1303 1411 rum,
1326 1350 1402 1394 non
1418 1327 1532 1396 solum
1545 1329 1582 1396 in
1599 1331 1738 1415 castris,
1763 1333 1946 1403 sedetiam
1963 1333 2000 1401 in
2018 1334 2194 1408 delibera-

262 1440 397 1512 Verum
417 1438 504 1512 baec
528 1437 711 1529 diligentia
731 1436 901 1528 singulari
925 1437 1031 1507 laude
1045 1432 1152 1523 digna
1204 1428 1381 1512 tionibus,
1408 1427 1447 1496 in
1469 1428 1617 1521 quibus,
1649 1446 1689 1503 ut
1711 1445 1795 1504 sunt
1809 1430 1848 1502 in
1866 1434 1959 1523 aulis
1973 1433 2143 1508 lectiones
2159 1451 2194 1510 et

163 1557 231 1629 est,
257 1544 351 1636 quod
367 1539 526 1613 nonsibi
551 1554 688 1613 tantum
708 1538 807 1607 illam
830 1537 983 1629 regionis
1004 1549 1039 1607 et
1055 1536 1153 1605 loco.
1203 1529 1414 1613 certamina,
1438 1529 1605 1600 malevoli
1620 1532 1727 1601 variis
1743 1532 1859 1603 modis
1876 1535 1907 1605 ei
1924 1534 2083 1609 insidiati
2100 1556 2195 1615 sunt.
2290 1552 2298 1565 ·

162 1668 243 1715 rum
264 1643 536 1736 inspectionem,
569 1643 627 1711 sed
652 1639 797 1711 caeteris
818 1640 923 1711 etiam
948 1639 986 1708 in
1003 1638 1153 1707 lectione
1202 1628 1367 1720 Legimus
1388 1628 1458 1720 ipsi
1477 1654 1586 1701 menn
1606 1627 1781 1705 Friderici
1811 1647 1979 1721 annotata
2004 1638 2115 1730 capita
2137 1663 2195 1709 re-

160 1741 332 1814 bistoriae
347 1745 512 1835 prodesse
524 1741 657 1823 voluit,
690 1740 847 1811 Tabulas
863 1728 1039 1831 elega'nter
1052 1736 1153 1830 pingi
1203 1730 1456 1835 sponsionum·
1480 1729 1519 1799 3¹1
1535 1733 1665 1826 quibua
1686 1734 1862 1808 refutabat
1877 1736 2071 1808 calumnias
2087 1763 2195 1811 vene-

162 1855 315 1929 cnravit‚
340 1846 380 1913 in
395 1844 526 1937 quibus
543 1843 605 1912 illa
619 1855 777 1915 veterum
789 1841 1002 1933 oppidorum
1015 1833 1155 1936 ipsium
1204 1844 1323 1915 natas,
1347 1829 1475 1923 quibus
1491 1828 1729 1903 Maximiliani
1748 1836 1907 1908 animum
1924 1839 2091 1910 adversus
2113 1864 2195 1913 eum

163 1945 352 2016 distributa
377 1954 483 2029 sunt,
523 1956 558 2015 et
585 1944 726 2013 additae
755 1942 1019 2033 inscriptiones]
1035 1962 1153 2008 rernm
1205 1931 1394 2001 incendere
1423 1930 1568 2024 quidam
1592 1934 1711 2005 conati
1735 1935 1887 2010 fuerant,
1946 1936 1988 2007 ln
2011 1934 2067 2008 his
2088 1944 2195 2016 ungi,

163 2069 389 2134 magnarum,
436 2068 526 2139 quae
557 2043 595 2113 in
627 2041 775 2132 singulis
809 2042 897 2112 locis
930 2054 1025 2111 actae
1058 2052 1153 2114 scrut,
1205 2032 1371 2124 periculis
1393 2054 1473 2102 curn
1494 2033 1538 2103 de
1560 2035 1667 2104 rebus
1691 2035 1852 2109 maximis
1876 2036 2066 2109 instilletae
2080 2056 2197 2115 essent

121 2222 131 2237 ,
164 2145 342 2217 Haecfuit
363 2146 447 2215 olim
469 2145 667 2238 sapientum
686 2144 923 2227 consuetudo,
945 2139 1155 2234 experegri-
1205 2131 1453 2203 Maximiliauo
1478 2135 1741 2207 crudelissimae
1769 2137 2006 2230 suspiciones,
2038 2144 2196 2232 prudeu-

164 2245 371 2318 nationibus
388 2247 545 2331 adferre,
570 2269 644 2317 non
661 2246 807 2335 figuram
823 2242 1070 2335 novampilei,
1094 2253 1156 2311 aut
1205 2232 1292 2305 tiam
1322 2234 1432 2327 ipsius
1461 2248 1495 2305 et
1523 2235 1760 2327 integritatem
1791 2261 1832 2313 ae
1859 2240 2136 2313 moderationem
2161 2260 2197 2316 et

165 2348 318 2432 cristae,
342 2349 403 2416 sed
432 2349 616 2439 regionum
643 2347 820 2439 picturas,
853 2357 888 2414 et
913 2354 1156 2429 monumenta,
1205 2332 1473 2406 Maximilianus
1510 2337 1585 2430 ipse
1625 2352 1660 2410 et
1697 2340 1826 2413 caeteri
1858 2340 2004 2413 detectis
2039 2342 2198 2432 insidiis,

164 2448 210 2517 ad
227 2447 464 2537 cognitionem
479 2444 708 2519 historiarum
722 2447 924 2536 profutura,
949 2459 984 2517 et
998 2443 1155 2514 remedia
1205 2459 1417 2530 magnopere
1451 2439 1703 2530 probaverunt.
1767 2438 1847 2514 Etsi
1878 2456 1995 2514 autem
2021 2446 2197 2517 sauciam.

164 2549 383 2618 morborum.
434 2547 535 2619 Talia
549 2550 659 2619 multa
677 2547 879 2635 Eridericus
892 2570 932 2617 er
945 2544 1155 2625 Palaestina,
1206 2551 1281 2608 erat
1301 2537 1543 2609 Maximiliani
1571 2541 1730 2625 animus,
1764 2554 1884 2613 menen
1906 2556 2074 2615 nontam
2097 2547 2197 2617 rudis

163 2646 301 2740 Cypro,
333 2643 485 2730 Rhodo,
518 2644 708 2732 Methone,
736 2644 911 2741 Corcyra,
945 2660 979 2717 et
1003 2671 1043 2717 ex
1067 2647 1156 2717 urbe
1206 2653 1281 2711 erat
1296 2641 1496 2710 communis
1519 2640 1631 2728 vitae,
1656 2657 1696 2716 nt
1712 2643 1891 2735 ignoraret
1908 2658 2021 2737 pestes
2037 2670 2198 2719 commn-

168 2744 304 2817 Veneta
321 2749 449 2822 attulit.
1117 2739 1123 2751 '
1206 2764 1269 2810 nes
1293 2764 1365 2812 esse
1387 2740 1541 2812 inomni
1563 2745 1841 2832 gubernatione,
1874 2745 2048 2818 invidiam
2073 2763 2110 2820 et
2138 2773 2197 2820 ca·

266 2846 351 2921 Post
371 2849 524 2920 reditum
543 2859 660 2918 secuta
679 2849 815 2918 suntin
839 2826 1032 2919 Germania
1050 2848 1156 2933 bella,
1206 2843 1380 2928 lumnias,
1407 2856 1442 2927 et
1456 2843 1592 2915 viderat
1605 2845 1682 2937 ipse
1695 2848 1809 2920 multa
1822 2847 1999 2940 exempla,
2025 2863 2060 2922 et
2072 2850 2198 2920 andie-

164 2944 692 3031 HelvetieumetBavericnm,
723 2947 923 3040 inquibus
947 2972 1021 3018 non
1043 2950 1156 3021 deluit
1206 2957 1398 3018 ratvetera.
1449 2941 1836 3021 Palamedemartiticiis
1845 2946 1980 3042 Ulyssis
1990 2974 2196 3042 oppressum
2237 2946 2242 2958 '

166 3053 242 3141 ipse
264 3049 407 3139 quidem
429 3045 687 3117 Maximiliano.
745 3045 815 3117 Sed
839 3063 956 3120 tamen
975 3049 1070 3119 bello
1084 3050 1157 3120 Ba·
1206 3069 1301 3131 esse,
1333 3040 1610 3119 Themistoclem
1638 3049 1773 3140 optime
1793 3050 1959 3121 meritum
1982 3075 2003 3129 a
2029 3051 2205 3129 Lcobote.-
2282 3098 2286 3105 ,

167 3146 283 3218 varico
308 3161 452 3238 propter
477 3147 667 3216 electorum
689 3147 976 3218 coniunctionem
1000 3150 1080 3242 plus
1095 3173 1156 3220 cu.
1206 3145 1355 3234 Legerat
1368 3147 1472 3217 etiarn
1488 3147 1620 3218 dictum
1638 3148 1856 3223 Salomonis:
1886 3141 2199 3223 Catumnta‘asiam

167 3274 226 3319 rae
244 3261 278 3320 et
303 3248 464 3318 laborum
481 3247 655 3323 ‚sustinuit
680 3248 719 3318 in
737 3248 1157 3323 lenienda-Maximiliani
1206 3248 1383 3339 sapientes
1405 3250 1543 3333 turbat,
1568 3263 1603 3321 et
1622 3250 1754 3341 frangit
1773 3250 1884 3323 robur
1906 3252 2036 3328 cordis.
2092 3250 2140 3325 Et
2158 3268 2200 3325 nt

167 3353 239 3433 ira,
270 3362 305 3420 et
325 3373 367 3419 eo
390 3361 568 3441 utcumque
591 3349 746 3440 placato,
776 3350 904 3420 unicus
925 3350 964 3420 in
979 3365 1157 3423 conventu
1206 3361 1280 3419 erat
1311 3348 1442 3430 iustus,
1484 3373 1621 3423 memor
1648 3365 1723 3421 erest
1749 3351 1853 3438 dicti,
1893 3347 2030 3445 ὁμοίως
2053 3351 2199 3450 ἀμφοῖν

165 3450 373 3522 Coloniensi
395 3472 498 3521 ausus
518 3462 568 3520 est
590 3448 792 3544 Palatinum
806 3453 850 3522 ad
869 3449 1156 3524 Maximiliannm
1206 3445 1431 3543 ἀκροᾶσθαι.
1501 3446 1549 3521 Ει
1571 3450 1731 3523 audierat
1774 3451 2017 3524 Alexandrum
2052 3456 2199 3527 alteram

168 3555 360 3631 adducere,
392 3563 432 3620 ut
463 3549 611 3641 supplex
640 3574 759 3641 pacem
785 3566 936 3641 peteret,
966 3578 1034 3644 qua
1057 3555 1097 3622 in
1118 3577 1157 3623 re
1178 3509 1184 3589 Ι
1206 3573 1326 3621 aurem
1346 3552 1547 3632 obstruere,
1572 3575 1653 3621 cum
1670 3552 1844 3644 quispiam
1869 3553 1995 3624 absens
2010 3558 2199 3626 accusaba-

168 3647 335 3722 nonnibil
365 3650 553 3720 offendisse
582 3651 804 3740 imperatoris
827 3651 986 3720 animum
1016 3651 1157 3721 diceba·
1207 3663 1275 3719 tur.
1336 3648 1455 3736 Quare
1479 3649 1668 3739 diligenter
1697 3651 1883 3745 inquisivit
1916 3656 2052 3744 negocii
2074 3657 2200 3745 fontes,

168 3768 245 3838 tur,
276 3753 371 3846 quod
390 3746 485 3823 hosti
499 3751 609 3840 ipsius
631 3773 705 3819 nou
720 3748 961 3822 vehementius
986 3752 1089 3822 irasci
1103 3753 1158 3820 vi·
1207 3763 1240 3820 ct
1263 3747 1402 3838 cognita
1423 3749 1577 3820 vanitate
1593 3751 1869 3834 calumniarum,
1895 3756 2029 3827 maiore
2044 3757 2199 3829 benevo-

167 3878 226 3925 sus
242 3868 342 3926 esset.
384 3851 455 3922 Sed
471 3852 540 3922 luit
555 3846 799 3925 honestissima
809 3874 911 3923 causa
926 3853 1066 3923 consilii
1077 3852 1158 3923 Fri·
1207 3850 1316 3921 lentia
1333 3848 1554 3951 Fridericum
1575 3853 1776 3941 complexus
1790 3866 1851 3923 cst.

168 3956 287 4024 decici.
336 3950 556 4042 Cogitabat,¹
573 3976 661 4044 quae
682 3953 728 4024 sit
753 3954 942 4024 electorum
966 3952 1158 4024 necessitu—
1309 3947 1401 4019 Cum
1422 3964 1539 4021 autem
1559 3953 1705 4021 domum
1722 3977 1882 4024 reversus
1899 3971 2007 4042 esset,
2036 3961 2199 4032 canonici

170 4057 236 4134 do,
269 4079 333 4123 nec
355 4054 468 4124 voluit
487 4053 628 4146 penitus
646 4053 829 4123 dilacerari
849 4055 947 4123 illam
964 4054 1158 4126 vetustissi-
1210 4036 1619 4140 Moguntinilirlordiae
1642 4077 1787 4143 magnos
1803 4058 1974 4130 tumultus
1990 4060 2199 4149 excitarunt,

170 4178 264 4224 mam
281 4155 439 4224 electoris
452 4156 643 4240 ditionem,
667 4168 700 4225 et
714 4154 885 4225 familiam
900 4156 1156 4227 nobilissimam
1209 4153 1271 4248 qui
1299 4151 1369 4222 nisi
1399 4153 1586 4245 prudentia
1619 4168 1652 4225 et
1680 4157 1922 4228 moderatione
1946 4157 2122 4231 Friderici
2144 4188 2200 4234 ro-

170 4254 292 4327 deleri.
335 4255 475 4325 Deinde
488 4254 556 4328 hoc
569 4256 724 4325 officinm
740 4259 879 4345 tegendi
896 4257 1000 4326 amici
1016 4258 1062 4328 ita
1080 4282 1159 4327 mo·
1209 4254 1319 4348 pressi
1350 4268 1482 4340 essent,
1525 4256 1809 4346 ingensbcllum
1839 4255 1963 4331 iubis
1992 4263 2200 4352 regionibns

170 4355 311 4425 deratus
333 4367 400 4438 est,
433 4378 478 4422 ne
503 4359 547 4425 de
569 4357 714 4427 domini·
732 4358 921 4428 autoritate
943 4358 1078 4450 aliquid
1096 4359 1159 4429 de-
1207 4355 1400 4428 exarsisset.
1453 4353 1543 4427 Cum
1558 4371 1780 4430 essctamans
1802 4359 1977 4449 iusticias,
1996 4366 2200 4451 modestiae,

171 4470 389 4546 carperetur,
423 4457 615 4546 supplicem
648 4482 722 4528 esse
754 4459 875 4527 voluit.
945 4454 1010 4530 uss
1040 4474 1157 4531 autem
1209 4472 1245 4527 et
1258 4457 1421 4547 publicae
1442 4457 1479 4527 in
1502 4455 1695 4531 Germania
1710 4463 1994 4556 tranquillitatis,
2019 4470 2198 4537 neminem

173 4574 271 4627 vetus
285 4556 393 4624 illud:
419 4553 638 4626 Parcendum
653 4583 726 4630 csse
740 4560 906 4651 supplici:
1210 4560 1371 4629 irritabat
1392 4558 1483 4649 ipse,
1515 4574 1551 4630 ct
1575 4560 1722 4632 iniurias
1744 4566 1874 4634 multas
1904 4567 2050 4642 serebas.
2107 4566 2200 4638 Cum

183 4732 193 4752 ἱ
243 4662 315 4728 Νοιι
331 4663 489 4725 violandus
503 4668 558 4725 erit
572 4669 720 4746 supplex,
745 4690 826 4731 secer
843 4691 906 4731 esse
923 4681 1057 4750 paretur.
1211 4685 1295 4731 vero
1305 4661 1367 4731 alii
1384 4660 1417 4729 ei
1432 4661 1705 4747 minitabantur,
1731 4687 1771 4733 ee
1783 4679 1856 4735 crat
1872 4666 2044 4756 sapientia
2061 4682 2096 4739 et
2113 4693 2200 4742 cors-

273 4758 364 4830 Cum
387 4772 503 4828 autern
524 4758 595 4826 iam
615 4782 741 4827 ornare
756 4764 903 4851 patriam
919 4762 1087 4832 aediliciis
1104 4787 1161 4832 ce·
1209 4761 1360 4846 stantia,
1392 4771 1431 4828 ut
1453 4783 1572 4831 caecos
1594 4762 1738 4835 illorum
1764 4765 1914 4857 impetus
1936 4768 2105 4857 paulatim
2126 4785 2201 4845 arte

174 4863 299 4954 pissct‚‘
333 4860 506 4952 sciretque
531 4882 612 4928 vera
638 4873 671 4928 et
695 4860 826 4930 maiora
847 4866 1046 4935 communis
1069 4864 1162 4933 vitae
1210 4865 1403 4951 frangeret,
1439 4884 1500 4952 spe
1531 4863 1621 4933 illud
1653 4865 1770 4958 ipsum
1802 4881 1901 4938 vetus
1934 4867 2070 4939 dictum
2097 4894 2201 4942 usur·

172 4973 378 5031 ornamenta
393 4983 466 5029 esse
482 4961 663 5030 literarum
676 4973 710 5031 et
725 4961 854 5031 artium
863 4967 1163 5058 propagationem,
1211 4987 1315 5055 pans:
1343 4961 1480 5035 Multos
1495 4987 1640 5055 magnos
1665 4968 1808 5038 morbos
1832 4967 1950 5062 quiete
1970 4983 2006 5041 et
2018 4972 2202 5044 abstinen-

159 5067 284 5153 leges,
308 5077 341 5132 et
362 5061 603 5152 disciplinam:
637 5058 807 5131 Doctores
819 5067 979 5136 omnium
994 5063 1164 5137 honesta·
1211 5066 1262 5135 tia
1276 5064 1404 5138 curari.

106 5184 109 5190 '
173 5191 253 5235 rum
277 5163 406 5233 artium
437 5187 478 5232 ex
501 5162 582 5235 aliis
611 5158 813 5247 Academiis
837 5165 875 5232 in
897 5161 966 5235 hoc
988 5169 1161 5260 oppidum
1313 5165 1384 5239 Sed
1403 5166 1505 5237 venio
1522 5170 1565 5237 ad
1583 5193 1724 5243 causam
1741 5165 1930 5247 Ecclesiae.
1980 5169 2071 5245 Cum
2088 5190 2202 5246 motae

173 5265 376 5350 accersivit,
408 5277 443 5333 et
463 5260 547 5333 baec
568 5279 687 5335 nostra
708 5264 854 5353 collegia
873 5266 1011 5337 usitatis
1028 5270 1164 5361 legibus
1212 5282 1325 5341 essent
1345 5269 1603 5343 controversiae
1630 5272 1674 5341 de
1694 5271 1875 5359 doctrina,
1908 5274 2064 5365 primum
2084 5274 2204 5345 Maxi-

173 5368 348 5457 instituit‚
379 5389 448 5458 qua
474 5364 511 5434 in
535 5389 572 5457 re
594 5364 782 5435 consilinm
800 5379 834 5436 et
852 5367 1069 5441 voluntatem
1088 5371 1163 5443 eius
1212 5369 1398 5453 militaus,
1425 5370 1553 5441 deinde
1565 5367 1733 5462 Carolus,
1750 5371 1906 5449 Romani
1921 5375 2103 5468 pontifices
2116 5402 2204 5448 con-

1518 5471 1613 5573 ιι*Ι
