4732 6030
77 281 155 361 245
628 274 796 354 DECL.
827 272 902 353 DE
934 270 1137 354 PRAEF.
1173 274 1233 349 lN
1265 271 1594 354 HESIODUM.
2044 280 2122 357 246

75 453 222 550 optimis
235 448 433 525 dissimilia.
484 447 635 525 Habetis
650 450 718 521 mei
731 451 873 522 consilii
887 451 1074 538 rationem,
1126 446 1266 529 tuimet,
1292 446 1362 518 nisi
1387 472 1504 519 rerum
1520 447 1683 537 gravitati
1704 451 1991 524 venustissimum
2001 479 2117 546 genus

77 584 144 637 cur
166 571 207 628 ut
228 557 379 651 quisque
400 566 505 626 autor
525 553 683 647 optimus
704 566 775 638 cst,
800 553 849 625 ita
870 555 1073 647 saepissime
1124 552 1316 621 verborum
1331 564 1499 644 tanquam
1513 550 1695 621 illecebras
1707 556 1876 645 quasdam
1889 556 2116 630 adiunxisset.

79 660 307 749 relegendum
340 680 415 727 esse
444 656 659 741 existimem,
700 657 797 749 quod
828 656 990 751 quisquis
1017 681 1074 726 se-
1124 650 1207 724 Non
1228 669 1280 722 est
1293 668 1410 724 autem
1425 653 1615 722 obscurum
1630 669 1803 746 quantum
1818 658 1971 728 amarint
1987 655 2118 730 Graeci

79 764 262 859 quendum
285 758 357 832 sibi
380 781 455 829 esse
475 770 622 841 statuet,
660 755 754 827 isre
776 757 852 849 ipsa
874 759 1073 853 experietur
1124 748 1193 825 hoc
1226 777 1388 838 carmen,
1434 769 1564 848 quanta
1595 778 1679 824 cura
1707 757 1990 845 adservaverint,
2030 763 2116 854 quia

79 886 188 937 onam
214 857 309 933 benc
330 884 405 932 esse
425 862 469 930 ad
490 859 641 930 solidam
665 858 904 930 eruditionem
927 882 1071 949 compa·
1124 855 1317 927 Pausanias
1347 856 1397 925 ait
1426 877 1462 925 se
1491 856 1622 925 vidisse
1650 855 1688 925 in
1715 853 1888 929 Helicone
1909 860 2115 954 antiquissi-

77 968 227 1037 randam
252 963 366 1044 viam,
392 961 544 1032 aliorum
567 983 654 1031 vero
676 961 860 1031 laboribus
880 986 919 1030 ac
939 961 1072 1050 vigiliis
1124 983 1223 1028 mum
1243 973 1514 1029 monumentum
1536 956 1717 1048 plumbeas
1739 961 1896 1044 tabulas,
1923 961 2114 1056 inquibus

75 1068 233 1139 fructum
249 1065 398 1134 minime
412 1063 638 1155 respondere.
690 1060 760 1134 Sed
778 1088 858 1133 curn
873 1060 1071 1134 Hesiodum
1124 1055 1193 1131 hoc
1208 1075 1334 1152 poema
1346 1060 1516 1149 scriptum
1532 1061 1650 1131 luerit.
1703 1058 1774 1132 Sed
1790 1064 1893 1132 venio
1907 1066 1952 1133 ad
1966 1065 2113 1136 alteram

76 1190 216 1261 semper
247 1165 443 1239 doctissimi
472 1160 636 1234 homines
658 1163 806 1256 plorimi
828 1163 997 1247 fecerint,
1029 1188 1071 1235 ex
1123 1176 1281 1254 partem,
1310 1175 1346 1232 et
1367 1185 1540 1252 exponam
1565 1162 1652 1255 quid
1668 1166 1712 1231 ad
1727 1187 1845 1233 rerum
1860 1164 2046 1237 scientiam
2062 1168 2114 1238 le-

77 1292 122 1343 eo
147 1291 275 1362 genere
296 1282 461 1340 autorum
483 1262 575 1336 mihi
597 1266 673 1337 esse
697 1267 793 1337 visus
815 1280 886 1353 est,
911 1268 1071 1361 quinon
1123 1264 1193 1335 ctio
1224 1264 1299 1335 eius
1327 1265 1521 1346 conducat,
1553 1260 1592 1330 in
1622 1288 1690 1356 qua
1714 1267 1871 1356 profecto
1896 1289 1970 1338 non
1994 1271 2114 1340 minus

78 1374 188 1449 semel
203 1384 341 1441 tantum
356 1367 568 1462 inspiciendi
584 1381 685 1455 sunt;
711 1394 821 1465 quare
838 1393 929 1450 eum,
956 1393 1070 1464 quan·
1123 1390 1229 1460 qnam
1243 1366 1282 1434 in
1297 1365 1414 1436 verbis
1428 1365 1685 1436 elaborandum
1699 1381 1762 1440 est.
1808 1367 1901 1456 Quia
1917 1394 1992 1441 non
2006 1375 2112 1442 modo

79 1498 190 1569 quam
213 1495 286 1541 non
307 1474 412 1565 plane
430 1472 591 1563 ignotum
609 1471 710 1543 vobis
725 1472 955 1562 relegendum
972 1495 1071 1542 sum·
1123 1468 1241 1538 inanis
1261 1482 1313 1540 est
1332 1466 1464 1553 oratio,
1489 1466 1560 1536 nisi
1582 1490 1638 1537 res
1659 1461 1824 1539 honestas
1846 1482 1882 1542 et
1901 1472 2004 1543 utiles
2027 1498 2113 1544 con-

79 1576 147 1669 psi.
200 1572 323 1668 Neque
340 1598 459 1645 meum
476 1575 666 1645 consilium
682 1569 966 1665 reprehendetis,
992 1573 1071 1665 opi·
1122 1571 1252 1662 tineat,
1284 1572 1346 1641 sed
1377 1568 1485 1640 etiam
1506 1568 1646 1660 copiam
1667 1593 1809 1640 omnem
1831 1570 1974 1643 dicendi
1994 1599 2113 1647 rerum

79 1700 167 1761 nor,
205 1676 235 1746 si
270 1675 490 1765 cogitabitis,
530 1690 679 1768 quantas
706 1677 895 1760 utilitates,
933 1674 1071 1746 tametsi
1122 1671 1416 1763 scientiagenuit.
1467 1669 1549 1741 Non
1565 1669 1626 1741 Dii
1642 1684 1780 1743 tantum
1795 1673 1879 1741 mali
1897 1676 2114 1765 permittant,

79 1779 227 1869 exiguus
251 1778 414 1857 libellus,
446 1778 583 1848 adferre
606 1790 723 1871 queat.
774 1775 822 1847 Et
837 1778 919 1871 quia
937 1776 1071 1867 princi·
1122 1787 1163 1845 ut
1177 1776 1278 1844 cadat
1292 1774 1331 1841 in
1347 1795 1406 1843 eos
1420 1772 1634 1866 eloquentia,
1658 1773 1720 1868 qni
1737 1773 1836 1844 nulla
1853 1774 1996 1848 virtutis
2011 1802 2114 1869 prae-

79 1879 140 1972 pio
165 1880 203 1948 in
224 1881 391 1950 omnibus
410 1878 565 1968 negociis
579 1878 866 1949 constituendum
886 1891 956 1956 est,
982 1901 1072 1970 quae
1122 1888 1241 1965 cepta,
1265 1874 1364 1945 nulla
1385 1873 1519 1954 officia,
1546 1875 1664 1943 nullas
1680 1875 1772 1945 vitae
1789 1876 1899 1966 leges,
1923 1879 2040 1949 nullas
2057 1903 2114 1950 re-

78 1981 215 2053 utilitas
235 2004 277 2049 ex
291 2002 509 2072 unoquoque
524 2002 653 2069 genere
668 1978 802 2049 laboris
822 1993 980 2070 petatur,
1005 2001 1071 2050 nos
1122 1976 1272 2066 ligiones
1296 1987 1449 2065 norunt,
1476 1974 1608 2069 quique
1628 1976 1765 2047 nullam
1787 1979 2004 2051 naturalium
2030 2004 2113 2052 cau·

78 2105 225 2176 quoqne
255 2081 499 2165 monebimus,
532 2080 618 2174 qnid
646 2090 827 2172 expectare
851 2105 892 2149 ac
913 2079 1072 2170 flagitare
1121 2100 1239 2147 sarum
1257 2100 1298 2147 ac
1313 2090 1505 2148 eventuum
1521 2077 1757 2167 cognitionem
1773 2074 1918 2154 babent.
1970 2080 2062 2152 Nam
2079 2098 2113 2155 et

77 2182 260 2255 commodi
282 2207 323 2251 ex
338 2179 488 2252 Hesiodi
510 2181 661 2252 lectione
679 2182 846 2252 debeatis.
896 2176 961 2253 Est
976 2182 1071 2251 enim
1121 2176 1293 2250 Horatius
1323 2203 1403 2248 erim
1433 2178 1497 2270 qui
1521 2204 1541 2248 a
1564 2202 1682 2249 rerum
1705 2182 1908 2270 cognitione
1932 2186 2112 2258 nonsatis

80 2308 124 2357 ex
151 2284 319 2353 omnibus
349 2283 535 2354 autoribus
566 2283 622 2351 vel
651 2284 841 2353 verborum
870 2282 1070 2354 volnerum
1121 2281 1314 2352 instructus
1328 2295 1399 2367 est,
1424 2293 1528 2370 negat
1541 2281 1710 2352 idoneum
1725 2304 1799 2353 esse
1814 2285 1859 2354 ad
1874 2282 2113 2374 scribendum,

81 2385 226 2457 scientia
243 2388 406 2477 petenda.
455 2382 633 2454 Hesiodus
647 2398 766 2457 autem
781 2381 916 2456 Graece
932 2385 1072 2457 discen·
1121 2407 1201 2454 cum
1219 2384 1284 2453 ait:

78 2489 175 2560 tibus
200 2509 366 2576 magnum
386 2486 639 2556 vocabulorum
654 2509 842 2556 numerum
858 2487 1071 2578 suppeditat.
1213 2488 1372 2554 scribendi
1386 2505 1465 2553 recte
1479 2511 1581 2573 sapere
1595 2505 1639 2553 est
1654 2505 1683 2553 et
1698 2494 1882 2577 principium
1896 2509 1925 2557 et
1941 2496 2020 2559 lone.

78 2586 129 2663 Et
152 2589 321 2681 quoniam
343 2588 474 2657 alicubi
497 2583 683 2658 hilariores
708 2588 962 2679 descriptiones
982 2612 1070 2659 con·
1122 2582 1169 2656 Et
1190 2589 1312 2657 multis
1327 2588 1488 2656 versibus
1505 2588 1647 2679 exponit
1665 2601 1802 2678 postea,
1826 2613 1977 2681 quarum
1993 2613 2111 2661 rerum

79 2692 188 2771 tinet,
215 2691 321 2760 etiam
342 2685 379 2761 bi
398 2692 460 2785 qni
477 2688 604 2760 Latine
623 2691 765 2761 discunt
780 2692 880 2760 abeo
898 2693 1070 2783 quaedam
1120 2689 1305 2758 scientiam
1328 2690 1486 2781 requirat
1508 2689 1546 2757 in
1567 2713 1628 2773 co,
1654 2691 1774 2782 quise
1796 2691 1967 2763 disertum
1989 2688 2112 2786 perbi-

79 2788 228 2864 bonesta
258 2792 416 2884 exempla
442 2792 575 2881 copiosi
607 2792 798 2874 sermonis,
831 2805 865 2860 et
896 2791 1073 2863 rationem
1120 2790 1197 2861 beri
1222 2790 1318 2861 velit.
1370 2789 1525 2859 Proinde
1539 2791 1586 2860 ita
1597 2784 1760 2863 ¹inducite
1772 2792 1951 2881 animum,
1974 2808 2017 2865 ut
2030 2816 2113 2865 sen·

79 2894 261 2989 qnaudam
281 2894 527 2963 ornandas-um
545 2891 798 2959 sententiarum
819 2893 975 2959 mutuari
991 2914 1073 2980 pos·
1122 2891 1216 2964 tiatis
1239 2891 1341 2961 vobis
1361 2891 1400 2960 io
1421 2887 1490 2960 hoc
1513 2890 1689 2961 curriculo
1708 2894 1929 2979 studiorum,
1954 2896 2111 2990 primum

80 3010 175 3070 sont.
227 2993 320 3064 Nam
337 3006 371 3059 et
386 2991 417 3058 si
431 2991 551 3078 lingua
567 2988 706 3057 diversa
721 2990 783 3072 sit,
807 3002 924 3059 tamen
942 2990 1074 3059 volun·
1121 3016 1284 3082 magnam
1314 2994 1493 3085 quandam
1518 3007 1552 3061 et
1575 2993 1754 3082 copiosam
1779 2996 1970 3067 verborum
1993 2999 2112 3088 supel-

81 3113 152 3171 tate
174 3091 322 3166 Graecis
338 3088 477 3174 Latini,
501 3090 538 3157 in
563 3090 800 3179 disponenda,
825 3091 1071 3183 amplificanda
1121 3095 1273 3164 lectilem
1290 3094 1483 3183 parandam
1500 3115 1587 3175 esse,
1614 3109 1653 3164 ut
1668 3096 1853 3185 explicare,
1880 3100 2112 3189 cumdegra-

79 3217 189 3291 atque
218 3192 427 3262 illustranda
454 3190 614 3260 oratione
642 3190 775 3260 similes
803 3205 897 3267 suut.
950 3191 1073 3286 ltaque
1120 3197 1225 3266 vibus
1241 3196 1346 3264 rebus
1358 3195 1419 3262 alii
1434 3196 1585 3263 docendi
1604 3219 1622 3263 a
1640 3197 1741 3265 vobis
1757 3214 1873 3283 erunt,
1901 3223 1980 3271 cum
1992 3202 2113 3291 digni-

79 3303 158 3370 ‘duo
186 3293 316 3366 summi
345 3293 439 3384 apud
465 3290 612 3362 Latinos
638 3289 787 3377 Poetae,
827 3292 1007 3384 Vergilius
1039 3308 1073 3364 et
1120 3309 1190 3369 tate
1213 3320 1267 3365 rcs
1292 3297 1478 3382 obscuras,
1511 3296 1631 3390 cisque
1653 3297 1774 3368 lumen
1799 3302 1928 3372 addere
1954 3302 2110 3395 possitis3

80 3396 258 3480 Ovidius,
289 3417 362 3464 non
393 3394 499 3463 modo
527 3394 623 3463 locos
647 3393 723 3461 eius
745 3397 917 3488 quosdam
943 3395 1071 3467 imitati
1122 3400 1250 3467 deinde
1267 3398 1372 3468 ctiam
1388 3399 1549 3466 omnium
1565 3422 1684 3468 rerum
1702 3402 1960 3492 percipiendam
1979 3406 2112 3475 doctri-

80 3513 181 3584 sout,
213 3498 275 3567 sed
295 3496 427 3565 multos
450 3494 641 3564 versiculos
663 3518 751 3587 pene
771 3498 815 3565 ad
839 3499 987 3569 verbum
1012 3522 1072 3566 ex·
1120 3524 1203 3569 nam
1228 3522 1319 3584 esse,
1343 3524 1432 3592 quae
1454 3512 1531 3570 tum
1557 3503 1601 3566 ad
1625 3513 1781 3570 nostram
1806 3505 1913 3572 vitam
1938 3520 2032 3578 recte
2052 3506 2110 3574 in·

80 3612 304 3695 presserunt,
351 3620 503 3690 quorum
540 3596 696 3685 exempla
732 3618 798 3665 nos
831 3601 1071 3668 commouela-
1120 3603 1354 3680 stituendam,
1379 3614 1455 3670 tum
1480 3601 1524 3669 ad
1547 3601 1743 3670 orationem
1762 3603 2009 3677 illustrandam
2025 3632 2111 3678 con-

79 3706 197 3787 ciunt,
233 3698 488 3794 quomodoad
517 3711 657 3767 nostros
687 3720 789 3778 usus,
825 3724 898 3767 non
932 3713 1070 3769 tantum
1120 3705 1266 3771 ducunt.
1316 3697 1459 3770 Etenim
1484 3725 1565 3771 curn
1588 3716 1650 3772 aut
1671 3705 1715 3770 cle
1736 3717 1861 3773 natura
1887 3731 2024 3791 rerum,
2050 3722 2111 3776 aut

80 3806 167 3880 certi
188 3804 335 3897 quidam
360 3799 500 3869 flosculi
521 3822 563 3866 ex
587 3794 792 3867 huiusmodi
809 3801 992 3872 autoribus
1009 3803 1073 3868 dc.-
1120 3807 1164 3873 de
1179 3802 1359 3885 moribus,
1383 3815 1445 3871 aut
1461 3803 1505 3870 de
1519 3802 1751 3890 religionibus
1767 3803 1805 3871 in
1823 3801 1887 3872 bac
1905 3805 2001 3874 civili
2019 3808 2110 3877 vitae

80 3905 248 4000 serpendi
277 3904 364 3985 sint,
398 3904 457 3970 sed
488 3900 647 3969 inomni
669 3923 829 3969 sermone
854 3902 1071 3971 inveniendo
1121 3901 1378 3973 consuetudine
1404 3924 1506 3989 saepe
1535 3902 1687 3979 docendi
1717 3901 1789 3971 sint
1819 3899 2001 3997 homines,
2041 3908 2110 3979 erit

79 4008 289 4103 prudentia,
315 4006 353 4072 in
370 4003 576 4093 explicando
594 4002 809 4091 proprietas,
835 4003 1072 4093 perspicuitas,
1120 4005 1226 4096 plane
1253 3999 1338 4078 ὄνος
1358 3994 1450 4092 πρὸς
1470 3993 1607 4095 λύραν,
1640 4000 1689 4087 is,
1723 4002 1784 4094 qui
1807 4028 2011 4100 quanquam
2035 4034 2110 4077 me-

82 4122 120 4181 et
146 4109 267 4198 eopia,
298 4107 337 4175 in
365 4103 588 4196 disponendo
613 4102 796 4190 diligentia
818 4101 989 4172 imitanda
1012 4102 1072 4172 sit.
1120 4102 1250 4175 diocris
1277 4101 1467 4170 verborum
1495 4102 1594 4192 copia
1624 4102 1662 4171 in
1688 4119 1874 4176 numerato
1894 4108 1956 4193 sit,
1991 4123 2109 4180 tamen

82 4210 155 4284 Sed
179 4212 222 4279 de
242 4205 308 4278 bac
329 4220 428 4299 parte
450 4205 532 4298 quia
555 4204 638 4273 satis
661 4203 751 4287 dici,
774 4203 844 4272 nisi
860 4204 952 4275 inter
968 4227 1072 4272 enar·
1120 4228 1176 4276 res
1197 4227 1271 4275 non
1292 4203 1376 4272 satis
1397 4215 1591 4293 perspectas
1607 4218 1641 4274 et
1656 4206 1852 4298 exploratas
1870 4204 1986 4287 babet.
2036 4210 2109 4289 Ne-

78 4314 234 4385 raudum
248 4305 611 4381 conseranturLatina
625 4328 704 4375 cum
716 4302 875 4391 Graecis,
900 4320 935 4375 et
949 4328 1072 4375 omnes
1121 4330 1191 4401 que
1211 4306 1307 4376 enim
1327 4304 1446 4374 dicere
1467 4304 1654 4398 quisquam
1671 4309 1715 4377 de
1732 4333 1769 4378 re
1786 4335 1909 4400 parum
1927 4328 2010 4383 nota
2028 4339 2108 4407 per-

80 4416 216 4506 figurae
244 4413 355 4503 digito
383 4410 633 4491 ostendantur,
666 4431 738 4476 non
765 4419 897 4496 potest,
924 4408 1009 4477 nolo
1033 4407 1071 4475 in
1120 4409 1239 4501 spicue
1262 4419 1393 4499 potest,
1424 4419 1521 4476 utet
1543 4410 1637 4496 apud
1662 4407 1844 4480 Platonem
1868 4410 2029 4485 Socrates
2052 4416 2109 4485 in-

78 4515 279 4611 praesentia
297 4513 437 4602 longior
455 4532 546 4595 esse,
572 4510 631 4578 sed
648 4509 687 4577 in
704 4508 995 4599 interpretatione
1012 4532 1073 4577 ve·
1121 4513 1201 4607 quit
1215 4523 1250 4579 et
1263 4532 1365 4599 saepe
1380 4522 1501 4577 monet
1516 4505 1659 4595 Cicero,
1681 4525 1715 4580 et
1731 4509 1900 4583 Horatius
1914 4540 1994 4585 cum
2011 4517 2075 4588 ait:

78 4620 135 4691 lul
160 4620 200 4689 ln
219 4640 258 4688 re
278 4614 453 4708 praesenll
476 4610 733 4695 indicabltnuS,
756 4633 845 4703 quos
867 4609 965 4680 locos
987 4606 1073 4679 hlttc
1221 4615 1385 4699 Verbaque
1397 4620 1547 4697 provisam
1563 4640 1625 4678 rem
1638 4641 1701 4679 uon
1718 4624 1811 4682 invito
1825 4638 1997 4705 sequeutnr.

79 4721 297 4815 sumpserint
309 4717 495 4807 scriptores
509 4711 630 4783 Latini
644 4726 678 4782 et
694 4711 780 4806 quid
797 4711 943 4796 imitari,
966 4713 1073 4804 quid·
1122 4712 1350 4803 significavit,
1382 4710 1457 4779 fieri
1486 4735 1560 4778 non
1590 4737 1709 4803 posse,
1742 4730 1782 4785 ut
1805 4740 1840 4785 se
1862 4719 1956 4789 ultro
1979 4714 2108 4809 magno

82 4848 154 4920 que
181 4842 366 4913 excerpere
393 4818 461 4910 ipsi
483 4817 684 4887 debeamus.
748 4809 892 4883 Etenim
915 4828 984 4883 tam
1007 4812 1072 4883 etsi
1120 4838 1269 4885 numero
1292 4813 1445 4883 offerant
1468 4814 1594 4896 verba,
1627 4815 1697 4885 nisi
1720 4840 1859 4887 catrsarn
1881 4819 1972 4889 bene
1995 4826 2110 4892 medi-

78 4929 248 5019 adpareat
263 4933 407 5015 propter
424 4918 525 4989 utilia
540 4925 724 5008 praecepta
737 4914 849 5003 magis
867 4939 973 5009 quam
989 4938 1072 5006 pro·
1122 4929 1231 4986 utam
1251 4909 1392 4987 habeas.
1443 4912 1551 5001 Quod
1574 4941 1654 4986 cum
1668 4917 1716 4986 ita
1730 4917 1794 5001 sit,
1819 4943 1892 4989 non
1910 4937 1992 4992 scint
2008 4950 2109 5015 prae-

80 5042 161 5121 pter
178 5028 367 5099 ve'rborum
382 5032 547 5090 ornatum
563 5018 602 5085 in
618 5016 851 5089 admiratione
867 5012 1072 5107 hocpodma
1121 5016 1340 5089 termittendi
1366 5015 1467 5100 libri,
1495 5016 1557 5109 qni
1585 5019 1630 5087 de
1660 5043 1778 5089 rerum
1803 5034 1949 5109 natura,
1981 5040 2042 5096 aut
2065 5029 2109 5095 de

80 5130 210 5216 luisse,
242 5143 362 5199 tamen
388 5119 614 5215 quantumvis
637 5141 691 5187 res
714 5117 871 5187 salubres
891 5111 997 5188 neruo
1021 5118 1073 5187 le-
1120 5118 1282 5188 moribus
1316 5133 1578 5209 praeceperunt.
1656 5119 1776 5215 Neque
1813 5138 1931 5194 tamen
1970 5128 2108 5217 legendi

80 5233 205 5325 gisam,
231 5228 302 5299 nisi
318 5222 658 5295 commendationem
674 5222 849 5310 quandam
867 5213 1072 5290 habuissent
1121 5243 1261 5305 omnes,
1285 5223 1346 5290 sed
1359 5218 1514 5308 eligendi
1526 5221 1663 5311 optimi,
1688 5224 1821 5318 quique
1834 5225 1926 5297 alere
1940 5229 2109 5322 eloquen-

82 5361 125 5408 ex
143 5358 270 5428 genere
284 5326 475 5409 sermonis,
505 5337 540 5392 et
551 5323 699 5412 gratiam
716 5320 889 5409 elegantia
906 5320 1073 5390 carminis
1121 5322 1206 5392 tiam
1235 5322 1391 5413 possint,
1424 5321 1508 5414 quia
1537 5323 1610 5394 lere
1637 5325 1675 5393 in
1698 5325 1859 5395 barbaris
1879 5329 2110 5419 scriptoribus

78 5438 285 5513 addidisset.
336 5429 459 5522 Neque
480 5424 636 5524 prolecto
661 5436 870 5494 vetustatem
891 5423 985 5492 serre
1008 5446 1074 5515 po·
1121 5448 1195 5495 non
1223 5437 1361 5495 tanturn
1392 5424 1565 5495 sermonis
1589 5428 1798 5519 spurcicies,
1828 5428 2017 5497 sedetiam
2041 5431 2111 5501 alia

1430 5523 1512 5596 16*
