4732 6030
614 308 779 391 nnec
809 308 887 388 nn
919 306 1258 389 prostrare
1291 308 1492 386 srunn
1524 288 1737 391 aaron

163 318 239 396 327
2117 320 2195 397 028

163 493 270 565 Pauli
283 488 498 565 samosateni
515 486 678 578 impietas
692 487 930 564 damnaretur.
963 487 1036 560 Nec
1052 458 1158 560 aliud
1200 485 1274 554 rint
1291 487 1335 555 de
1351 485 1544 574 religione,
1566 487 1762 559 necessaria
1777 508 1862 560 cura
1876 502 1928 563 est
1943 493 2079 580 videre,
2102 518 2194 588 qnos

166 597 337 668 vetustius
365 590 605 661 testimonium
637 604 747 673 extat,
787 606 868 683 post
896 590 1149 684 Apostolorum
1199 612 1280 658 rum
1300 601 1494 681 sequantur
1520 590 1756 662 autoritatem.
1812 589 1963 665 loannes
1983 597 2119 690 inquit:
2153 596 2196 669 Si

164 701 290 790 scripta
307 697 350 763 de
367 692 561 773 Trinitate,
589 717 693 786 quarn
711 688 818 764 huius
834 692 1011 785 Gregorii.
1050 696 1149 766 Tan·
1200 689 1281 783 quis
1301 691 1398 761 venit
1420 690 1465 759 ad
1487 712 1565 776 vos,
1592 687 1741 781 et2hanc
1756 695 1956 766 doctrinam
1974 722 2046 768 noir
2066 700 2197 781 adfert,

163 817 237 871 tum
258 809 375 866 autem
391 796 423 865 ei
439 796 567 867 tribuit
581 792 755 875 Basilius,
781 809 822 866 ut
835 797 928 867 dieat
949 798 1017 867 sibi
1034 795 1149 869 adhuc
1201 816 1275 860 non
1300 792 1477 884 recipiatis
1499 817 1593 864 eum.
1644 793 1702 863 Ad
1726 798 1879 867 enndcm
1892 802 2039 871 modum
2056 815 2089 870 et
2106 801 2197 871 alibi

161 920 351 994 personare
375 921 477 968 aures
499 922 583 968 voce
604 895 787 986 Gregorii,
820 898 964 992 eiusque
991 901 1149 971 testimo·
1200 917 1302 985 saepe
1318 893 1487 986 praecipit
1504 896 1687 987 scriptura.
1739 896 1861 987 Quare
1886 923 1997 991 genus
2011 903 2197 973 doctrinae

160 1004 261 1072 nium
288 1001 436 1092 opponit
453 999 656 1071 Sabellicus·
670 1001 961 1091 perturbantibus
977 999 1150 1072 Ecclesiae
1201 997 1391 1085 diligenter
1411 996 1707 1069 considerandum
1731 1015 1803 1086 est,
1829 1004 2025 1075 videndum
2046 1029 2086 1073 ex
2111 1006 2196 1097 qni·

161 1082 520 1175 Neocaesaricnsium.
572 1097 815 1193 Hieronymus
837 1100 1149 1195 audivitEpipba·
1190 1101 1268 1199 Ιῑιυε
1291 1098 1450 1167 fontibus
1481 1093 1648 1169 haustum
1673 1101 1736 1188 sit;
1772 1126 1942 1195 magnum
1973 1107 2082 1195 igitur
2103 1125 2196 1176 onus

159 1208 263 1278 nium
279 1220 312 1274 et
327 1203 602 1287 Nazianzenum,
628 1204 754 1273 omitto
771 1204 859 1273 alios
875 1205 1016 1277 multos.
1050 1204 1149 1276 Tan-

159 1323 237 1381 tum
252 1322 368 1378 autem
385 1301 449 1375 bos
469 1305 762 1389 commemoravi,
786 1317 827 1375 ut
842 1307 995 1396 cogitent
1010 1309 1151 1377 audito·

159 1432 237 1495 res,
262 1408 441 1497 singulare
453 1406 519 1477 Dei
540 1407 748 1477 beneficium
764 1430 855 1493 esse,
880 1409 1003 1480 audire
1019 1404 1150 1480 doctri-

159 1536 242 1583 nam
255 1508 458 1598 Evangelii,
481 1534 500 1579 a
524 1510 655 1579 talibus
673 1508 898 1595 doctoribus,
923 1535 1075 1604 qnorum
1096 1535 1149 1581 se-

159 1615 223 1709 qui
239 1612 371 1683 iudicia
387 1624 461 1680 tute
477 1612 661 1703 possimus.
713 1609 897 1681 Pertinent
913 1613 1021 1703 igitur
1037 1608 1151 1683 Sebo-

160 1719 215 1787 lae
240 1717 284 1784 ad
307 1713 542 1782 ministerium
563 1707 750 1801 Evangelii
773 1713 811 1781 in
834 1711 1021 1800 Ecclesiis,
1046 1728 1080 1785 et
1103 1718 1149 1785 ob

161 1843 238 1888 eam
268 1839 408 1886 causam
441 1815 623 1884 doctrinae
652 1812 855 1885 testimonia
882 1817 986 1884 bonis
1020 1830 1053 1886 et
1085 1819 1149 1886 do-

161 1920 227 1989 ctis
248 1919 333 1987 viris
362 1917 587 1997 tribuuntur,
620 1930 660 1987 ut
687 1930 823 1987 constet
845 1917 967 2009 quales
989 1920 1150 1988 doctores

160 2021 357 2100 audierint,
385 2030 426 2088 ut
440 2031 532 2089 certa
553 2018 741 2088 autoritate
755 2019 918 2088 doctrina
932 2021 975 2088 ad
990 2035 1150 2110 posteros

159 2135 384 2216 propagetur.
444 2119 541 2189 Haec
567 2121 636 2192 luit
664 2121 703 2187 in
734 2115 892 2189 Ecclesia
915 2123 1149 2193 vetustissima

160 2225 400 2306 consuetudo,
439 2235 557 2315 postea
587 2221 665 2292 sine
691 2220 905 2292 testimoniis
935 2224 1149 2309 docentium,

160 2327 306 2399 admissi
335 2338 417 2395 sunt
448 2325 491 2394 ad
519 2324 768 2415 gubernandas
791 2318 965 2394 Ecclesias
987 2320 1149 2395 homines

160 2427 355 2511 ineruditi,
382 2440 417 2495 et
432 2439 474 2496 ut
488 2422 732 2498 Nazianzenus
753 2425 820 2509 ait,
846 2427 964 2496 subito
985 2428 1067 2498 sacti
1083 2429 1150 2498 do-

158 2544 282 2614 ctores,
304 2528 396 2597 sicut
410 2528 448 2595 in
464 2526 594 2612 fabulis
609 2528 727 2598 subito
740 2527 815 2596 nati
830 2528 998 2599 dicuntur
1013 2527 1151 2620 Gigan-

157 2646 222 2707 tes.
274 2629 370 2699 Hinc
403 2642 481 2700 orta
516 2643 568 2699 est
598 2651 724 2720 magna
757 2629 941 2699 doctrinae
975 2632 1147 2705 confusio.

157 2734 349 2828 Postquam
372 2731 482 2822 igitur
504 2730 598 2802 Deus
622 2754 686 2801 sua
709 2728 878 2802 immensa
895 2733 1148 2814 misericordia,

158 2838 263 2908 nobis
279 2833 436 2906 restituit
448 2830 634 2922 Evangelii
654 2833 786 2917 lucem,
806 2856 955 2923 agamus
969 2832 1047 2906 Deo
1069 2858 1150 2926 gra.

70 3010 73 3015 ,
158 2942 244 3025 tias,
270 2953 303 3010 et
317 2937 354 3006 id
376 2935 606 3019 beneficium,
632 2956 772 3005 summo
789 2937 909 3005 studio
926 2936 965 3004 in
980 2933 1149 3007 Ecclesiis

158 3056 193 3113 et
211 3035 340 3112 scholis
356 3061 619 3123 conservemus,
645 3050 680 3106 et
702 3058 883 3118 curemus,
908 3053 949 3109 ut
972 3034 1009 3108 hi
1026 3039 1088 3132 qui
1103 3043 1146 3108 ad

158 3141 356 3213 ministeria
387 3140 617 3209 ecclesiastica
648 3139 819 3208 accessuri
851 3153 952 3224 sunt,
999 3142 1149 3210 fideliter

159 3244 411 3324 instituantur,
437 3265 500 3311 nec
521 3241 737 3331 recipiantur
751 3241 808 3309 vel
827 3240 979 3326 indocti,
1000 3244 1056 3312 vel
1080 3239 1149 3315 αὐ-

158 3340 385 3418 aods'dotxvot.
437 3340 609 3410 Videmus
630 3343 725 3412 enim
752 3356 874 3412 nostra
890 3358 1002 3415 aetate
1019 3346 1148 3415 fanati-

160 3471 217 3519 cas
234 3446 420 3539 opiniones
429 3441 752 3534 Anabaptistarum,
771 3456 909 3515 tantum
924 3445 969 3513 ab
986 3446 1149 3531 indoctis,

160 3564 223 3620 aut
256 3539 537 3626 αὐτοδιδάκτοις
563 3561 657 3616 ortas
683 3568 767 3618 esse.
829 3543 1014 3635 Quantum
1041 3548 1149 3637 igitur

158 3674 226 3721 nos
250 3651 416 3721 debemus
441 3646 534 3727 Deo,
569 3648 633 3741 qui
653 3648 759 3716 nobis
782 3648 1081 3737 gubernatorum,
1116 3664 1149 3720 et

158 3756 340 3825 doctorem
356 3753 442 3834 lide,
469 3764 504 3819 et
519 3764 613 3819 recto
637 3749 769 3818 iudicio
792 3765 1024 3842 praestantem
1039 3752 1148 3832 dedit,

159 3856 259 3926 cuius
285 3854 446 3925 doctrina
469 3854 638 3922 adversus
662 3850 742 3921 illas
765 3853 936 3923 fanaticas
963 3853 1149 3944 opiniones

158 3957 375 4050 praemuniti
397 3957 548 4039 fuimus,
581 3978 733 4047 quarm
753 3968 893 4025 autores
917 3977 1020 4046 saepe
1036 3969 1147 4026 teuta-

158 4073 245 4132 runt
266 4055 442 4129 Ecclesias
465 4068 619 4139 nostras,
650 4058 711 4124 sed
734 4082 812 4126 cum
836 4058 875 4124 in
890 4053 1059 4127 Ecclesiis
1083 4083 1145 4127 no·

161 4162 242 4230 stris
252 4170 450 4251 praeessent
465 4156 617 4225 instituti
631 4156 669 4223 in
678 4151 743 4225 bac
758 4155 889 4242 schola,
914 4161 1019 4253 etqui
1033 4160 1149 4229 liben-

160 4275 214 4330 ter
228 4273 424 4349 agnoscunt
437 4281 474 4325 se
487 4280 560 4324 non
577 4279 649 4324 esse
671 4251 982 4343 αὐτοδιδάκτους,
1007 4263 1067 4330 sed
1085 4286 1148 4330 au-

162 4362 304 4443 ditores,
328 4359 434 4449 periti
449 4359 700 4448 gubernatores
713 4361 905 4446 prudenter
916 4361 1149 4432 instituerunt

161 4486 242 4535 suas
257 4460 449 4544 Ecclesias,
474 4482 600 4551 easque
616 4459 738 4527 divina
752 4482 819 4550 ope
836 4460 969 4540 adiuti,
994 4463 1054 4556 qui
1070 4464 1150 4554 piac

163 4565 346 4636 doctrinae
360 4564 473 4642 favet,
500 4560 537 4629 in
553 4560 923 4634 officio-retinuerunt.
964 4561 1146 4636 Pertinent

161 4669 270 4759 igitur
293 4662 443 4739 Scholae
465 4665 507 4733 ad
534 4664 770 4733 ministerium
792 4660 999 4755 Evangelii,
1031 4680 1067 4736 et
1093 4668 1148 4736 vel

160 4770 346 4863 praecipua
363 4791 444 4860 pars
458 4780 541 4837 sunt
555 4766 651 4836 illius
667 4767 878 4835 sanctissimi
891 4768 1065 4855 muneris;
1084 4793 1149 4838 ne-

161 4896 253 4944 cesse
267 4885 318 4941 est
333 4870 428 4938 enim
444 4869 544 4960 prius
559 4869 643 4958 diu,
669 4881 702 4937 et
718 4869 906 4958 diligenter
922 4872 1058 4941 institui
1076 4896 1147 4957 eos,

161 4975 292 5069 quibus
315 4971 524 5062 gubernatio
548 4967 786 5041 Ecclesiarum
807 4973 1061 5043 committenda
1084 4989 1146 5046 est.

158 5074 299 5147 Deinde
320 5074 448 5162 gradus
470 5087 520 5141 est
541 5073 800 5156 testimonium,
826 5087 865 5145 ut
879 5089 1048 5145 consteta
1067 5077 1149 5168 qni-

157 5182 226 5250 bns
241 5175 446 5247 doctoribus
462 5175 656 5264 acceperint
671 5175 877 5244 doctrinam.
911 5174 990 5247 Hoc
1002 5174 1148 5269 utApo-

160 5281 333 5352 stolorum
362 5289 540 5365 tempore,
580 5276 626 5344 ita
660 5300 755 5346 nnnc
782 5301 923 5374 quoque
952 5279 1146 5370 plurimum

1201 1199 1377 1269 sustinent
1400 1202 1565 1270 doctores
1586 1202 1624 1269 in
1640 1197 1792 1280 Scholia.
1844 1205 1924 1277 Hoc
1939 1210 2029 1280 scire
2041 1221 2191 1301 oportet,

1201 1303 1366 1394 aquibus
1387 1304 1573 1373 autoribus
1595 1307 1794 1394 acceperint
1807 1309 2026 1397 doctrinam,
2052 1325 2086 1381 et
2106 1310 2191 1379 reti-

1201 1429 1285 1472 nere
1300 1403 1510 1495 puritatem,
1536 1430 1576 1475 sc
1593 1428 1715 1476 cavere
1735 1432 1780 1478 ne
1800 1412 2062 1485 admisceantur
2079 1434 2191 1482 novae

1202 1518 1236 1575 et
1250 1530 1377 1596 pravae
1392 1507 1590 1598 opiniones.
1645 1507 1747 1580 Sicut
1765 1511 1803 1581 in
1823 1510 1980 1584 Ecclesia
1994 1508 2191 1587 Antioche-

1203 1631 1259 1692 no,
1279 1632 1360 1677 cum
1375 1607 1508 1678 Paulus
1518 1607 1767 1681 samosatenus
1782 1637 1884 1685 suum
1900 1640 2076 1688 venenum
2092 1638 2191 1704 spara

1202 1732 1282 1798 gere
1311 1709 1499 1802 coepisset,
1541 1710 1742 1802 intelligens
1774 1711 1976 1804 Malchion,
2019 1719 2082 1813 qui
2114 1730 2192 1789 erat

1203 1834 1294 1880 unus
1310 1835 1351 1879 ex
1368 1810 1589 1899 doctoribus,
1615 1836 1748 1884 novum
1773 1818 1817 1887 ab
1838 1843 1878 1888 eo
1894 1820 2020 1910 dogma
2041 1820 2127 1900 seri,
2154 1831 2190 1888 et

1201 1913 1381 2001 corrumpi
1400 1926 1549 1983 veterem
1566 1915 1769 2006 puritatem,
1784 1908 1931 2012 'primus
1946 1922 2122 2001 clamavit,
2155 1932 2190 1990 et

1202 2013 1328 2083 vicinis
1343 2010 1539 2104 Episcopis,
1559 2011 1804 2090 Alexandrino
1817 2010 2189 2119 etHie'rosolymitano
2213 2100 2218 2111 ‚

1200 2114 1410 2205 significavit
1427 2131 1599 2209 quantum
1620 2134 1709 2191 esset
1732 2124 1891 2212 periculi.
1945 2124 1998 2197 lta
2011 2118 2190 2197 Malchio-

1201 2217 1258 2286 nis
1271 2219 1339 2286 fide
1356 2232 1390 2287 et
1403 2218 1586 2308 diligentia
1604 2211 1839 2312 confutatum,
1860 2239 1896 2296 et
1910 2229 2122 2320 extirpatum
2137 2236 2191 2294 est

1201 2317 1421 2390 Samosateni
1439 2321 1620 2394 delirium.
1674 2321 1797 2413 Quare
1817 2328 2053 2400 ministerium
2066 2327 2190 2399 Evan-

1201 2421 1301 2510 gelii,
1328 2423 1415 2492 etin
1432 2417 1580 2504 sobolis,
1607 2436 1642 2495 et
1663 2425 1703 2494 in
1716 2422 1885 2502 Ecclesiis
1907 2432 1983 2524 pari
2003 2453 2087 2500 cura
2102 2429 2188 2499 reti-

1200 2524 1378 2607 nendum,
1404 2537 1437 2593 et
1452 2525 1714 2611 defendendum
1733 2544 1795 2604 est.
1845 2530 1902 2603 Pii
1916 2532 2097 2625 Principes
2111 2556 2186 2601 non

1200 2625 1316 2695 solum
1343 2619 1480 2695 scholas
1501 2627 1715 2699 constituere
1738 2633 1886 2715 debent,
1912 2638 1971 2706 sed
1995 2635 2099 2706 etiam
2121 2635 2187 2704 eli-

1200 2749 1281 2816 gere
1302 2749 1411 2817 genus
1434 2728 1633 2814 doctrinae,
1664 2754 1728 2801 ceu
1749 2736 1977 2806 seminarium
2004 2749 2186 2827 acceptum

1199 2841 1292 2898 certa
1318 2843 1351 2899 et
1376 2829 1475 2898 lirma
1500 2834 1706 2918 autoritate,
1730 2848 1896 2906 etcurarc
1913 2861 1958 2907 ne
1973 2838 2062 2907 illud
2080 2838 2188 2906 semi-

1200 2930 1340 3000 narium
1355 2948 1612 3022 corrumpatur.
1660 2933 1811 3007 Haecin
1824 2934 1954 3009 scholis
1966 2964 2049 3010 cura
2063 2962 2187 3008 neces-

1199 3033 1289 3101 saria
1311 3045 1381 3112 est,
1407 3045 1447 3102 ut
1472 3036 1657 3124 posteritas
1681 3039 1786 3122 sciat,
1811 3041 1912 3112 cuins
1933 3054 2035 3113 notae
2053 3042 2187 3111 doctri-

1199 3158 1282 3205 nam
1299 3134 1481 3225 acceperit.
1532 3135 1633 3207 llanc
1655 3139 1693 3208 in
1709 3140 1936 3234 Principibus
1956 3158 1990 3213 et
2008 3144 2047 3213 in
2062 3141 2187 3213 Eccle-

1199 3237 1250 3306 sia
1275 3236 1496 3326 diligentiam
1520 3241 1669 3333 requirit
1687 3239 1803 3329 Deus,
1830 3247 1874 3312 ad
1897 3241 1985 3315 haec
2006 3247 2197 3338 praecipit,

1199 3351 1239 3408 ut
1260 3361 1382 3407 omnes
1414 3362 1481 3429 pro
1503 3363 1564 3409 sua
1588 3344 1771 3414 vocatione
1794 3357 1923 3416 ornent
1956 3360 1991 3417 et
2021 3349 2190 3418 adiuvent

1201 3436 1267 3507 boc
1288 3439 1537 3514 ministerium.
1592 3440 1645 3514 Ac
1661 3446 1844 3537 praecipue
1861 3472 1943 3534 vos,
1967 3451 2031 3543 qni
2054 3451 2091 3519 in
2113 3463 2189 3520 stu·

1201 3541 1271 3609 diis
1289 3541 1498 3622 versamini,
1525 3545 1674 3635 cogitate
1697 3571 1761 3618 nos
1790 3572 1864 3619 non
1891 3564 2027 3622 tantum
2050 3552 2187 3643 privata

1200 3643 1384 3712 vocatione
1399 3655 1596 3715 vestrorum
1610 3651 1846 3740 superiorum,
1871 3654 1930 3722 sed
1946 3651 2086 3744 publica
2102 3651 2188 3722 uni-

1199 3768 1320 3813 versae
1336 3742 1512 3814 Ecclesiae
1534 3751 1718 3821 vocatione
1738 3753 1926 3824 collocatos
1949 3776 2024 3824 esse
2041 3755 2080 3822 in
2095 3749 2188 3826 hanc

1200 3847 1397 3930 stationem,
1411 3859 1450 3915 nt
1466 3852 1652 3942 praecipue
1665 3854 1862 3925 doctrinam
1874 3850 2057 3945 Evangelii
2072 3857 2189 3927 disca·

1200 3949 1263 4031 tis,
1297 3961 1330 4017 et
1349 3962 1389 4018 ut
1413 3949 1558 4039 plurimi
1580 3975 1618 4022 se
1636 3957 1680 4025 ad
1702 3956 1937 4028 ministerium
1966 3972 2185 4049 praeparent.

1201 4048 1280 4139 Qua
1297 4050 1334 4118 in
1349 4074 1388 4119 re
1403 4076 1466 4119 vos
1479 4055 1704 4142 gravissimae
1724 4060 2013 4131 comminationes
2039 4071 2073 4129 et
2101 4083 2189 4151 pro-

1201 4152 1385 4221 missiones
1409 4153 1553 4224 divinae
1570 4173 1751 4242 moveant,
1777 4154 1940 4232 Christus
1952 4161 2087 4256 inquit:
2112 4160 2188 4251 Qui

1200 4255 1325 4346 recipit
1348 4251 1561 4344 Prophetam
1587 4258 1625 4327 in
1649 4261 1794 4331 nomine
1815 4260 2031 4356 Prophetae,
2054 4287 2188 4334 merce-

1200 4358 1279 4425 dem
1297 4351 1494 4448 Prophetae
1511 4359 1668 4449 accipiet,
1697 4376 1746 4432 et:
1773 4364 1813 4435 si
1829 4366 1909 4460 quis
1925 4366 2063 4437 dederit
2081 4365 2187 4435 alicui

1200 4483 1241 4526 ex
1262 4459 1419 4526 minimis
1443 4459 1519 4528 istis
1536 4473 1658 4549 potum
1680 4489 1811 4557 aquae,
1835 4481 1972 4538 tantum
1989 4468 2026 4536 in
2042 4469 2189 4537 nomine

1200 4559 1385 4651 discipuli,
1416 4555 1532 4628 Amen
1556 4562 1634 4633 dico
1657 4569 1772 4651 vobis,
1806 4590 1880 4637 non
1906 4573 2031 4661 perdet
2054 4590 2188 4639 merce-

1200 4661 1280 4727 dem
1304 4684 1413 4733 snam.
1465 4659 1586 4747 Quare
1611 4660 1665 4749 hi,
1693 4671 1755 4762 qui
1778 4672 2002 4741 benefaciunt
2018 4671 2189 4742 ministris

1199 4756 1458 4848 Ecclesiarum,
1485 4787 1503 4832 a
1518 4761 1661 4840 Christo
1679 4773 1842 4853 vicissim,
1869 4788 2051 4864 expectent
2065 4775 2190 4844 deleta-

1199 4864 1334 4933 sionem
1362 4879 1395 4934 et
1419 4865 1530 4936 multa
1545 4870 1612 4940 alia
1632 4873 1809 4942 beneficia.
1860 4873 2002 4964 Quanta
2020 4875 2189 4945 immani·

1199 4978 1270 5037 tate
1284 4967 1358 5035 odii
1374 4964 1579 5055 Pontifices,
1618 4987 1652 5043 et
1673 4975 1777 5045 multi
1792 4973 1907 5066 Reges
1932 5002 1971 5047 ac
1993 4976 2189 5070 Principes,

1199 5071 1367 5140 adversus
1384 5065 1616 5160 Evangelium
1633 5078 1844 5158 exarserint,
1871 5081 2008 5171 quoties
2023 5081 2093 5150 iam
2111 5081 2190 5151 bel-

1199 5172 1272 5239 lum
1296 5173 1544 5245 denunciarint
1564 5179 1694 5246 nostris
1717 5178 1961 5272 Principibus,
1988 5208 2077 5275 qnos
2091 5179 2192 5253 Deus

1198 5274 1353 5358 vocavit,
1375 5289 1417 5345 ut
1438 5289 1566 5346 tectum
1591 5280 1734 5372 aliquod
1760 5285 1951 5373 praebeant
1973 5287 2042 5377 piis
2064 5287 2192 5356 docto-

159 5379 268 5454 habet
287 5377 470 5449 momenti.
521 5373 611 5446 Cum
635 5377 730 5445 enirn
752 5403 897 5470 magnae
921 5380 998 5451 sint
1010 5383 1148 5452 dissen-
1198 5374 1317 5460 ribus,
1343 5379 1491 5448 memini
1508 5379 1696 5451 obscurum
1714 5401 1775 5455 est.
1820 5383 1917 5454 lnter
1932 5382 2016 5457 haec
2032 5389 2190 5480 pericula

159 5486 289 5571 siones,
315 5484 360 5553 de
374 5479 552 5565 doctrina,
577 5502 658 5550 cum
672 5501 799 5571 magna
813 5483 1005 5553 certamina
1021 5485 1147 5556 extite·
1197 5490 1335 5549 tantum
1360 5474 1417 5550 his
1441 5505 1498 5552 me
1522 5484 1817 5569 promissionibus
1851 5500 2027 5575 sustento,
2057 5491 2192 5583 quibus
