4732 6030
257 216 333 294 947

272 389 340 462 Νο.
359 388 444 459 121.
526 381 532 391 ’

273 483 444 517 w

376 573 452 656 De
471 563 748 679 portitores
767 560 960 648 motibus
976 558 1139 642 cordis.

333 743 363 798 ln
375 708 465 796 select.
480 740 603 794 Declam.
619 736 705 790 T.1V.
725 756 749 804 p.
766 734 816 788 299
827 752 899 857 Ἄρη,
915 732 1030 786 Servest.
1045 732 1079 783 Τ.
1092 732 1141 784 lV.
1160 731 1256 813 p3965‘r.

365 822 391 864 et
406 808 533 863 Iliclrard.
545 807 579 861 Τ.
591 807 623 861 ΙΙ.
643 825 671 888 p.
685 806 740 858 191.
758 832 794 842 -
863 805 934 874 ylrus
953 806 980 853 in
1000 802 1161 869 chronolog.
1178 804 1256 854 berr-

365 889 477 949 ptorum
493 875 558 930 Mel.
571 877 664 930 retulit
678 875 748 928 banc
762 883 831 927 orat.
845 874 879 927 ad
893 889 994 925 aunum
1011 872 1088 924 1550.

1079 399 1128 443 en.
1145 377 1240 441 1550.

1077 467 1247 496 Μ

267 1042 395 1112 Oratio
420 1035 467 1109 de
486 1034 661 1129 portibus
683 1043 722 1106 et
736 1030 899 1106 motibus
918 1028 1064 1123 cordis3
1090 1034 1257 1101 recitato

485 1163 509 1211 o
537 1141 583 1212 D.
609 1135 778 1210 Iacobo
804 1131 1036 1208 Milichie.

268 1282 379 1363 Initio
394 1291 477 1373 tibi,
503 1290 757 1380 omnipotenti,
786 1288 867 1354 vivo
884 1300 917 1354 et
934 1307 1015 1351 vero
1032 1281 1119 1361 Deo,
1147 1297 1258 1350 aeter-

268 1419 315 1463 no
348 1394 440 1483 patri
470 1390 617 1460 Domini
647 1391 759 1458 nostri
792 1388 869 1455 lesu
894 1381 1045 1466 Christi,
1080 1385 1257 1452 conditori

267 1495 357 1566 coeli
375 1508 408 1563 et
422 1508 554 1573 terrae,
585 1507 619 1561 et
645 1488 831 1560 hominum
855 1502 888 1557 et
907 1488 1056 1556 aliarum
1082 1499 1258 1554 creatura·

268 1620 369 1676 rum,
395 1619 465 1663 una
483 1619 563 1663 cum
579 1593 652 1661 lilio
667 1613 728 1661 tuo
746 1591 898 1659 Domino
920 1602 1040 1657 nostro
1058 1584 1132 1655 lesu
1152 1583 1257 1655 Chri-

268 1711 339 1776 sto,
372 1696 537 1764 crucifixo
570 1719 631 1782 pro
662 1694 763 1762 uobis
791 1705 824 1759 et
851 1691 1073 1769 resuscitato,
1101 1681 1201 1783 λόγῳ
1226 1702 1256 1755 et

269 1798 372 1865 icone
394 1809 471 1877 tua,
498 1809 531 1864 et
546 1794 681 1883 Spiritu
696 1807 837 1875 sancto,
863 1791 1031 1881 sapienti,
1060 1791 1171 1871 bono,
1200 1787 1273 1855 ves

271 1899 362 1980 raci,
386 1896 495 1978 iusto,
522 1909 632 1978 casto,
658 1895 784 1974 iudici,
807 1890 1056 1962 'conservatori
1082 1886 1259 1958 Ecclesiae

271 2013 369 2085 tuae,
396 1998 524 2086 gratias
539 2020 604 2083 ago
621 2011 693 2066 toto
713 2010 862 2087 pectore,
889 1995 984 2087 quod
1002 1987 1172 2061 haetenus
1190 1994 1259 2060 cle·

271 2113 408 2168 menter
429 2122 493 2166 nos
515 2098 706 2188 protexisti.
761 2095 885 2186 Teque
902 2120 966 2163 oro
985 2109 1130 2184 propter
1148 2094 1258 2162 filium

272 2214 391 2283 tuum,
418 2213 451 2267 et
463 2213 543 2268 tuae
556 2198 687 2284 gloriae
702 2219 824 2280 causa,
851 2221 894 2263 ue
910 2197 1006 2263 sinas
1020 2196 1058 2261 in
1075 2190 1130 2262 his
1147 2197 1259 2284 regio-

273 2302 378 2370 nibus
396 2300 551 2388 extingui
568 2295 712 2369 honesta
729 2297 909 2367 doctrinae
925 2297 1051 2368 studia.

375 2397 422 2470 Ut
439 2414 555 2469 autem
571 2403 613 2469 ad
632 2400 817 2469 utilitatem
836 2398 1029 2468 iuventutis
1051 2397 1186 2490 aliquid
1206 2400 1262 2466 di-

273 2525 409 2581 camus‚
436 2501 548 2590 delegi
573 2496 639 2570 boc
660 2500 1103 2591 temporedescriptionem
1134 2501 1260 2579 cordis,

275 2627 378 2697 quam
401 2618 580 2694 utcunque
604 2603 803 2671 iunioribus
824 2606 1013 2691 exponam,
1039 2615 1077 2670 ut
1101 2602 1260 2670 conside-

274 2705 363 2775 ratio
381 2705 455 2772 eius
472 2707 515 2772 de
531 2702 597 2772 Dei
619 2704 786 2779 consilio,
813 2707 905 2773 etde
928 2703 1115 2772 affectuum
1139 2706 1262 2772 mode-

273 2807 409 2874 ratione
434 2805 572 2898 aliquos
596 2806 897 2875 commonefaciat.
949 2802 1054 2874 Scitis
1080 2804 1173 2872 enim
1197 2827 1261 2873 nos

274 2903 383 2976 iubis
400 2907 659 2997 congressibus,
684 2907 771 2974 alias
786 2908 829 2974 de
845 2904 912 2974 alia
929 2917 1075 2974 naturae
1091 2922 1188 2996 parte
1205 2907 1262 2974 di-

275 3031 370 3090 cere,
403 3033 480 3077 cum
502 3010 655 3078 intanta
680 3007 915 3098 amplitudine
937 3020 1098 3088 naturae,
1136 3009 1262 3076 multas

276 3123 390 3197 partes
408 3110 513 3177 simul
538 3110 720 3199 complecti
743 3133 816 3178 non
840 3110 1022 3200 possimus.
1077 3106 1130 3177 Ac
1148 3133 1262 3199 nuper

277 3207 315 3275 in
338 3230 463 3295 genere
486 3209 529 3274 de
551 3211 710 3276 doctrina
738 3212 933 3280 anatomica
961 3210 1132 3293 diximus,
1168 3225 1200 3280 et
1223 3225 1262 3279 ut

277 3309 319 3376 ad
340 3331 415 3374 eam
434 3308 635 3375 discendam
658 3309 812 3377 iuniores
829 3307 1116 3394 adhortamur,
1143 3335 1261 3380 causas

276 3432 350 3477 non
374 3408 466 3476 leves
492 3409 734 3487 recitavimus,
767 3410 959 3478 necessaria
982 3424 1032 3479 est
1055 3411 1148 3476 enim
1177 3407 1262 3478 baec

276 3510 430 3600 cognitio
445 3510 628 3594 omnibus,
653 3513 748 3579 etad
768 3513 932 3581 tuendam
952 3511 1201 3592 valetudinem,
1229 3526 1262 3580 et

275 3614 320 3682 ad
340 3613 566 3701 depellendos
591 3614 744 3684 morbos.
798 3611 948 3680 Mirifice
975 3636 1056 3679 vero
1079 3614 1262 3683 coufirmat

277 3712 313 3782 in
341 3715 471 3782 nostris
494 3714 672 3782 mentibus
697 3713 939 3781 adsensionem
964 3716 1007 3781 de
1029 3715 1262 3804 providentia,

275 3838 357 3882 nam
377 3810 467 3882 hanc
490 3828 621 3884 tantam
643 3828 752 3883 artem
773 3817 808 3882 iu
833 3810 995 3882 machina
1018 3811 1164 3883 humani
1184 3842 1261 3885 cor-

274 3915 387 4007 poris,
422 3929 455 3984 et
476 3918 640 3984 ordinem
670 3917 887 4004 singularum
911 3919 1064 4007 partium
1089 3931 1123 3986 et
1152 3919 1261 3988 actio-

275 4041 381 4093 num,
409 4017 574 4099 noticias,
600 4041 783 4097 numeros,
809 4019 918 4104 leges,
945 4020 1261 4099 ratiocinationem,

275 4119 457 4188 electionis
472 4119 689 4194 facultatem,
717 4142 795 4186 casu
813 4120 981 4202 extitisse,
1008 4134 1041 4189 et
1057 4142 1138 4189 casn
1156 4122 1259 4189 talem

274 4244 416 4287 manere
433 4215 619 4287 hominum
638 4233 797 4286 naturam
812 4220 1029 4309 impossihile
1048 4236 1109 4294 est.

375 4317 441 4387 Est
462 4320 569 4408 igitur
591 4321 666 4388 siue
691 4321 762 4388 ulla
783 4323 1004 4390 dubitatione
1027 4347 1126 4391 mens
1145 4317 1260 4391 arehi-

276 4420 452 4499 tectatrix,
480 4423 636 4508 sapiens,
665 4421 774 4503 bona,
806 4446 927 4504 verax,
956 4424 1061 4507 iusta,
1094 4424 1260 4507 benefica,

274 4537 386 4612 casta,
408 4521 609 4600 liberrima,
636 4545 782 4590 cernens
806 4535 839 4592 et
861 4523 1021 4590 iudicans
1049 4527 1168 4593 omnia
1194 4520 1259 4592 ho·

273 4625 409 4695 minum
433 4627 533 4694 facta.
595 4621 665 4691 Nec
691 4628 909 4714 aspernanda
935 4640 985 4695 est
1009 4621 1094 4696 haec
1114 4625 1258 4704 utilitas,

272 4731 364 4817 quod
383 4726 489 4798 huius
503 4725 657 4794 mirandi
676 4727 814 4795 ordinis
829 4741 863 4796 et
878 4728 963 4798 artis
978 4726 1258 4799 consideratione

273 4828 315 4891 ad
338 4831 552 4916 agnitionem
568 4823 635 4897 Dei
660 4830 879 4902 deducimur,
931 4829 978 4900 Ut
999 4845 1115 4901 autem
1134 4852 1258 4902 accen-

272 4925 402 4995 dantur
430 4931 540 4999 animi
566 4931 769 5014 iuniorum,
809 4953 911 5020 saepe
933 4932 976 4998 de
1006 4937 1127 5003 eodem
1153 4928 1258 5020 argu-⁴

272 5039 392 5094 mento
416 5029 602 5099 dicendum
634 5048 702 5114 est,
740 5047 773 5103 et
800 5057 896 5101 nunc
925 5034 969 5100 de
998 5039 1102 5105 corde
1130 5038 1257 5117 dicam,

638 199 798 276 DECL.
831 196 908 273 DE
939 195 1235 271 PARTIBUS
1267 196 1342 272 ΕΤ
1376 192 1649 270 MOTIBUS
1680 193 1915 272 CORDlS.

2216 194 2306 270 948

1308 383 1430 462 potest,
1450 372 1512 439 sed
1528 370 1616 438 loris
1631 381 1812 461 uteunque
1824 368 1943 437 omnia
1958 366 2161 457 aspicimus,
2188 376 2224 435 et
2235 366 2308 436 ali·

1307 496 1377 564 qua
1403 495 1443 539 ex
1472 483 1572 561 parte
1595 485 1825 553 structuram,
1859 471 2044 561 qualitates
2072 480 2108 536 et
2136 467 2233 537 vires
2262 493 2307 538 ex

1308 573 1556 642 effectionibus
1588 574 1746 664 ipsorum
1776 572 2032 654 diiudicamus,
2069 582 2193 638 tamen
2228 593 2307 641 nou

1309 689 1492 765 propterea
1513 670 1599 742 haec
1615 673 1775 743 doctrina
1794 673 1992 742 abiicienda
2008 685 2072 744 est.
2127 669 2217 742 Vult
2239 697 2306 744 uos

1308 774 1404 845 Deus
1427 776 1569 845 exordia
1594 772 1699 845 huius
1715 775 1908 864 sapientiae
1924 775 1963 842 in
1985 769 2051 842 hac
2068 772 2141 843 vita
2158 774 2307 860 discere,

1308 892 1427 968 postea
1457 881 1634 946 intuentes
1664 878 1774 966 ipsam
1805 890 1952 944 naturae
1974 876 2089 943 ideam
2121 877 2161 942 in
2184 891 2306 949 mente

1309 981 1451 1061 divina,
1486 1003 1560 1047 uon
1581 979 1697 1047 solum
1724 977 1974 1068 perspiciemus
1997 999 2118 1044 rerum
2140 979 2306 1049 substan-

1310 1083 1393 1162 tias,
1428 1085 1487 1149 sed
1514 1081 1618 1148 etiam
1648 1078 1793 1147 consilia
1818 1077 1883 1146 Dei
1911 1101 2180 1166 cognoscemus,
2212 1082 2304 1173 quid

1310 1207 1372 1253 cor
1390 1183 1435 1252 ita
1453 1184 1604 1251 condere
1617 1181 1745 1249 rectius
1760 1180 1876 1248 luerit.
1913 1177 1969 1248 Ad
1987 1177 2079 1248 hanc
2094 1180 2300 1271 sapientiam

1311 1285 1386 1352 vult
1404 1309 1469 1352 nos
1492 1285 1530 1351 in
1557 1276 1641 1365 hoc,
1665 1298 1705 1352 ut
1728 1281 1776 1349 ita
1796 1283 1929 1365 dicam,
1960 1282 2138 1375 tyrocinio
2158 1307 2301 1377 praepa·

1311 1386 1392 1453 rari.
1433 1384 1486 1453 Ac
1505 1385 1616 1453 multo
1633 1383 1749 1451 cordis
1765 1383 1950 1452 obscurior
1965 1396 2091 1453 natura
2108 1400 2172 1469 est,
2199 1408 2302 1480 qoam

1311 1488 1461 1555 aliorum
1486 1486 1737 1556 membrorum.
1799 1482 1906 1570 Quod
1939 1485 1978 1551 in
2011 1497 2109 1577 epate
2142 1488 2181 1557 lit
2210 1483 2306 1582 chyli

1312 1588 1423 1659 coctio
1447 1601 1480 1656 et
1506 1610 1616 1654 massa
1634 1584 1825 1674 sanguinea
1840 1585 2014 1674 gignitur,
2037 1587 2156 1658 minus
2171 1589 2306 1659 mirum

1312 1691 1495 1771 ducimus,
1531 1702 1581 1756 est
1606 1687 1700 1754 enim
1725 1688 1886 1777 cognatio
1908 1690 2024 1757 carnis
2047 1703 2081 1759 et
2110 1691 2307 1781 sanguinis.

1311 1787 1359 1860 Et
1383 1791 1543 1858 videmus
1568 1787 1733 1857 flosculos
1765 1803 1969 1858 convertere
1995 1813 2109 1858 rorem
2139 1793 2305 1861 insuam

1312 1906 1492 1976 naturam,
1515 1891 1573 1959 sed
1592 1889 1656 1980 qui
1671 1889 1708 1956 fit
1731 1903 1769 1958 ut
1790 1915 1851 1958 cor
1868 1892 1982 1961 subita
2000 1891 2210 1980 cogitatione
2230 1895 2306 1961 im-

1313 1995 1473 2085 pulsum,
1499 1990 1615 2060 statim
1635 1989 1866 2081 rapidissimis
1881 1994 2036 2063 motibus
2050 1994 2204 2064 cieatur?
2230 1997 2305 2065 lae-

1313 2096 1413 2174 ticia,
1440 2093 1579 2174 dolore,
1605 2115 1677 2181 spe,
1703 2106 1811 2173 metu,
1839 2093 1908 2173 ira,
1931 2095 2083 2165 flammis
2099 2095 2232 2168 amoris
2244 2110 2305 2167 aut

1313 2196 1407 2279 odii,
1433 2196 1613 2287 quomodo
1631 2216 1701 2272 cor,
1729 2194 1823 2286 quod
1841 2210 1892 2264 est
1907 2219 1987 2266 caro
2014 2200 2123 2289 spissa
2149 2213 2184 2269 et
2206 2201 2305 2282 dura,

1313 2298 1496 2366 dissimilis
1529 2288 1685 2363 naturaie·
1711 2295 1925 2384 intelligenti
1958 2324 2018 2368 seu
2045 2301 2134 2386 luci,
2171 2300 2306 2371 moveri

1314 2412 1426 2490 potest
1441 2396 1677 2487 cogitatione?
1703 2409 1738 2465 et
1753 2400 1848 2467 unde
1862 2413 1958 2469 tanta
1974 2417 2153 2485 motuum,
2177 2402 2306 2471 videli-

1314 2514 1366 2569 cet
1384 2500 1593 2582 affectuum,
1616 2498 1799 2566 diversitas
1812 2514 1863 2570 est
1879 2501 1915 2568 in
1932 2527 2000 2572 una
2014 2520 2047 2573 et
2061 2504 2169 2571 simili
2184 2503 2303 2570 carnis

1315 2602 1450 2670 massa?
1474 2601 1662 2687 Quomodo
1678 2601 1773 2689 gigni
1793 2618 1934 2690 possunt
1949 2605 2083 2674 viribus
2097 2599 2205 2674 huius
2220 2628 2304 2674 cru-

1314 2705 1378 2772 dac
1394 2703 1509 2771 caruis
1536 2702 1679 2790 spiritus
1697 2702 1839 2780 vitales,
1863 2705 1923 2795 qui
1944 2719 2031 2775 sunt
2051 2706 2216 2775 flammae
2242 2729 2303 2775 su·

1314 2817 1475 2895 perantes
1489 2804 1566 2872 luce
1582 2816 1615 2872 et
1631 2802 1825 2874 subtilitate
1841 2806 1970 2875 solem?
1994 2803 2073 2876 Etsi
2086 2820 2204 2876 autem
2220 2820 2303 2877 tan-

1313 2918 1427 2974 tarum
1454 2929 1572 2973 rerum
1597 2926 1719 2972 causae
1741 2907 1881 2976 ostendi
1902 2933 1975 2977 nou
1989 2921 2150 2998 possunt,
2178 2921 2302 2977 tamen

1315 3007 1580 3096 progrediamur
1596 3029 1666 3096 quo
1684 3030 1879 3095 possumus.
1932 3009 1977 3078 ln
1999 3034 2039 3078 ea
2063 3009 2214 3098 corporis
2228 3003 2302 3078 hu·

1315 3109 1410 3176 mani
1437 3119 1536 3198 parte
1561 3131 1649 3198 quae
1672 3122 1791 3195 pectus
1811 3110 2035 3194 nominatur,
2062 3110 2196 3179 inclusa
2214 3110 2303 3178 ossi-

1315 3212 1379 3278 bus
1393 3204 1547 3278 thoracis
1561 3232 1672 3300 usque
1689 3211 1732 3276 ad
1748 3211 1988 3300 cartilaginem
2013 3207 2179 3307 ξιφοειδῆ
2200 3226 2234 3283 et
2248 3235 2302 3280 re-

1314 3313 1453 3399 gionem
1464 3309 1664 3392 ventricnli,
1678 3335 1696 3377 a
1714 3334 1780 3400 qua
1795 3310 1978 3380 dirimitur
1995 3310 2204 3402 phrenibus,
2220 3326 2300 3383 sunt

1315 3435 1407 3494 ossa,
1434 3412 1634 3501 panniculi,
1660 3422 1697 3479 ut
1719 3434 1756 3479 ea
1776 3434 1864 3503 quae
1891 3413 2066 3503 succingit
2086 3428 2216 3498 costas,
2244 3414 2301 3481 iu-

1315 3513 1506 3602 tersepiens
1537 3513 1610 3580 sive
1642 3512 1887 3596 mediastinus,
1925 3510 2180 3605 diaphragma,
2219 3515 2300 3584 item

1314 3615 1429 3682 cordis
1460 3614 1702 3697 involucrum,
1736 3627 1771 3683 et
1800 3639 1859 3683 cor
1885 3615 2001 3704 ipsum
2026 3641 2107 3687 cum
2140 3629 2239 3688 aorta
2267 3626 2301 3683 et

1315 3741 1482 3784 venarum
1509 3715 1710 3799 canalibuS,
1741 3715 1825 3784 item
1849 3717 1970 3806 pulmo
1994 3742 2074 3786 cum
2100 3719 2173 3786 suis
2197 3717 2300 3795 vasis,

1315 3835 1347 3888 et
1370 3819 1508 3908 aliquae
1533 3817 1685 3905 gutturis
1707 3831 1740 3889 et
1761 3818 1861 3906 gulae
1883 3832 2013 3910 partes:
2039 3820 2096 3887 sed
2120 3824 2161 3886 de
2176 3816 2300 3885 omui-

1314 3921 1378 3987 bus
1392 3920 1459 3985 iam
1476 3919 1545 3986 dici
1561 3942 1633 3986 nou
1652 3932 1776 4008 potest.

1389 4016 1523 4089 Ordiar
1540 4021 1707 4111 igitnrab
1722 4044 1761 4089 ea
1782 4034 1897 4111 parte,
1916 4044 2002 4112 quae
2016 4017 2227 4087 nominatur
2243 4018 2301 4087 in·

1314 4123 1496 4191 volucrum
1519 4123 1634 4192 cordis
1664 4135 1698 4191 et
1724 4114 1955 4216 neptuoipdtoe
1970 4114 2099 4212 χιτών,
2122 4123 2220 4212 quod
2240 4144 2300 4189 cor

1313 4226 1547 4317 undequaque
1570 4224 1684 4292 munit
1701 4246 1741 4292 ac
1758 4224 1862 4313 tegit,
1888 4237 1941 4293 est
1957 4225 2051 4291 enirn
2064 4222 2161 4291 velut
2181 4222 2299 4290 cordis

1312 4327 1550 4411 domicilium,
1563 4373 1566 4380 ·
1577 4326 1615 4394 in
1638 4350 1708 4418 quo
1727 4337 1760 4392 et
1776 4326 1945 4395 munitur
1962 4350 2022 4394 cor
2037 4338 2071 4393 et
2095 4325 2300 4392 sustinetur.

1312 4423 1375 4496 Est
1408 4445 1522 4498 autem
1557 4423 1624 4496 hoc
1650 4427 1875 4497 involucrum
1905 4429 2109 4497 membrana
2141 4424 2301 4514 simplex,

1312 4529 1421 4596 nullis
1437 4530 1621 4600 intertexta
1639 4527 1754 4608 libris,
1780 4531 1840 4597 sed
1856 4529 1954 4597 firma
1972 4543 2005 4598 et
2022 4528 2160 4608 valida,
2190 4528 2298 4616 figura

1311 4630 1411 4698 nucis
1427 4633 1569 4721 pineae,
1595 4630 1690 4698 intus
1705 4629 1887 4699 cavitatem
1905 4623 2051 4714 habeus,
2074 4651 2165 4721 quae
2186 4629 2301 4698 cordis

1310 4733 1528 4804 domicilium
1554 4743 1620 4814 est,
1648 4743 1724 4800 orta
1748 4732 1792 4800 ab
1809 4731 1895 4822 ipsis
1908 4755 2077 4801 venarum
2105 4742 2139 4800 et
2154 4731 2300 4800 arteria-

1309 4857 1389 4902 rum
1412 4836 1558 4915 tunicis,
1590 4857 1680 4924 quae
1703 4857 1766 4923 per
1789 4828 1880 4902 banc
1902 4837 2144 4902 membranam
2175 4837 2301 4902 ductus

1309 4930 1456 5019 habeut,
1482 4935 1620 5024 alligata
1638 4935 1849 5004 mediastino
1866 4948 1899 5005 et
1912 4931 2172 5025 diaphragmati
2192 4934 2301 5004 firmis

1309 5038 1466 5108 nexibus.
1493 5035 1571 5106 Hoc
1585 5036 1809 5105 involucrum
1826 5037 2085 5107 munimentum
2103 5048 2157 5104 est
2173 5037 2300 5118 cordis,

269 5129 366 5221 quod
391 5126 480 5195 vitae
501 5131 633 5198 fontem
657 5136 817 5206 nominat
838 5129 1063 5224 Aristoteles,
1096 5153 1129 5208 et
1154 5135 1255 5205 multi
1307 5137 1344 5205 in
1361 5164 1431 5230 quo
1447 5140 1494 5208 ita
1514 5141 1614 5221 latet,
1643 5152 1684 5208 ut
1700 5137 1886 5208 intervallo
1904 5153 1997 5208 certo
2013 5138 2118 5207 distet
2136 5139 2299 5232 undique

267 5228 412 5320 proprie
426 5231 543 5296 sedem
562 5244 595 5299 et
607 5234 827 5305 domicilium
844 5236 981 5304 animae
998 5262 1070 5311 esse
1086 5239 1254 5308 iudicant.
1306 5263 1366 5308 cor
1382 5216 1425 5309 ab
1441 5242 1536 5332 ipso,
1561 5240 1662 5309 itaut
1678 5263 1742 5307 nec
1757 5239 1823 5328 ipsi
1840 5234 2040 5324 adhaereat,
2063 5262 2129 5308 nec
2145 5240 2299 5312 alterum

266 5325 345 5402 Etsi
367 5341 485 5403 autem
510 5331 649 5400 nullum
680 5340 878 5409 membrum
906 5338 1048 5429 penitus
1071 5337 1253 5431 introspici
1305 5361 1345 5408 ex
1361 5344 1471 5414 altero
1488 5356 1608 5414 natum
1628 5341 1683 5412 sit.
1737 5335 1862 5411 luhac
1885 5365 1965 5412 arca
1986 5342 2216 5430 existimant,
2240 5366 2300 5414 seu
