4732 6030
231 204 313 283 *τη
828 198 990 275 unct.
1040 197 1098 273 nv
1140 194 1376 277 ruunnu
1416 192 1697 278 aurnuns
1780 268 1784 276 ,
1897 143 1900 147 ’
2187 200 2268 281 rra

244 402 334 478 quae
350 370 544 450 ostendunt
559 374 634 445 eins
650 365 849 444 doctrinam
866 395 940 444 non
956 394 1030 441 esse
1049 372 1232 445 seditiosas
1283 416 1286 421 -
1383 368 1435 443 Ac
1450 381 1529 463 post
1546 364 1738 463 Apostolos
1753 371 1913 465 sequitur
1927 395 2073 465 agmen,
2094 377 2192 470 quod
2205 381 2276 450 etsi

244 481 444 576 opiniones,
468 499 603 569 sparsas
618 499 722 545 coeco
739 474 888 567 impetu,
912 487 953 545 ut
966 468 1130 545 homines
1141 473 1233 567 Epi·¹
1277 472 1348 546 fuit
1370 471 1605 558 imbecillius,
1637 485 1755 543 umen
1776 468 1845 544 Dei
1866 475 2080 546 testimoniis
2105 491 2277 552 ornatum

205 632 208 637 ,
245 586 344 656 curci
359 583 533 654 iudicant:
558 579 618 646 sed
635 576 973 647 demonstrationem
987 575 1181 647 voluntatis
1199 588 1235 646 et
1280 588 1348 647 est:
1381 572 1615 669 Polycarpus,
1648 571 1832 659 irenaeus,
1857 573 2058 671 Gregorihs
2079 576 2279 654 Neocaesa-

135 692 139 700 '
246 686 322 755 veri
338 682 451 752 cultus
465 675 556 759 Dei,
582 691 618 748 et
635 678 903 770 explicationem
920 698 1098 747 sacrarum
1114 678 1234 747 litera·
1279 674 1426 761 ricmis,
1462 672 1634 760 Basilius,
1665 668 1907 765 Augustinus,
1949 677 2119 771 Prosper,
2153 681 2279 754 Maxi-

166 840 169 847 .
246 810 346 869 rum,
371 794 405 852 et
418 778 648 872 praeconium
664 779 764 850 verbi
780 777 867 865 Dei,
890 777 929 847 id
954 790 1025 865 est,
1046 774 1235 869 Evangelii
1280 786 1378 863 mus,
1403 774 1528 866 Hugo,
1558 774 1782 862 Bernardus,
1814 775 2008 867 Taulerus,
2034 795 2069 853 et
2088 783 2177 855 alibi
2198 787 2279 864 alii.

248 886 326 958 lesu
340 879 485 954 Christi.
1281 877 1361 951 Etsi
1387 877 1482 948 enim
1504 872 1591 948 hacc
1618 891 1794 968 postrema
1817 895 1955 952 senecta
1980 884 2179 976 squalidior
2206 901 2280 959 est:

348 981 427 1055 Etsi
445 984 554 1074 igitur
577 980 616 1049 in
631 975 688 1050 his
709 977 953 1065 orationibus,
975 1001 1066 1075 quae
1081 979 1144 1052 tali
1156 978 1234 1049 loco
1282 993 1400 1051 tamen
1415 978 1512 1049 Deus
1526 1001 1663 1069 semper
1678 977 1816 1072 aliquas
1829 981 1997 1075 reliquias
2010 987 2176 1059 servavit.
2226 986 2281 1062 Et

246 1084 436 1171 habentur,
457 1084 568 1153 multa
585 1085 628 1152 de
642 1082 860 1151 ornamentis
874 1083 1022 1171 privatis
1034 1104 1157 1151 eorum
1172 1080 1236 1173 qui
1283 1083 1396 1152 lucem
1410 1076 1596 1170 Evangelii
1609 1079 1886 1170 splendidiorem
1904 1108 2086 1158 accensam
2100 1111 2174 1160 esse
2188 1115 2279 1163 voce
2336 1097 2341 1106 '

247 1191 451 1272 laudantur,
477 1186 547 1255 dici
565 1185 693 1253 solent:
720 1196 839 1254 tamen
854 1204 918 1273 ego
934 1204 974 1252 ea
988 1195 1086 1274 parte
1103 1181 1236 1252 oratio-
1281 1176 1453 1261 botheri,
1476 1180 1702 1251 manifestum
1718 1198 1781 1258 est.

247 1290 305 1360 nis
328 1289 469 1372 relicta,
493 1299 633 1357 tantum
658 1287 703 1353 de
725 1279 793 1353 hor
808 1283 995 1375 praecipuo
1013 1284 1091 1354 loco
1109 1284 1236 1365 dicam,
1379 1277 1683 1353 Annumerandus
1714 1297 1767 1355 est
1801 1282 1911 1374 igitur
1943 1286 1997 1355 illi
2032 1285 2278 1380 pulcherrimo

247 1391 414 1461 videlicet
435 1391 479 1459 de
502 1410 650 1457 munere
676 1385 921 1456 ecclesiastico.
979 1382 1033 1456 lta
1054 1384 1151 1454 enim
1171 1385 1237 1456 bo-
1282 1383 1416 1475 agmini
1434 1406 1656 1454 summorum
1675 1384 1857 1469 virorum,
1882 1409 1972 1480 quos
1985 1386 2083 1461 Deus
2102 1396 2148 1462 ad
2173 1395 2278 1466 colli-

248 1515 317 1563 nae
337 1504 472 1561 mentes
487 1512 624 1580 semper
644 1499 813 1558 statuent:
841 1486 879 1556 Si
898 1485 1095 1556 doctrinam
1112 1486 1152 1554 in
1166 1483 1237 1556 Ee-
1284 1487 1434 1576 gandam
1462 1498 1496 1556 et
1522 1485 1787 1556 instaurandam
1812 1483 2006 1559 Ecclesiam
2034 1492 2152 1580 misit,
2185 1521 2277 1590 quos

248 1593 353 1667 clesia
386 1592 575 1662 salutarem
600 1602 635 1658 et
663 1589 893 1658 necessariam
920 1588 1130 1669 illustravit,
1160 1583 1237 1656 Deo
1285 1587 1429 1679 quidem
1452 1587 1680 1678 praecipuum
1704 1587 1829 1658 florem
1858 1611 1933 1659 esse
1955 1596 2095 1681 generis
2124 1591 2278 1670 humani

247 1695 379 1784 gratias
410 1694 563 1781 agendas
597 1712 687 1774 esse,
721 1690 921 1781 quodcum
949 1688 1167 1773 excitaverit,
1204 1701 1237 1757 et
1284 1688 1534 1778 intelligamus.
1567 1685 1717 1760 Fuerint
1728 1711 1811 1758 sane
1825 1691 1944 1780 magni
1958 1692 2028 1763 viri
2037 1693 2160 1782 Solon,
2175 1695 2280 1771 The-

227 1795 362 1888 «ipsius
373 1795 524 1878 labores,
545 1792 663 1876 fidem,
681 1789 925 1874 constantiam,
951 1803 985 1858 et
999 1801 1152 1858 caeteras
1165 1789 1238 1857 vir·
1285 1788 1473 1874 mistocles,
1493 1786 1625 1880 Scipio,
1639 1787 1829 1880 Augustus,
1848 1805 1884 1863 et
1898 1791 2041 1880 similes,
2065 1798 2128 1889 qui
2143 1821 2275 1890 magna

248 1910 341 1968 tutes
371 1896 568 1966 laudandas
600 1915 694 1976 esse,
734 1913 775 1960 ac
799 1890 1005 1960 memoriam
1032 1889 1108 1960 eius
1133 1889 1240 1960 bonis
1285 1890 1437 1981 imperia
1461 1888 1519 1959 vel
1545 1890 1820 1977 constituerunt,
1850 1893 1906 1963 vel
1929 1910 2111 1969 rexerunt:
2151 1910 2271 1972 umen

249 1998 416 2068 omnibus
429 1989 672 2066 charissimam
685 2014 770 2066 esse.
832 2048 836 2057 .
1078 2020 1084 2032 ·
1285 1991 1390 2081 longe
1415 1990 1602 2060 inferiores
1629 2005 1713 2062 sunt
1740 1986 1797 2062 his
1825 1994 1956 2065 nostris
1975 1997 2125 2070 durihus
2149 1996 2276 2087 lesaia,

352 2095 408 2169 Sit
421 2097 530 2187 igitur
543 2088 613 2163 hoc
626 2092 798 2164 orationis
812 2104 953 2162 nostrae
968 2088 1124 2164 initium.
1173 2090 1239 2162 Se·
1284 2089 1456 2183 Baptista,
1480 2089 1605 2173 Paulo,
1629 2088 1844 2183 Augustino,
1868 2091 2042 2172 Luthero.
2078 2097 2177 2173 Haec
2190 2125 2276 2174 vera

249 2201 327 2286 det,
347 2210 389 2268 ut
403 2195 536 2267 Paulus
552 2192 685 2286 inquit,
704 2193 799 2263 lilius
814 2188 882 2261 Dei
895 2193 940 2261 ad
954 2192 1112 2264 dextram
1127 2206 1240 2263 aeter·
1285 2191 1490 2264 discrimina
1504 2192 1702 2284 intelligere
1716 2219 1781 2266 nos
1797 2196 1835 2264 in
1852 2191 2011 2268 Ecclesia
2025 2204 2135 2276 decet

248 2301 290 2372 ni
307 2299 438 2392 patris,
462 2310 496 2367 et
510 2295 660 2385 largitur
673 2295 767 2364 bona
782 2287 1008 2377 hominibus,
1033 2295 1154 2380 idest,
1175 2318 1241 2363 vo-
1386 2291 1488 2383 Quae
1510 2293 1620 2384 igitur
1642 2318 1699 2367 res
1720 2319 1868 2386 magnae
1889 2311 1925 2369 et
1946 2323 2050 2372 verae
2074 2328 2095 2373 a
2116 2299 2276 2379 Luthero

250 2426 328 2473 cem
343 2396 531 2488 Evangelii
553 2409 588 2466 et
605 2395 778 2485 Spiritum
799 2408 976 2489 sanctumz
1001 2417 1092 2486 quae
1108 2408 1150 2467 ut
1170 2395 1241 2464 im·
1285 2396 1475 2488 patefactae
1500 2409 1600 2481 sunt,
1634 2420 1724 2489 quae
1744 2399 1938 2470 ostendunt
1960 2403 2036 2474 eius
2051 2406 2274 2477 'curriculum

249 2501 396 2595 partiat,
429 2498 555 2570 excitat
584 2490 795 2588 Prophetas,
831 2491 1038 2586 Apostolos,
1070 2495 1241 2568 Doctores
1285 2497 1505 2568 laudandum
1525 2497 1623 2568 esse?
1664 2494 1831 2571 Clamant
1851 2501 1947 2571 enim
1970 2505 2073 2575 multi
2094 2508 2274 2578 turbatam

249 2618 285 2675 et
306 2600 488 2686 Pastores,
513 2612 548 2670 et
571 2592 638 2668 bos
656 2597 766 2669 sumit
786 2620 828 2667 ex
849 2590 918 2668 hoc
939 2609 1080 2684 nostro,
1111 2597 1149 2668 id
1177 2611 1241 2681 est,
1285 2595 1497 2684 Ecclesiam,
1523 2612 1557 2670 et
1578 2601 1836 2670 controversias
1857 2604 2115 2678 inextricabiles
2137 2631 2276 2700 sparsas

249 2703 462 2774 discentium
494 2712 615 2784 coetu,
650 2697 714 2791 qui
740 2699 883 2789 legunt,
917 2699 1088 2785 audiunt,
1121 2713 1241 2770 amant
1286 2722 1370 2771 esse.
1421 2695 1491 2769 Hic
1518 2701 1715 2790 respondeo
1743 2703 1849 2772 talem
1880 2727 1955 2776 esse
1983 2708 2275 2795 gubernationem

250 2804 379 2895 scripta
400 2795 608 2895 prophetica
622 2812 656 2870 et
677 2799 879 2892 apostolica.
918 2796 992 2870 Nec
1005 2813 1144 2872 tantum
1159 2801 1240 2871 illos
1286 2786 1474 2875 Ecclesiae.
1524 2797 1617 2870 Cum
1633 2800 1789 2893 Spiritus
1802 2818 1944 2876 sanctus
1957 2811 2072 2899 arguit
2087 2815 2276 2897 mundum,

249 2919 352 2976 vocat
380 2906 425 2975 ad
455 2898 549 2973 hanc
579 2900 765 2988 militiam,
796 2898 860 2995 qui
881 2913 1002 2973 tenent
1022 2902 1240 2972 ordinariam
1286 2900 1432 2972 dissidia
1455 2915 1600 2994 propter
1622 2901 1814 2994 impiorum
1840 2908 2067 2997 pertinaciam
2093 2913 2274 2997 oriuntur,

249 3016 491 3098 potestatem·
500 3004 560 3074 sed
576 3027 677 3095 saepe
692 3002 765 3072 illis
786 3002 873 3094 ipsis
891 3001 1026 3073 bellum
1049 3003 1157 3075 insert
1177 3026 1241 3094 per
1286 3015 1322 3073 et
1342 3001 1447 3094 culpa
1471 3016 1522 3073 est
1545 3024 1668 3073 eorum
1692 3007 1753 3099 qui
1778 3009 1902 3078 audire
1924 3011 2037 3082 lilium
2049 3009 2117 3084 Dei
2131 3015 2273 3099 nolunt,

249 3103 421 3177 Doctores
441 3129 482 3176 ex
503 3105 583 3174 aliis
604 3105 792 3175 ordinibus
812 3102 975 3178 delectos.
1026 3099 1161 3198 Estque
1182 3104 1240 3175 iuss
1286 3107 1330 3175 de
1352 3128 1425 3198 quo
1440 3103 1600 3175 coelestis
1620 3118 1720 3196 pater
1736 3106 1870 3200 inquit:
1895 3107 2005 3183 Hunc
2019 3115 2150 3186 audite.
2197 3114 2275 3186 Lu-

251 3207 411 3278 cundum
433 3219 469 3276 et
490 3204 579 3274 utile
602 3206 858 3295 spectaculum,
891 3204 1023 3275 intueri
1045 3202 1238 3276 Ecclesiam
1286 3199 1408 3276 therua
1430 3227 1550 3276 veram
1571 3217 1606 3276 ct
1626 3210 1855 3279 necessariam
1878 3213 2080 3286 doctrinam
2102 3217 2276 3309 patefecit.

250 3307 412 3379 omnium
437 3317 607 3376 acutum:
641 3317 676 3374 et
696 3305 918 3374 considerare
939 3306 1135 3376 bonitatem
1159 3308 1241 3391 Dei,
1285 3305 1410 3377 Fuisse
1439 3307 1534 3375 enim
1557 3309 1717 3378 tenebras
1743 3309 1781 3375 in
1802 3310 1965 3381 doctrina
1987 3319 2033 3382 de
2056 3319 2276 3406 poenitentia

251 3409 315 3504 qui
329 3408 483 3479 subinde
496 3405 666 3489 salutares
681 3401 871 3488 Doctores,
897 3405 946 3473 ita
960 3406 1167 3476 continuato
1181 3431 1241 3476 or·
1286 3407 1522 3493 densissimas,
1547 3408 1767 3478 manifestum
1781 3420 1842 3477 est.
1888 3402 1957 3479 His
1972 3411 2142 3489 discussis
2157 3436 2277 3491 osten-

251 3511 336 3581 dine
348 3510 464 3593 misit,
487 3520 528 3579 ut
541 3520 710 3599 tanquam
724 3505 764 3575 in
777 3506 852 3576 acie
875 3504 1056 3597 prioribus
1067 3508 1239 3578 deceden-
1288 3508 1359 3592 dit,
1384 3531 1475 3602 quae
1498 3509 1544 3581 sit
1557 3532 1639 3579 vera
1655 3508 1891 3601 poenitentia,
1911 3523 1948 3583 et
1967 3514 2048 3607 quis
2071 3519 2119 3589 sit
2140 3536 2276 3612 portus,

250 3612 366 3694 tibus,
391 3633 474 3680 mox
490 3608 553 3680 alii
569 3608 609 3677 in
629 3602 759 3678 borum
774 3605 919 3697 vestigia
937 3605 1153 3711 insisterent.
1287 3633 1378 3704 quae
1398 3610 1500 3680 firma
1515 3610 1710 3683 consolatio
1726 3612 1873 3698 mentis,
1898 3637 1987 3707 quae
2006 3621 2149 3708 expavit
2167 3643 2276 3691 sensu

350 3710 444 3784 Nota
458 3709 564 3780 series
577 3721 628 3779 est
640 3709 836 3802 primorum
846 3720 998 3799 patrum,
1012 3707 1122 3797 Adae,
1141 3706 1242 3798 Seth,
1286 3711 1360 3781 irae
1380 3707 1460 3781 Dei.
1512 3708 1706 3784 illustravit
1725 3711 1828 3785 Pauli
1851 3713 2065 3802 doctrinam,
2099 3721 2274 3812 quaesit,

250 3808 400 3899 Enoch,
429 3806 675 3896 Mathusalem,
700 3809 788 3896 Noe',
813 3809 918 3896 Sem,
941 3805 1011 3895 hoc
1024 3812 1125 3898 vivo,
1152 3823 1187 3883 et
1201 3813 1240 3881 in
1287 3812 1355 3882 lide
1373 3811 1554 3883 iustificari
1575 3808 1766 3891 hominem.
1818 3809 1988 3888 Ostendit
1999 3818 2184 3889 discrimen
2198 3817 2272 3888 Le-

249 3912 379 3985 v'icinia
402 3913 643 3986 Sodomorum
667 3907 870 3998 habitante,
903 3935 983 3982 cum
1009 3911 1080 3983 iam
1107 3913 1239 3985 oblitae
1286 3914 1339 4005 gis
1360 3926 1396 3984 et
1419 3910 1623 4006 Evangelii,
1657 3914 1810 3988 iustitiae
1831 3914 2006 4008 Spiritus,
2041 3933 2074 3992 et
2093 3919 2271 4012 politicae.

219 4030 369 4107 «gentes
389 4016 571 4087 doctrinae
585 4013 664 4084 Noe
688 4029 722 4085 et
743 4016 845 4099 Sem,
876 4014 1006 4104 passim
1025 4014 1121 4086 idola
1143 4016 1239 4088 cole·
1286 4011 1455 4088 Ostendit
1484 4030 1519 4088 et
1544 4039 1664 4087 veram
1690 4016 1951 4089 invocationem
1972 4016 2057 4106 Dei,
2093 4044 2134 4092 ac
2158 4034 2274 4092 totam

249 4132 340 4199 rent,
366 4117 534 4190 excitatus
550 4128 601 4185 est
617 4111 813 4201 Abraham,
837 4126 878 4185 ut
891 4128 981 4186 esset
995 4116 1127 4207 collega
1143 4121 1239 4204 Sem,
1285 4112 1477 4192 Ecclesiam
1501 4120 1546 4189 ab
1571 4114 1713 4189 ethnico
1736 4121 1857 4190 surore
1872 4121 2068 4207 revocavit,
2092 4122 2156 4216 qui
2171 4123 2275 4212 lingit

249 4233 284 4290 et
300 4221 416 4290 socius
434 4213 540 4288 huius
563 4216 694 4286 summi
714 4216 848 4308 operis,
872 4220 1120 4308 propagandae
1134 4243 1238 4289 verae
1285 4214 1400 4289 Deum
1419 4217 1595 4306 invocari,
1627 4219 1766 4291 etiamsi
1790 4233 1926 4291 mentes
1944 4224 2144 4294 academica
2166 4222 2276 4292 dubi-

249 4320 440 4390 doctrinae.
499 4315 595 4387 Huic
617 4325 856 4386 successerunt
877 4314 991 4399 isaac,
1025 4315 1148 4405 iacob,
1180 4318 1238 4392 lo·
1285 4320 1418 4392 tatione
1432 4344 1617 4414 oppressae
1628 4321 1765 4414 fugiant
1778 4319 1907 4392 Deum.
1957 4320 2146 4396 lussitlide
2160 4325 2274 4396 etbo·

250 4414 358 4510 seph,
390 4416 516 4512 quiin
545 4417 710 4487 universa
735 4414 915 4511 Aegypto,
948 4441 1039 4511 quae
1061 4432 1147 4492 tunc
1168 4422 1238 4492 fuit
1284 4445 1330 4491 na
1352 4421 1565 4496 conscientia
1590 4423 1665 4494 lieri
1695 4423 1975 4510 invocationem,
2006 4437 2041 4496 et
2062 4427 2207 4519 quidem
2226 4427 2274 4497 ad

247 4519 539 4591 florentissimum
556 4541 706 4609 regnum
728 4530 804 4588 toto
827 4517 915 4588 orbe
940 4531 1137 4606 terrarum,
1171 4525 1237 4593 do-
1284 4547 1397 4594 unum
1410 4526 1639 4597 mediatorem
1653 4522 1766 4594 lilium
1775 4520 1843 4594 Dei
1858 4527 2038 4597 sedentem
2053 4529 2097 4598 ad
2112 4529 2273 4598 dextram

248 4624 381 4694 ctrinae
395 4623 510 4694 lucem
524 4619 696 4693 accendit.
729 4620 869 4691 Deinde
882 4618 1013 4712 Moses,
1036 4619 1149 4707 Iosue,
1171 4623 1234 4695 Sa-
1284 4626 1418 4695 aeterni
1440 4629 1569 4719 patris,
1600 4639 1636 4696 et
1657 4626 1941 4717 interpellantem
1967 4649 2033 4719 pro
2054 4629 2177 4714 nobis,
2210 4630 2274 4699 de·

155 4738 160 4747 '
245 4725 360 4812 muel,
384 4724 519 4810 David,
549 4716 668 4808 Elias,
698 4717 856 4810 Eliseus,
891 4747 997 4816 quem
1019 4724 1159 4797 audivit
1182 4722 1237 4795 le-
1284 4726 1388 4798 duxit
1407 4751 1488 4798 nos:
1519 4750 1593 4797 non
1613 4729 1657 4797 ad
1684 4734 1890 4798 'statuasaut
1910 4722 2074 4800 homines
2096 4742 2274 4818 mortuos,

246 4828 355 4912 sains,
379 4826 525 4898 lesaiam
554 4823 737 4906 Ieremias,
763 4820 859 4897 hunc
877 4820 1024 4913 Daniel,
1050 4823 1235 4898 Danielem
1282 4840 1324 4900 ut
1338 4823 1502 4900 horribili
1516 4831 1637 4898 lurore
1659 4822 1822 4899 homines
1837 4828 1938 4921 impii
1958 4843 2088 4902 statuas
2104 4844 2138 4902 et
2154 4827 2274 4901 homi·

246 4925 445 5002 Zacharias.
504 4927 645 5000 Deinde
665 4921 816 5014 Esdras,
849 4923 975 5001 Ouiae.
1033 4926 1119 4999 Post
1138 4924 1235 5001 herne
1281 4952 1343 5000 net
1359 4942 1520 5000 mortuos
1541 4929 1720 5011 invocant.

244 5025 461 5101 Machabaei.
506 5027 645 5100 Deinde
657 5028 816 5115 Simeon,
839 5023 1040 5115 Zacharias,
1062 5027 1233 5121 Baptista,
1383 5029 1598 5104 Monstravit
1619 5047 1655 5104 et
1669 5031 1739 5102 alia
1755 5035 1837 5102 v'era
1863 5033 1979 5103 ollicia
1994 5030 2071 5103 Deo
2097 5047 2214 5123 grata,
2238 5049 2276 5106 et

241 5127 423 5215 Christus,
447 5127 622 5223 Apostoli.
672 5127 775 5201 Hanc
798 5132 1004 5203 continuam
1027 5132 1153 5202 seriem
1176 5134 1232 5204 iu·
1281 5134 1389 5205 vitam
1413 5132 1553 5204 civilem
1573 5135 1621 5205 ita
1645 5133 1787 5206 ornavit
1808 5135 2034 5217 etmunivit,
2071 5148 2112 5207 ut
2136 5136 2274 5207 nullius

240 5249 300 5306 vat
320 5235 490 5326 aspicere,
524 5245 687 5326 quaeest
711 5232 1231 5330 illustretestimoniumprae·
1277 5257 1437 5329 unquam
1460 5236 1572 5309 literis
1588 5238 1636 5308 ita
1651 5249 1775 5307 ornata
1795 5249 1829 5307 et
1844 5238 1984 5307 munita
1998 5235 2055 5310 sit.
2106 5231 2274 5332 Denique

239 5339 373 5410 sentiae
384 5333 452 5407 Dei
468 5335 507 5404 in
520 5330 692 5449 Ecclesia.
1124 5356 1125 5360 ’
1191 5403 1194 5409 ,
1277 5337 1431 5409 seiunxit
1450 5362 1470 5408 a
1492 5338 1696 5410 necessariis
1713 5337 1880 5430 operibns
1902 5338 2073 5431 puerilem
2094 5342 2276 5432 paedago-
