4732 6030
196 293 273 379 67⁶

195 468 388 564 opiniones
420 485 481 532 vos
510 447 760 526 assuefaciatis.
821 439 976 514 Econtra
1007 464 1092 510 vcro
1117 451 1195 509 tan-

198 598 308 668 quam
331 559 595 639 nocentissimas
618 565 729 645 pestes
745 548 886 639 fugiatis
901 538 1137 636 sophismata,
1163 553 1198 608 et

198 675 390 769 opiniones
407 661 677 740 immoderatas,
703 648 892 722 ambitioni
907 663 968 720 aut
984 646 1064 716 aliis
1081 642 1197 748 pravis

200 769 458 870 cupiditatibus
487 773 673 854 potentum
702 755 904 826 servientes.
963 747 1061 818 Deus
1085 745 1197 840 magis

202 873 364 951 concedit
396 863 689 958 tranquillitatem
718 854 895 948 imperiis,
943 854 972 921 si
1001 850 1199 920 amabimus

202 976 374 1051 iustitiam
405 984 438 1040 et
467 963 760 1036 moderationem.
811 956 890 1028 Etsi
914 955 1036 1025 fatales
1066 975 1198 1044 poenae

203 1079 433 1170 impendent,
472 1083 590 1140 tamen
621 1063 725 1134 nobis
755 1082 882 1150 magna
912 1056 1108 1128 consolatio
1140 1067 1201 1136 est,

203 1195 298 1254 recte
320 1193 355 1247 et
377 1175 556 1244 moderate
578 1166 745 1245 sensisse,
771 1188 836 1232 nec
858 1160 1001 1231 iniustis
1017 1182 1056 1228 ac
1070 1158 1199 1224 immo-

205 1283 336 1356 deratis
361 1273 544 1348 sententiis
565 1293 625 1341 eos
646 1291 818 1356 armasse,
846 1256 908 1359 qui
929 1282 1009 1332 suas
1025 1256 1200 1350 cupidita-

206 1402 257 1459 tes
287 1381 394 1452 saluti
422 1373 603 1447 communi
635 1381 923 1461 anteposuerunt.
982 1360 1086 1432 Hanc
1114 1384 1201 1429 con-

203 1485 418 1560 solationem
443 1475 632 1547 maximam
655 1495 729 1543 esse
751 1471 814 1542 tali
837 1483 1013 1561 tempore,
1039 1461 1126 1534 boni
1144 1462 1201 1530 in-

99 1571 106 1588 '
207 1589 366 1679 reagere
380 1582 482 1654 ocia
499 1590 658 1672 possunt
691 1571 804 1671 ‚nux
902 1596 905 1602 ,

214 1818 379 1834 W

1028 1981 1078 2026 an.
1095 1957 1190 2023 1545.

1025 2047 1196 2078 Μ

428 2186 504 2272 Dc
534 2181 716 2268 Basilio
744 2175 991 2289 Episcopo.

257 2366 260 2377 '
281 2368 313 2421 ln
339 2365 492 2446 Declamat.
510 2359 613 2416 'l'.lll.
632 2355 793 2427 p.54sqq.,
822 2351 851 2404 in
870 2348 990 2430 Servent.
1008 2344 1104 2402 T.lll.
1113 2364 1150 2468 p.
1162 2346 1206 2400 51.

314 2414 1206 2569 saltitat?d;.{'.¹.;t·.t¹t·...¹t:tt.tt¹;¹.”a..·.¹.¹t:

210 1974 353 2102 Q

214 2673 343 2744 (trotio
368 2664 415 2736 de
434 2660 578 2733 Basilio
595 2658 771 2748 Episcopo
787 2649 1048 2737 caesariensi,
1072 2641 1207 2717 habito

220 2796 247 2847 o
272 2778 447 2845 Ioanne
476 2755 919 2943 Turstpnm’fflpcono.
957 2747 1095 2840 (Erford.
1113 2755 1196 2817 addit

213 2997 503 3084 cumcoelestis
529 2998 711 3071 doctrinae
744 2993 903 3065 custodia
935 3005 970 3062 et
998 2989 1207 3083 propagatio

214 3111 420 3186 docentium
437 3121 472 3175 et
487 3102 698 3173 discentium
714 3098 937 3188 agminibus,
965 3093 1002 3163 id
1017 3108 1079 3177 est,
1104 3087 1205 3161 scho-

214 3216 282 3294 lis,
313 3208 486 3280 divinitus
511 3203 755 3270 commendata
779 3199 845 3284 sit,
877 3196 1118 3284 intelligamus
1142 3218 1208 3263 no-

216 3331 330 3390 strum
353 3329 502 3390 munus,
528 3302 622 3395 quod
648 3299 810 3368 omnium
832 3301 869 3365 in
887 3298 985 3367 coelo
1003 3311 1035 3365 et
1050 3296 1088 3363 in
1107 3297 1209 3365 terris

213 3417 411 3492 maximum
434 3421 470 3479 et
490 3425 667 3475 summum
685 3412 752 3468 est:
779 3413 909 3468 etcum
927 3396 1090 3466 exercitia
1106 3391 1209 3466 scho-

214 3519 335 3593 lastica
357 3533 534 3593 amemus,
561 3520 636 3576 tum
661 3525 745 3572 vero
767 3497 825 3572 his
844 3493 1102 3569 honestissimis
1124 3522 1210 3566 con-

215 3622 393 3716 gressibus
409 3604 641 3692 delectemur,
669 3627 758 3698 quos
771 3603 923 3674 sciamus
937 3625 1010 3669 non
1028 3600 1210 3671 institutos

215 3749 310 3808 esse,
334 3736 370 3792 ut
394 3720 467 3788 sint
488 3726 626 3784 tantum
650 3706 768 3780 ociosa
792 3704 1009 3796 spectacula,
1036 3715 1071 3772 et
1087 3703 1211 3772 inanes

215 3827 304 3912 ludi,
330 3836 369 3895 ut
380 3817 523 3891 scenici:
551 3804 1211 3900 sedutinhaclreqnentiacommone-

17 3954 23 3965 ·
122 3982 130 3993 ·
213 3931 304 4002 lacta
325 3929 489 3996 iuventus
511 3920 555 3990 de
576 3915 706 3987 studiis
729 3907 907 3983 Ecclesiae
929 3908 1150 3992 necessariis,
1176 3919 1211 3978 et

216 4035 258 4105 de
282 4053 345 4105 sua
368 4026 571 4105 vocatione,
597 4017 674 4088 Deo
696 4015 825 4106 gratias
841 4025 940 4103 agat,
964 4012 1059 4105 quod
1077 4011 1210 4080 doctri-

216 4160 283 4206 nae
314 4136 427 4203 lueem
459 4149 533 4196 non
556 4120 714 4208 extingui
735 4117 838 4200 sinit,
871 4126 905 4183 et
925 4128 1066 4183 nostros
1091 4127 1211 4183 coetus

216 4237 391 4311 defendit:
419 4255 458 4299 ac
481 4237 575 4318 petat
598 4218 806 4291 ardentibus
831 4214 943 4294 votis,
970 4227 1012 4284 ut
1034 4215 1129 4283 inter
1144 4239 1211 4285 nos

217 4340 285 4411 sibi
309 4332 504 4405 Ecclesiam
533 4336 703 4417 perpetuo
726 4317 888 4406 colligat,
920 4340 960 4384 ac
983 4315 1209 4405 disciplinam

217 4458 251 4513 et
275 4436 391 4509 studia
413 4442 522 4518 regat.
582 4422 635 4493 De
659 4419 716 4491 his
737 4421 844 4488 rebus
864 4417 1024 4486 omnium
1049 4417 1211 4486 maximis

217 4546 255 4615 in
277 4537 334 4610 his
355 4530 601 4624 congressibus
623 4524 835 4613 cogitemus,
860 4542 899 4588 ac
920 4516 1073 4588 sciamus
1093 4514 1210 4588 dehis

216 4666 359 4740 quoque
389 4638 524 4710 dictum
550 4626 685 4705 Christi
713 4622 956 4697 dulcissimum
989 4619 1209 4691 concionari:

217 4747 431 4836 Ubicunque
463 4740 535 4810 duo
564 4747 625 4807 aut
652 4745 722 4802 tres
744 4724 977 4798 convenerint
1000 4724 1040 4792 in
1064 4723 1211 4793 nomine

196 4852 316 4934 meo,
350 4848 387 4915 io
417 4843 535 4913 medio
565 4860 688 4909 eorum
712 4854 805 4902 sarm.
860 4825 1049 4897 Versamur
1072 4851 1143 4897 una
1169 4827 1211 4896 in

217 4949 274 5024 his
299 4947 421 5021 castris
446 4959 479 5017 et
498 4955 644 5037 propter
665 4931 799 5016 Christi
825 4929 1023 5001 doctrinam
1047 4943 1082 4999 et
1106 4930 1210 5001 invo-

111 5094 116 5101 ¹
215 5070 334 5129 cantes
350 5052 485 5142 ipsum:
514 5067 621 5138 quare
644 5054 684 5110 nt
701 5035 805 5106 nohis
824 5033 934 5116 adsit,
961 5033 1127 5102 exuscitet
1146 5057 1208 5123 pe·

215 5175 313 5233 ctora
336 5156 380 5224 ad
405 5149 591 5229 virtutem,
618 5144 716 5213 iuvet
736 5153 772 5209 et
792 5137 964 5227 gubernet
985 5134 1123 5202 labores
1140 5159 1207 5204 no-

215 5279 323 5345 stros,
350 5273 533 5350 precemur
548 5245 679 5317 Filium
691 5240 756 5311 Dei
770 5238 963 5311 Dominum
982 5251 1140 5306 nostrum
1152 5233 1207 5306 le·

214 5364 292 5437 snm
305 5357 508 5436 Christum,
532 5346 639 5421 huius
659 5342 832 5440 gymnasii
848 5355 883 5412 et
898 5351 1205 5428 coetuslrectorem

212 5491 285 5539 csse
308 5464 447 5543 ducite,
472 5475 624 5550 eumque
647 5445 794 5543 propius
816 5444 936 5515 adesse
954 5441 1056 5515 vobis
1072 5455 1207 5530 specta·

776 266 936 346 noct.
967 263 1040 341 DE
1074 257 1315 335 BdSlLlO
1349 259 1658 340 EPlSCOPO.

2167 259 2246 336 676

1248 451 1359 509 torem
1382 436 1545 508 omnium
1561 436 1740 508 actionum
1760 435 1921 522 statuite,
1947 458 2055 529 quam
2064 436 2171 507 adest
2187 431 2251 507 hic

1248 541 1323 633 ipse
1332 537 1575 629 Magistratus,
1601 564 1707 634 quem
1724 535 2048 611 usitateliectorem
2067 563 2251 616 vocamus.

1249 641 1361 714 Adest
1377 656 1494 712 autem
1510 667 1583 713 non
1600 641 1793 714 tantum'ut
1808 641 1948 710 ociosus
1963 655 2161 733 spectator,
2187 643 2249 714 sed

1248 759 1289 816 ut
1309 737 1555 844 dpyodtw‘xmpc
1578 740 1762 830 hortatur,
1788 756 1828 814 ut
1848 744 1953 812 lidem
1972 758 2007 814 et
2022 743 2250 834 diligentiam

1249 848 1288 917 iu
1303 849 1445 918 tuendis
1459 861 1493 918 et
1507 848 1679 917 ornandis
1693 847 1849 932 artibus,
1874 869 1965 938 quae
1978 843 2159 919 Ecclesiae
2176 848 2252 918 uti·

1251 951 1418 1036 les'sunt,
1443 963 1675 1040 praestemus,
1703 962 1736 1019 et
1751 948 1848 1018 iuvat
1863 949 2024 1031 sedulos,
2050 950 2114 1043 qui
2130 951 2249 1040 ipsum

1251 1053 1434 1122 invocant:
1458 1065 1775 1121 contumacesvero
1787 1050 1904 1120 adlicit
1915 1051 2111 1143 suppliciis.
2144 1050 2250 1124 Hanc

1251 1153 1460 1224 sententiam
1490 1155 1631 1223 infixam
1660 1153 1790 1222 animis
1815 1154 1977 1222 omnium
2001 1177 2075 1224 esse
2098 1169 2249 1247 oportet.

1251 1255 1342 1327 Cum
1365 1269 1482 1325 autem
1507 1280 1604 1325 nunc
1624 1256 1715 1326 ratio
1731 1255 1891 1325 muneris
1905 1257 2000 1348 quod
2017 1279 2122 1345 gero,
2148 1273 2250 1346 cogat

1254 1382 1310 1445 xpe
1338 1353 1406 1428 hoc
1436 1358 1515 1428 loco
1540 1358 1738 1427 orationem
1762 1354 1911 1442 habere,
1944 1360 2044 1428 decet
2068 1383 2126 1429 me
2153 1362 2252 1433 velut

1253 1459 1409 1554 ἔξαρχον
1436 1483 1509 1530 esse
1538 1460 1701 1551 publicae
1731 1460 1954 1552 precationis.
2018 1457 2141 1549 Quare
2171 1486 2251 1535 mea

1254 1562 1361 1633 verba
1377 1562 1471 1632 veris
1486 1563 1598 1632 animi
1614 1563 1706 1634 votis
1723 1562 1995 1656 subsequimini.

1356 1711 1444 1784 Tibi
1465 1713 1593 1802 gratias
1609 1711 1762 1802 agimus,
1792 1709 1889 1783 Deus
1903 1727 2043 1783 aeterne
2059 1730 2158 1806 pater
2173 1716 2249 1789 Do-

1256 1815 1345 1885 mini
1366 1817 1477 1885 nostri
1496 1812 1575 1885 lesu
1591 1809 1744 1898 Christi,
1771 1812 1867 1907 quod
1887 1817 2066 1886 doctrinae
2086 1833 2166 1889 tuae
2187 1821 2246 1889 lu-

1255 1943 1329 1988 cem
1352 1917 1457 1987 nobis
1478 1917 1686 1987 accendisti:
1708 1930 1743 1985 et
1759 1941 1920 2004 oramus,
1945 1931 1986 1989 ut
1999 1914 2096 1991 hunc
2112 1924 2244 1990 docen-

1256 2023 1343 2090 tium
1365 2034 1400 2091 et
1421 2019 1634 2090 discentium
1657 2032 1795 2088 coctum
1816 2043 1952 2106 serves,
1980 2045 2099 2113 regas,
2125 2025 2248 2093 defen-

1257 2126 1331 2208 das,
1356 2135 1391 2191 et
1406 2122 1546 2192 labores
1560 2133 1701 2191 nostros
1708 2117 1844 2213 Spiritu
1861 2137 1984 2194 sancto
1997 2138 2061 2195 tuo
2078 2126 2187 2209 iuves,
2211 2141 2252 2197 ut

1257 2225 1360 2294 nobis
1383 2238 1418 2295 et
1441 2223 1637 2315 posteritati
1662 2222 1734 2316 sint
1756 2225 1934 2299 salutares.
2004 2225 2160 2318 Colligas
2185 2228 2252 2300 tibi

1257 2324 1449 2398 Ecclesiam
1473 2348 1553 2397 cum
1575 2325 1614 2393 in
1636 2338 1711 2395 toto
1735 2327 1820 2396 orbe
1840 2340 2037 2415 terrarum,
2064 2345 2138 2401 tum
2164 2356 2250 2401 vcro

1258 2430 1456 2508 internos,
1483 2442 1517 2501 et
1539 2423 1626 2497 haec
1650 2422 1803 2520 hospitia
1818 2424 1996 2501 Ecclesiae
2018 2446 2096 2503 tuae
2117 2446 2149 2501 et
2166 2434 2248 2503 lite-

1257 2555 1376 2602 rarum
1401 2530 1514 2621 regito
1538 2543 1573 2599 et
1595 2529 1795 2616 delendito,
1820 2533 1910 2602 sient
1933 2534 2057 2605 viduae
2081 2533 2249 2627 Sarepta-

1258 2657 1323 2703 nae
1350 2634 1497 2704 domum
1523 2631 1733 2717 defendisti,
1765 2657 1844 2705 cum
1868 2630 1984 2706 Eliam
2010 2632 2167 2729 hospitio
2190 2663 2251 2708 ex-

1258 2735 1415 2828 cepisset.

1358 2883 1456 2955 Haec
1477 2885 1591 2977 prima
1612 2900 1647 2957 et
1667 2888 1855 2980 praecipua
1878 2913 1958 2983 pars
1982 2905 2034 2962 est
2054 2914 2153 2962 meae
2169 2915 2251 2962 ora·

1260 2988 1377 3062 tionis.
1428 2986 1530 3057 Nunc
1544 2988 1681 3082 aliquid
1696 2993 1899 3062 addendum
1914 3007 1976 3075 est,
1996 2997 2092 3088 quod
2107 2997 2251 3088 prodest

1259 3094 1308 3163 ad·
1317 3091 1434 3162 studia
1445 3103 1559 3163 vestra
1573 3104 1649 3161 tum
1661 3093 1853 3175 excitanda,
1875 3098 2131 3173 tumiuvanda.
2160 3095 2250 3168 Cum

1259 3208 1375 3264 autem
1398 3193 1485 3262 alias
1506 3192 1597 3264 aliae
1613 3195 1778 3265 materiae
1794 3202 2047 3286 proponendae
2063 3201 2153 3284 sint,
2178 3201 2253 3270 dies

1260 3320 1316 3365 me
1331 3295 1518 3368 admonuit
1532 3308 1572 3367 ut
1583 3292 1706 3366 Basilii
1722 3291 1903 3375 historiam
1921 3321 2018 3367 nunc
2034 3303 2252 3373 recitandam

1261 3418 1333 3465 esse
1347 3397 1524 3467 ducerem.
1574 3395 1663 3469 Nam
1676 3410 1712 3467 et
1726 3396 1894 3489 exemplis
1909 3397 2112 3473 invitantur
2127 3404 2254 3490 animi,

1260 3512 1294 3568 et
1311 3499 1347 3566 in
1367 3492 1424 3569 his
1439 3499 1626 3571 doctorum
1638 3493 1795 3571 historiis
1806 3500 1915 3570 multa
1927 3515 2008 3571 sunt
2019 3526 2109 3594 qnae
2121 3519 2253 3595 augent

1261 3599 1495 3670 eruditionem
1523 3615 1558 3673 et
1584 3602 1738 3675 forment
1769 3602 1953 3676 iudicium.
2003 3601 2073 3672 Per
2093 3627 2168 3672 sese
2192 3606 2248 3674 iu-

1261 3704 1417 3773 cundum
1434 3718 1485 3774 est
1501 3703 1731 3796 contemplari
1747 3727 1957 3795 magnorum
1971 3698 2157 3775 hominum
2174 3707 2245 3774 vir-

1262 3818 1371 3889 tutes,
1397 3805 1534 3896 egregia
1555 3807 1666 3893 lacta,
1688 3821 1722 3877 et
1745 3821 1890 3879 eventus
1912 3803 2068 3878 honestis
2090 3807 2246 3878 consiliis

1261 3923 1510 3997 congruentes:
1538 3922 1577 3979 ut
1602 3909 1729 3999 pictori
1751 3924 1788 3980 et
1809 3910 1978 3981 statuario
1999 3908 2170 4002 voluptati
2187 3921 2251 3994 est,

1262 4010 1381 4080 videre
1415 4011 1609 4101 elegantem
1641 4012 1880 4105 symmetriam
1912 4024 1947 4082 et
1975 4013 2253 4082 concinnitatem

1264 4111 1348 4203 picti
1372 4127 1431 4183 aut
1455 4113 1583 4205 sculpti
1605 4114 1797 4205 corporis.¹
1829 4111 1899 4184 Sed
1916 4112 2023 4184 nobis
2039 4114 2077 4183 in
2094 4111 2256 4184 Ecclesia

1263 4237 1335 4284 uon
1356 4215 1702 4308 tantumvoluptatis
1717 4239 1819 4285 causa
1836 4230 1993 4289 vetustas
2009 4218 2254 4307 cognoscenda

1262 4331 1329 4387 est:
1357 4319 1416 4386 scd
1443 4317 1573 4388 iudicia
1596 4333 1630 4389 et
1652 4318 1854 4391 testimonia
1873 4320 2037 4389 omnium
2054 4333 2255 4410 temporum

1261 4419 1472 4513 inquirenda
1496 4434 1598 4504 sunt,
1621 4425 1659 4491 ut
1682 4444 1753 4491 una
1777 4422 2003 4491 consentiens
2021 4421 2180 4490 doctrina
2199 4445 2255 4490 re-

1261 4521 1426 4596 tineatur.
1479 4521 1636 4594 Multum
1659 4524 1703 4591 ad
1727 4523 1940 4592 erudiendas
1962 4536 2098 4592 mentes
2119 4537 2154 4594 et
2168 4545 2255 4593 con-

1261 4624 1451 4694 firmandas
1471 4648 1571 4694 veras
1592 4625 1785 4693 sententias
1810 4625 1952 4695 collatio
1976 4639 2136 4694 veterum
2155 4624 2255 4695 testi-

1262 4725 1464 4796 moniorum
1493 4725 1680 4808 conducit,
1712 4727 1742 4797 si
1772 4727 1961 4798 dexteritas
1983 4726 2074 4799 adsit
2097 4727 2136 4796 in
2154 4725 2256 4797 iudi-

1260 4828 1392 4912 cando,
1425 4842 1460 4899 et
1482 4828 1575 4897 absit
1596 4829 1754 4900 studium
1778 4829 2037 4899 calumniandi:
2071 4853 2143 4897 non
2166 4853 2257 4898 con-

1260 4946 1459 5002 temnamus
1473 4926 1540 4998 Dei
1562 4931 1771 5016 consilium,
1797 4932 1859 5024 qui
1880 4930 2116 5001 ministerium
2132 4926 2257 5000 Evan-

1259 5033 1340 5124 gelii
1373 5047 1407 5102 et
1436 5031 1604 5105 instituit
1624 5047 1659 5104 et
1684 5047 1826 5116 tuetur,
1856 5047 1890 5103 et
1914 5033 2066 5103 subinde
2092 5035 2257 5103 doctores

1259 5136 1383 5205 excitat
1405 5134 1586 5207 salutares.
1639 5135 1800 5207 Fuerunt
1823 5135 1932 5226 igitur
1946 5135 2076 5226 aliqui,
2099 5161 2253 5230 quornm

1259 5262 1326 5307 vox
1353 5250 1389 5307 et
1418 5238 1540 5309 literae
1570 5241 1780 5330 prosuerunt
1808 5233 2005 5323 Ecclesiae,
2039 5239 2097 5306 alii
2133 5238 2257 5329 magis,

1258 5339 1319 5409 alii
1336 5339 1455 5411 minus
1473 5342 1616 5417 eruditi.
1667 5340 1738 5414 Sed
1757 5340 1914 5435 colloqui
1931 5355 2048 5410 tamen
2065 5364 2143 5410 cum
2160 5341 2259 5412 anti-

1259 5442 1409 5538 quitate,
1435 5457 1469 5518 et
1483 5444 1686 5519 testimonia
1700 5439 1879 5516 Ecclesiae
1895 5464 2018 5525 nosse,
2044 5442 2131 5514 utile
2145 5456 2211 5516 est.
