4732 6030
192 265 194 268 ’
275 303 352 382 539
942 284 1102 364 nucu
1143 281 1217 361 ua
1249 280 1625 368 euenturum
2146 307 2154 329 s
2195 310 2200 319 ’
2245 303 2326 381 540

282 464 412 554 tentias
426 473 516 544 scitu
538 465 761 558 dignissimas
785 486 847 555 per
866 461 1025 532 membra
1041 460 1275 551 distinguens.
1326 463 1436 531 terme
1459 463 1588 553 scripta
1612 483 1674 532 sua
1694 458 1870 534 mathesin
1886 467 2068 555 redolent,
2100 474 2202 566 quasi
2218 501 2325 553 nemo

282 578 446 654 Euclidis
468 571 622 664 denique
643 568 773 660 scripta
793 568 837 636 de
861 565 939 634 visu
962 577 996 634 et
1017 562 1192 655 speculis,
1218 561 1277 629 in·
1307 646 1309 651 ,
1327 558 1513 632 Aristoteli
1527 563 1757 655 intelligendo
1771 582 1955 639 censeatur
1967 570 2135 658 idoneus,
2156 579 2219 671 qui
2233 582 2327 654 libe-

284 691 479 772 terpretum
503 672 619 743 officio
654 672 699 739 ad
723 692 789 740 nos
820 689 1021 759 pervenere.
1081 662 1277 755 Rogerium
1328 666 1400 734 rale
1416 663 1665 753 Quadruvium
1690 666 1894 756 neglexerit.
1954 670 2099 745 Frustra
2122 683 2228 752 tertio
2242 683 2326 756 Me-

283 784 404 854 Bacon
441 773 633 866 Anglicum
664 771 884 864 perspectiva
919 792 982 838 sua
1012 765 1277 858 compendiosa,
1327 782 1506 837 teororum
1523 767 1692 838 discendo
1714 781 1748 837 te
1771 772 1986 860 contuleris,
2019 776 2090 846 nisi
2106 787 2327 869 geometrica

282 907 363 957 cum
390 880 512 949 libello
533 874 667 968 speculi
683 871 942 954 comburentis,
965 870 1140 939 celebrem
1160 879 1278 960 poste
1327 869 1557 939 fundamenta
1574 882 1696 939 nactus
1713 869 1778 955 sis,
1803 886 1866 943 aut
1882 877 1985 946 docte
2000 885 2253 973 perspectivam
2272 904 2328 961 te.

283 987 334 1056 ris
352 983 550 1052 reddidere.
602 976 726 1069 Neque
743 969 969 1044 Archimedis
985 969 1199 1066 Syracusani
1220 990 1278 1036 re·
1329 992 1427 1038 neas:
1468 972 1662 1041 secundum
1695 983 1730 1042 et
1762 974 1907 1045 tertium
1940 981 1984 1048 de
2004 983 2104 1054 coelo
2128 1000 2162 1057 et
2184 992 2326 1063 mundo

283 1085 426 1158 minisci
444 1084 556 1174 piget,
582 1079 645 1172 qui
668 1077 891 1167 disciplinam
916 1070 1008 1143 hanc
1024 1085 1181 1143 nostram
1199 1092 1279 1161 spe·
1329 1096 1514 1163 nunquam
1537 1072 1732 1162 intelliges,
1765 1076 1796 1144 si
1820 1092 1996 1150 astrorum
2021 1084 2243 1179 disciplinam
2265 1117 2328 1165 so-

284 1189 374 1260 culis
390 1187 462 1255 suis
477 1174 739 1273 Philosophicis
756 1179 888 1247 mirum
904 1177 941 1244 in
964 1176 1110 1243 modum
1128 1195 1278 1241 exorna·
1329 1174 1450 1244 cordia
1477 1173 1710 1264 praeterieris.
1768 1176 1841 1264 Qui
1871 1183 2062 1272 septimum
2089 1185 2326 1285 Physicorum

283 1293 350 1360 vit:
384 1311 535 1381 quorum
561 1283 718 1372 exempla
743 1280 948 1371 propediem
973 1277 1011 1344 in
1034 1271 1100 1344 hac
1115 1275 1280 1343 urbeve-
1330 1277 1463 1368 absque
1486 1275 1618 1346 noticia
1644 1280 1917 1369 proportionum
1941 1285 2077 1357 discere
2105 1295 2233 1382 possit,
2256 1320 2327 1369 ῃ.

284 1390 541 1464 atraconbcere
560 1384 710 1456 institui.
763 1380 916 1452 Multam
940 1391 1118 1470 postremo
1134 1377 1178 1445 de
1194 1374 1279 1443 reli·
1330 1379 1445 1448 bitror
1470 1401 1542 1446 esse
1567 1379 1758 1453 neminem.
1810 1381 1940 1455 Nonne
1959 1391 2112 1461 arduum
2137 1395 2325 1472 videbatur

284 1496 364 1589 quis
388 1490 543 1562 scientiis
564 1487 692 1555 mediis
708 1483 905 1554 disserendi
922 1479 1105 1549 materiam
1126 1499 1281 1569 expone-
1331 1476 1515 1550 Aristoteli
1530 1480 1569 1548 in
1582 1481 1791 1554 duodecimo
1808 1482 2074 1584 Metaplrysicae
2090 1518 2193 1586 suae,
2218 1516 2323 1573 natu-

285 1620 381 1676 rem,
426 1592 496 1661 nisi
525 1588 694 1681 temporis
720 1586 893 1669 brevitas,
932 1577 1280 1673 principantiumque
1330 1605 1407 1652 ram
1421 1581 1737 1670 intelligentiarum
1748 1587 1952 1660 coelestium
1967 1594 2220 1686 demonstrare,
2239 1603 2323 1675 inde

287 1696 506 1769 consuetudo
527 1716 584 1760 me
610 1684 852 1781 prohiberent.
901 1683 991 1753 Nam
1010 1685 1054 1752 de
1073 1691 1281 1750 mansuetu·
1331 1685 1419 1753 adeo
1437 1685 1533 1776 quod
1548 1680 1798 1757 Astronomiae
1813 1684 1908 1760 haud
1924 1694 2007 1763 satis
2022 1700 2220 1773 studuerit?
2253 1704 2323 1776 Pa-

287 1801 373 1870 dine
397 1809 511 1866 vestra
535 1794 654 1863 lutura
679 1790 808 1883 pignus
833 1786 963 1856 tenebo
986 1797 1139 1868 certum,
1164 1781 1194 1850 si
1208 1793 1280 1850 tam
1331 1810 1410 1854 rum
1427 1787 1463 1855 id
1481 1788 1626 1856 obsecro
1641 1787 1706 1858 tibi
1722 1790 1881 1873 videtur,
1907 1796 1999 1887 quod
2020 1797 2058 1866 in
2076 1801 2191 1891 primo
2207 1810 2324 1894 gradu

286 1903 408 1970 firmos
425 1900 463 1966 in
477 1920 533 1966 me
548 1895 660 1984 ligetis
677 1891 816 1975 oculos,
842 1911 949 1982 quam
972 1885 1144 1973 benignas
1168 1905 1280 1975 usque
1332 1886 1573 1973 certitudinis,
1600 1890 1806 1980 disciplinas
1823 1907 1961 1965 nostras
1975 1900 2179 1975 collocarit?
2202 1909 2324 1979 solum

286 2000 353 2074 hac
370 2000 503 2070 oratori
520 1993 613 2066 mihi
625 1993 838 2088 praebuistis
860 2013 974 2061 aures.
1025 1988 1140 2077 Igitur
1157 1984 1280 2056 laudes
1333 2013 1412 2059 eum
1437 1989 1607 2061 scientem
1626 1993 1838 2078 arbitratus,
1866 1997 1930 2088 qui
1951 2022 2007 2069 eas
2026 2005 2127 2074 docte
2149 2030 2325 2082 consecu-

243 2139 246 2143 ·
284 2098 619 2175 Mathematicarum
647 2097 886 2164 declamatura
910 2084 1021 2174 mihi,
1051 2102 1104 2159 tot
1128 2101 1162 2157 et
1180 2098 1281 2156 tanta
1332 2105 1389 2162 tus
1411 2105 1511 2162 esset.
1571 2090 1639 2163 Cui
1662 2096 1768 2164 etiam
1782 2096 1948 2169 Plotinus
1973 2104 2118 2195 quidam
2132 2103 2325 2182 Academi·

285 2216 481 2277 occurrunt
502 2210 750 2282 monumenta,
781 2208 821 2265 ut
845 2191 1025 2263 difficilius
1047 2187 1281 2280 videaturdi·
1332 2216 1393 2264 cus
1413 2193 1595 2264 alludens:
1631 2192 1796 2279 Utinam,
1828 2200 1966 2293 inquit,
1999 2209 2118 2278 omnia
2140 2229 2254 2285 essent
2269 2216 2324 2284 di·

288 2309 401 2378 cendo
415 2306 562 2373 modum
576 2313 745 2383 statuere,
770 2320 877 2390 quam
896 2295 991 2387 quod
1008 2292 1124 2362 dicam
1141 2290 1282 2360 noviter
1332 2294 1547 2386 sciplinalia:
1583 2297 1671 2367 adeo
1695 2300 1810 2393 coepit
1838 2326 1918 2373 eum
1943 2307 2084 2379 satietas
2107 2328 2324 2387 caeterarum

287 2409 461 2478 invenire.
515 2401 606 2490 Quis
622 2400 767 2469 enimin
785 2393 853 2467 hoc
868 2397 993 2486 pelago
1014 2395 1188 2462 immenso
1204 2391 1281 2461 vela
1333 2397 1483 2477 artium,
1517 2409 1606 2490 quae
1631 2402 1787 2491 profecto
1812 2428 1888 2494 non
1910 2407 1981 2476 nisi
2000 2410 2218 2485 diversarum
2245 2421 2325 2511 opi·

286 2511 496 2589 intendens,
529 2527 603 2571 non
625 2501 788 2593 copiosus
809 2498 923 2569 videri
940 2495 1092 2588 poterit?
1129 2491 1200 2565 Cui
1218 2514 1283 2584 per
1334 2500 1484 2568 nionum
1499 2502 1680 2590 congeries
1693 2505 1870 2576 aestimari
1885 2526 2044 2599 possunt.

286 2609 402 2681 Deum
435 2605 673 2675 immortalem
707 2598 794 2671 haee
824 2599 1032 2689 dignissima
1063 2596 1179 2667 studia
1206 2616 1281 2663 non
1435 2598 1526 2688 Quis
1549 2603 1645 2671 enim
1667 2599 1914 2698 Anaxagorae,
1939 2627 2000 2683 aut
2020 2611 2242 2706 Democrito,
2267 2626 2324 2696 vel

286 2715 392 2784 modo
417 2733 491 2777 non
513 2707 668 2776 existunt
699 2704 820 2786 utilia,
852 2700 1084 2771 verumetiam
1116 2699 1156 2767 in
1182 2709 1281 2788 parte
1334 2700 1414 2770 aliis
1431 2703 1475 2769 de
1499 2705 1693 2775 substantia
1709 2708 1847 2805 animae
1870 2714 2142 2805 disserentibus,
2168 2746 2243 2791 non
2260 2728 2325 2795 ad-

236 2822 243 2828 ’
287 2810 505 2884 necessaria?
564 2832 647 2876 nam
688 2804 854 2896 inprimis
896 2803 1024 2872 omitto
1058 2800 1282 2870 mechanicos
1334 2799 1501 2875 haesisset
1512 2807 1629 2896 prius,
1656 2834 1761 2902 quam
1779 2827 1869 2883 secta
1880 2812 2193 2906 Peripateticorum
2208 2825 2326 2897 inole-

287 2938 411 2990 omnes
435 2927 539 3005 atque
568 2911 706 2993 fabros,
738 2928 828 3000 quos
854 2902 1058 2975 Geometria
1085 2902 1282 2993 plurimum
1335 2905 1411 2975 ret?
1461 2904 1588 2978 Nonne
1608 2932 1771 3004 sequaces
1795 2916 1994 2989 Aristotelis
2013 2920 2166 3008 plurima
2189 2931 2325 3020 scripta

289 3021 476 3109 dirigeret,
502 3015 532 3081 si
546 3022 729 3104 praecepta
747 3010 822 3079 eius
837 3006 1070 3099 accepissent,
1095 3005 1168 3073 Sive
1183 3001 1282 3073 aedi·
1335 3031 1396 3076 sua
1421 3007 1680 3100 impudentius,
1713 3016 1796 3087 satis
1820 3044 1901 3088 cum
1926 3021 2079 3112 periculo
2100 3018 2207 3095 hodie
2226 3029 2325 3101 lace-

288 3121 366 3189 ficia
390 3116 621 3193 constituere,
649 3113 721 3180 sive
745 3133 853 3204 aquas
878 3111 1072 3192 abducere,
1103 3107 1176 3175 sive
1191 3128 1282 3198 pon·
1334 3109 1439 3179 rant?
1481 3111 1625 3200 incerti,
1655 3116 1807 3190 voluerit
1831 3145 1876 3190 ne
1898 3124 2016 3194 dicere
2039 3125 2083 3194 de
2105 3128 2325 3220 nominibus,

289 3223 372 3291 dera
404 3232 644 3287 transmovere
678 3214 902 3283 tentaverint.
962 3209 1167 3279 Memorare
1200 3231 1282 3299 pos·
1335 3236 1380 3280 an
1403 3211 1521 3302 potius
1547 3217 1591 3283 de
1616 3217 1732 3286 rebus.
1792 3218 1890 3306 Quot
1911 3248 2030 3294 ramos
2053 3228 2147 3301 inter
2168 3255 2223 3316 se,
2253 3249 2324 3306 eta

290 3347 383 3407 sem,
410 3320 546 3413 quoties
574 3317 725 3386 fornices
746 3315 960 3407 templorum
984 3311 1071 3379 novi
1088 3312 1280 3380 admodum
1334 3313 1453 3403 stipite
1485 3337 1549 3385 suo
1581 3317 1735 3386 diversos
1766 3311 1850 3388 haec
1883 3337 1977 3393 secta
2003 3333 2195 3417 produxit?
2239 3335 2324 3406 Pars

290 3424 432 3516 ignavia
458 3415 730 3490 architectorum
761 3417 979 3496 corruerint,
1019 3414 1104 3482 dum
1135 3413 1282 3500 figuram
1336 3412 1506 3482 loannem
1522 3415 1667 3488 Scotum
1682 3418 1860 3506 imitatur,
1881 3423 1943 3490 alii
1958 3444 2120 3500 sanctum
2138 3431 2323 3524 Thomam,

289 3529 448 3618 ineptam
477 3535 670 3593 assumunt.
737 3518 844 3607 Quod
869 3515 1028 3585 Venetiis
1060 3536 1174 3605 nuper
1205 3535 1283 3579 mo·
1335 3539 1408 3585 non
1429 3518 1522 3586 nulli
1537 3533 1653 3591 autern
1670 3521 1812 3611 ingenio
1828 3525 2026 3615 promiscuo
2042 3525 2107 3600 bac
2124 3549 2231 3627 atque
2245 3541 2324 3611 illac

290 3627 394 3699 nachi
410 3625 578 3695 nonnulli
591 3623 711 3693 obruti
727 3635 827 3704 sunt,
853 3619 944 3689 turri
959 3619 1112 3710 quadam
1127 3615 1283 3697 cadente,
1335 3618 1508 3690 delluunt.
1561 3620 1730 3694 Scotistae
1750 3646 1789 3694 se
1810 3628 2046 3725 pronunciant
2068 3633 2235 3707 victores:
2262 3645 2327 3713 ubi

290 3729 436 3802 ruditati
460 3727 594 3820 opificis
622 3749 698 3794 eam
724 3723 857 3813 erigere
886 3718 1047 3790 conantis
1071 3720 1283 3809 imputatum
1335 3745 1419 3788 vero
1442 3720 1591 3790 liberam
1616 3725 1758 3795 dicendi
1780 3729 1987 3800 sententiam
2010 3732 2107 3803 locus
2125 3737 2252 3823 datur,
2280 3748 2327 3814 ad

290 3848 351 3904 est.
420 3832 547 3903 Sinum
581 3825 796 3906 Arabicum,
830 3838 959 3894 vocant
991 3846 1088 3891 mare
1120 3820 1283 3901 rubrum,
1335 3816 1512 3891 Thomam
1536 3840 1771 3901 revertuntur.
1825 3827 1936 3921 lgitur
1960 3858 2028 3926 quo
2056 3836 2172 3926 plnres
2194 3837 2329 3915 Philo-

289 3961 351 4006 rex
374 3937 519 4027 quidam
541 3931 631 3998 mari
654 3944 775 3999 nostro
799 3928 1057 4022 mediterraneo
1074 3922 1283 3995 continuare
1335 3918 1459 4013 sophia
1475 3922 1707 4014 duceshabet,
1732 3954 1774 3999 eo
1790 3932 1910 4002 minus
1923 3929 1988 4004 bac
2003 3952 2119 4008 nostra
2136 3955 2329 4034 tempesta-

290 4049 466 4118 tentasset,
491 4032 557 4100 nisi
573 4029 761 4100 Geometra
774 4031 951 4100 monitore
963 4042 1071 4098 totam
1082 4022 1282 4117 Aegyptum
1335 4037 1369 4094 te
1397 4026 1602 4103 addiscitur.
1660 4029 1829 4124 Princeps
1862 4036 1994 4105 interea
2021 4034 2326 4132 Philosophorum

290 4161 462 4230 aquarum
480 4131 603 4199 illuvie
619 4133 839 4198 submersum
856 4132 900 4199 iri
915 4130 1103 4199 didicisset.
1143 4122 1283 4196 Omitto
1336 4152 1479 4219 prorsus
1494 4131 1716 4218 destituitur,
1742 4159 1944 4229 nomenque
1960 4162 2062 4208 suurn
2082 4143 2112 4210 is
2136 4145 2206 4214 sibi
2221 4137 2325 4220 usur.

291 4239 444 4328 denique
461 4231 714 4321 negotiatores,
740 4231 802 4321 qui
818 4253 1049 4298 numerorum
1066 4228 1192 4320 peritia
1208 4249 1283 4294 rem
1335 4243 1414 4320 pat,
1441 4233 1501 4323 qui
1521 4233 1559 4300 ln
1576 4228 1854 4325 sophismatibus
1870 4240 1949 4329 plus
1966 4244 2110 4311 caeteris
2124 4249 2236 4330 valet,
2262 4277 2325 4322 ne.

290 4362 391 4409 suam
422 4335 616 4425 plurimum
648 4343 786 4417 augent.
853 4326 993 4399 Omitto
1028 4331 1282 4419 armigerorum
1335 4355 1404 4425 que
1434 4331 1643 4405 Aristoteles
1672 4337 1765 4427 ipse,
1800 4340 1831 4408 si
1861 4341 2103 4429 revivisceret,
2135 4349 2325 4443 discipulos

289 4442 432 4513 turham
467 4450 571 4528 atque
593 4432 768 4513 militurn,
807 4429 937 4523 quibus
963 4431 1107 4501 inventa
1130 4428 1283 4499 Geome·
1335 4457 1417 4503 suos
1443 4449 1548 4529 atque
1581 4460 1744 4529 sequaces
1775 4442 1860 4512 satis
1887 4442 2086 4534 intelligere
2116 4453 2325 4528 crederetur.

290 4544 377 4614 trica
393 4543 431 4610 in
456 4536 579 4607 iaculis
604 4533 805 4617 mittendis,
831 4532 1096 4627 dirigendisque
1110 4528 1284 4601 machinis
1336 4534 1441 4623 Quod
1477 4541 1522 4607 de
1554 4539 1686 4607 nostris
1716 4540 1914 4635 disciplinis
1945 4569 2050 4614 nemo
2085 4551 2155 4618 nisi
2183 4554 2326 4627 insanus

289 4671 355 4717 usn
381 4643 542 4714 veniunt.
594 4634 804 4728 Expeditior
820 4649 937 4705 autem
961 4636 1106 4707 caeteris
1121 4630 1284 4717 habetur,
1334 4639 1536 4728 praedicare
1551 4640 1661 4725 ausit,
1687 4647 1977 4738 qnandoquidem
1993 4673 2110 4742 neque
2128 4670 2238 4742 aetas,
2265 4684 2325 4728 ne-

289 4750 320 4817 si
354 4748 432 4840 quis
464 4744 647 4813 radiorum
679 4738 851 4807 solarium
880 4737 991 4826 legem
1030 4753 1082 4807 sat
1149 4734 1283 4808 calleat.
1335 4763 1403 4830 que
1436 4736 1623 4813 hominum
1654 4768 1769 4814 mores
1801 4747 1885 4838 ipsis
1920 4749 2109 4844 quicquam
2141 4758 2326 4832 detrahere

291 4845 694 4939 Quiddeniquelabros
717 4841 1035 4912 instrumentorum
1053 4838 1283 4909 Musicalium
1334 4854 1493 4930 possunt.
1560 4838 1794 4916 Theoremata
1828 4844 1991 4920 Euclidis
2023 4856 2170 4926 eandem
2206 4857 2326 4948 hodie,

289 4949 511 5020 meminero?
544 4946 673 5038 quibus
698 4943 801 5012 toties
825 4964 980 5010 errorem
1003 4941 1163 5011 suumin
1181 4964 1284 5009 men·
1334 4966 1440 5035 quam
1456 4956 1538 5013 ante
1550 4946 1648 5014 mille
1669 4970 1783 5016 annos
1799 4944 1932 5020 habent
1953 4955 2213 5034 certitudinem,
2269 4964 2328 5035 ln-

290 5053 383 5123 suris
399 5047 603 5119 dividendis
623 5045 747 5117 obieci.
800 5040 930 5112 Missos
952 5043 1042 5112 facio
1059 5040 1282 5111 mechanicos
1336 5056 1438 5144 venta
1454 5041 1682 5118 Archimedis
1698 5063 1776 5140 post
1791 5051 1888 5121 mille
1903 5057 2019 5125 secula
2034 5063 2194 5131 venturis
2212 5059 2329 5136 homi·

289 5177 431 5235 omnes,
464 5164 503 5218 ut
528 5161 699 5239 quantum
722 5145 884 5215 utilitatis
911 5146 948 5214 in
972 5144 1282 5216 studiistiberali-
1333 5145 1439 5214 nibus
1456 5173 1529 5217 non
1547 5150 1721 5221 minorem
1736 5152 2200 5250 inducentadmirationem,
2224 5195 2329 5261 quam

289 5261 356 5327 bus
373 5246 639 5325 mathematicae
660 5248 860 5332 conserant,
887 5249 1028 5318 abunde
1055 5258 1281 5318 monstretur.
1333 5247 1531 5335 legentibus
1549 5253 1936 5328 nobisiucunditatem.
1988 5255 2330 5355 Operpetuaemor-

287 5358 460 5451 Nunquid
481 5350 640 5432 nescitis,
664 5372 769 5440 quam
785 5351 909 5421 crebro
933 5344 1187 5419 mathematicis
1203 5359 1281 5416 uta·
1333 5349 1458 5420 talium
1474 5355 1635 5423 comites:
1662 5378 1737 5423 non
1757 5358 1855 5447 prius
1866 5375 2077 5448 cessaturae,
2105 5393 2213 5458 quam
2225 5399 2330 5443 mun.

285 5479 344 5536 tur
360 5456 527 5551 exemplis
537 5450 786 5547 peripateticus
796 5446 1132 5543 illePhilosophus?
1157 5460 1281 5520 cuncta
1304 5521 1308 5530 ,
1333 5451 1400 5522 dus
1422 5455 1496 5546 ipse
1520 5457 1667 5526 desinat.
1727 5453 1763 5531 0
1794 5460 1916 5532 divina
1931 5459 2236 5560 Philosophorum
2262 5501 2330 5547 nu-
