4732 6030
90 324 163 400 426
689 315 845 395 DECL.
880 318 952 392 DE
980 317 1253 410 QttEttELt
1287 308 1513 397 Lazant.
2040 320 2112 390 426

89 497 269 568 aratione
302 509 379 565 eta
412 493 789 572 demonstrationibus,
824 507 874 564 cst
899 494 1070 593 quaedam
1123 494 1180 565 hic
1202 496 1299 565 locus
1324 496 1436 584 imago
1455 496 1625 588 quaedam
1643 507 1694 563 est
1712 491 1856 576 Curiae,
1883 491 2109 584 autSynodi.

87 601 218 669 noticia
235 595 491 684 legisdivinae,
516 596 673 686 agnoscit
689 620 760 664 esse
776 593 900 679 Deum,
927 593 1069 663 etiudi-
1123 597 1192 666 llic
1225 599 1319 664 euim
1343 600 1386 664 de
1408 596 1566 686 Repuh.,
1600 598 1643 664 de
1668 595 1844 686 imperiis,
1876 596 1919 664 de
1941 589 2109 672 Ecclesia,

88 716 144 770 cat
160 705 201 770 de
215 699 371 768 moribus
386 698 568 780 civilibus,
597 698 690 766 videt
714 693 780 766 hoc
797 698 985 766 discrimen
1006 690 1072 763 ho·
1124 700 1233 767 multa
1254 723 1439 767 monemus
1460 700 1655 766 auditores:
1682 720 1783 784 saepe
1798 696 1957 786 querelas
1972 709 2128 788 nostras
2195 718 2199 728 ¹

86 815 263 870 nestarum
283 813 317 868 et
339 800 496 888 turpium
515 798 684 870 divinitus
701 799 804 866 uobis
822 798 968 867 insitum
986 819 1071 879 esse,
1124 801 1347 893 exponimus,
1373 824 1472 890 saepe
1495 799 1685 868 sententias
1708 799 1876 879 dicimus,
1903 797 2049 887 perinde
2070 818 2111 864 ac

86 902 216 970 iudicat
237 901 358 990 puniri
383 900 513 969 atrocia
537 900 663 968 scelera
680 926 699 968 a
715 898 812 984 Deo,
837 895 943 968 habet
966 900 1070 967 etiain
1123 903 1152 970 si
1174 904 1212 969 in
1233 917 1372 984 senatu,
1399 917 1456 972 aut
1481 903 1518 969 in
1542 923 1704 970 consessu
1721 898 1856 992 Synodi
1871 896 1983 965 oratio
1998 892 2110 965 habe-

88 1002 186 1096 quasi
208 1003 425 1092 praesagium
448 1002 589 1092 aliquod
607 1003 650 1068 de
675 1001 948 1070 immortalitate.
999 998 1071 1066 Ne·
1123 1018 1230 1074 retur.
1284 1003 1335 1071 Ac
1357 1026 1518 1093 magnam
1543 1003 1688 1091 gratiam
1704 998 1914 1070 Academiae
1932 999 2111 1080 debemus,

81 1127 153 1196 ¹que
169 1118 285 1172 tamen
305 1104 365 1170 illa
386 1103 482 1171 videt
498 1118 557 1172 aut
579 1104 697 1181 docet,
724 1126 811 1193 quae
829 1101 969 1193 propria
990 1113 1071 1168 suut
1123 1130 1212 1197 qnae
1238 1105 1373 1173 etiamsi
1397 1106 1627 1194 petulantiam
1653 1128 1692 1173 ac
1715 1101 1998 1171 maledicentiam
2035 1099 2110 1187 lege

84 1200 280 1293 Evangelii,
300 1204 474 1286 videlicet,
496 1202 738 1273 remissionem
755 1217 973 1294 peccatorum
992 1224 1071 1289 gra·
1123 1202 1326 1298 prohibuit,
1351 1221 1468 1274 tamen
1485 1202 1668 1274 honestam
1684 1217 1718 1274 et
1734 1204 1827 1296 piam
1843 1201 1984 1270 dicendi
2001 1201 2110 1268 liber·
2178 1261 2180 1265 Α

85 1306 129 1374 tis
151 1307 354 1374 donandam
379 1319 521 1395 propter
546 1305 658 1373 filium
680 1305 759 1376 Dei.
818 1302 915 1372 Haec
939 1303 1069 1370 noticia
1123 1321 1228 1378 tatem
1258 1307 1361 1374 nabis
1394 1308 1573 1385 concedit,
1604 1308 1749 1374 sortasse
1781 1305 1969 1384 maiorem,
2003 1324 2109 1393 quam

83 1431 158 1475 non
187 1419 237 1475 est
260 1420 334 1474 orta
364 1407 407 1473 ab
430 1401 595 1476 humanis
624 1406 821 1489 mentibus,
854 1406 925 1473 imo
947 1404 1070 1495 procul
1123 1404 1268 1478 haberet
1283 1408 1449 1500 Synodus
1469 1408 1541 1476 ulla
1555 1407 1777 1476 Pontificum.
1830 1403 1878 1474 Ut
1893 1404 2022 1475 Poetae
2042 1404 2109 1470 fin-

78 1520 180 1577 'extra
200 1522 420 1597 conspectum
434 1509 582 1577 rationis
601 1502 775 1576 humanae
794 1507 904 1597 posita
919 1519 981 1587 cst,
1009 1506 1070 1572 sed
1122 1523 1250 1578 xerunt
1273 1506 1434 1578 Astream
1458 1509 1650 1596 fugientem
1675 1532 1715 1575 ex
1735 1505 1905 1589 urbibus,
1931 1505 2109 1595 paulisper

84 1606 198 1677 Filius
214 1609 278 1679 Dei
296 1610 357 1701 qni
372 1622 422 1677 est
438 1609 475 1675 in
491 1609 571 1677 sinn
588 1607 714 1691 Patris,
740 1633 814 1677 eam
833 1607 1005 1699 patefecit,
1032 1619 1070 1674 ut
1122 1606 1237 1679 adhuc
1268 1611 1305 1678 in
1330 1633 1412 1680 rure
1437 1625 1687 1679 commoratam
1712 1622 1745 1678 et
1768 1606 2009 1677 concinnatam
2035 1629 2108 1674 csse

83 1711 170 1777 alias
186 1711 323 1800 copiose
339 1710 479 1783 dicitur.
530 1709 648 1799 Quare
666 1712 852 1801 prudentia
869 1705 1070 1778 adhibenda
1122 1713 1301 1803 agricolis:
1329 1713 1376 1783 ita
1396 1713 1496 1803 pulsa
1514 1713 1643 1780 veritas
1665 1736 1706 1779 ex
1725 1709 1937 1779 Pontificum
1953 1708 2109 1794 collegiis

83 1825 133 1879 est
158 1812 196 1877 in
214 1813 454 1880 discernendis
473 1812 711 1880 doctrinarum
731 1813 936 1901 generibus,
960 1824 992 1879 ct
1011 1834 1070 1877 ex·
1122 1831 1156 1884 et
1185 1814 1364 1898 conciliis,
1395 1814 1578 1882 nobiscum
1607 1808 1723 1881 adhuc
1746 1808 1814 1880 Dei
1838 1809 2006 1879 beneficio
2027 1804 2110 1898 phi·

82 1912 251 2002 plodendi
271 1927 353 1982 sunt
370 1913 480 2004 inepti
497 1914 568 1998 illi,
593 1912 654 2005 qui
670 1915 865 1982 offundunt
883 1912 1069 1998 caliginem
1121 1910 1339 2004 losophatur.
1399 1910 1447 1982 Et
1469 1939 1509 1981 ex
1534 1909 1589 1981 his
1610 1909 1828 1983 scholasticis
1851 1910 2010 1980 coetibus
2035 1909 2110 1978 eius

82 2009 295 2102 Evangelio,
329 2016 400 2081 imo
431 2016 588 2082 obruunt
617 2038 656 2081 ac
681 2015 801 2082 delent
823 2010 1070 2100 Evangelium,

83 2138 163 2182 cum
190 2117 443 2183 transformant
474 2115 510 2180 in
542 2114 759 2182 Platonicam
792 2107 1068 2202 Philosophiam.

83 2213 200 2302 Magis
222 2217 326 2282 etiam
350 2215 491 2283 taxandi
517 2228 618 2295 strat,
646 2214 707 2304 qui
729 2238 774 2281 ne
788 2213 972 2284 Platonem
989 2213 1069 2304 qui-

82 2317 163 2384 dem
188 2316 439 2404 intelligentes,
471 2315 546 2383 eius
571 2315 690 2402 liguris
713 2316 930 2404 depravatis,
966 2338 1069 2381 mou-

82 2431 211 2493 strosas
228 2419 417 2507 opiniones
431 2429 650 2502 genuerunt,
677 2438 802 2508 easque
820 2417 859 2483 in
874 2413 1067 2484 Ecclesiam

82 2533 303 2609 sparserunt,
342 2532 381 2585 ut
405 2513 579 2605 Origenes
611 2532 644 2585 et
675 2531 753 2607 post
778 2541 857 2586 eum
881 2518 941 2585 alii
963 2516 1069 2584 multi

82 2621 237 2688 fecerunt
248 2648 257 2709 ;
289 2619 458 2703 flagitiose
474 2620 570 2687 enirn
586 2619 821 2687 contaminata
840 2632 890 2688 est
908 2619 1068 2687 doctrina

81 2715 281 2789 Christiana
308 2721 484 2788 veteribus
508 2720 580 2787 illis
604 2720 842 2810 temporibus,
870 2721 987 2810 inepte
1005 2721 1068 2787 ad-

82 2822 187 2890 mixta
213 2821 392 2889 Platonica
413 2816 656 2911 Philosophia.
710 2818 806 2889 llaec
827 2823 981 2890 breviter
1005 2822 1068 2889 ad-

83 2923 164 3006 ieci3
187 2935 225 2991 ut
242 2924 335 2990 enim
351 2923 492 2992 collatio
506 2924 746 2990 doctrinarum
762 2922 895 3013 aliquid
907 2923 1068 2990 lucisad-

80 3025 146 3091 fert
167 3024 351 3105 studiosis,
381 3023 427 3090 ita
445 3020 620 3089 Ecclesiae
642 3022 835 3110 plurimum
860 3024 983 3103 refert,
1010 3047 1068 3088 ca-

81 3148 177 3210 vere,
203 3148 248 3192 ne
262 3123 503 3190 doctrinarum
519 3143 645 3208 genera
663 3119 938 3190 confundantur.
974 3119 1067 3190 Dixi.

1121 2016 1262 2085 oracula
1288 2017 1329 2082 ad
1361 2015 1497 2106 aliquas
1528 2011 1701 2082 Ecclesias
1734 2014 1971 2105 perferuntur.
2039 2007 2111 2080 Sed
2160 2023 2165 2026 ’

1121 2140 1200 2185 eum
1223 2110 1280 2183 hic
1298 2139 1399 2207 saepe
1416 2116 1504 2183 aliae
1521 2140 1643 2184 causae
1658 2116 1872 2207 pertinentes
1890 2115 1935 2182 ad
1950 2136 2110 2181 commu·

1120 2242 1201 2286 nem
1231 2218 1379 2285 salutem
1411 2231 1508 2286 actae
1539 2218 1626 2302 sint,
1661 2241 1757 2286 nunc
1790 2229 1945 2285 nostram
1969 2237 2109 2284 causam

1120 2343 1238 2408 agam:
1265 2319 1456 2406 deplorabo
1482 2333 1617 2388 nostras
1640 2319 1817 2404 miserias,
1842 2331 1876 2388 et
1903 2339 2025 2386 omnes
2044 2339 2110 2404 gn·
2177 2340 2186 2349 “

1119 2419 1485 2510 bernatoresReipub.
1505 2423 1547 2488 de
1562 2446 1625 2491 suo
1641 2422 1756 2491 officio
1774 2419 1986 2503 admonebo,
2012 2419 2109 2510 quod
2159 2435 2168 2449 ’

1120 2521 1243 2601 nobis,
1278 2521 1372 2613 quud
1399 2520 1597 2603 Ecclesiae,
1629 2524 1667 2589 in
1694 2518 1763 2590 hoc
1794 2521 1941 2609 negocio
1967 2522 2109 2591 debent.

1119 2619 1281 2692 Christus
1303 2634 1421 2690 narrat
1444 2622 1551 2690 fuisse
1569 2621 1713 2690 divitem
1732 2625 1927 2713 quendam,
1953 2621 2108 2687 fortassis

1120 2724 1224 2794 etiam
1243 2724 1411 2812 dignitate
1428 2734 1681 2814 praestantem,
1708 2723 1769 2814 qui
1786 2747 1860 2790 non
1876 2734 2014 2789 tantum
2031 2719 2108 2786 sine

1118 2839 1216 2895 metu
1241 2826 1419 2912 egestatis,
1445 2827 1520 2892 sine
1544 2823 1784 2893 sollicitudine
1799 2824 1954 2893 suaviter
1970 2821 2109 2905 vixerit,

1119 2929 1179 2995 sed
1205 2927 1308 2995 etiam
1325 2926 1548 3015 splendorem
1567 2927 1736 2994 amaverit
1753 2925 1906 2995 inomni
1925 2935 2107 3014 apparatu,

1119 3027 1306 3111 comitatu,
1330 3028 1514 3109 aedificiis,
1540 3053 1610 3119 quo
1631 3022 1792 3095 homines
1812 3025 1970 3115 opulenti
1989 3023 2108 3112 digni-

1119 3141 1224 3198 tatem
1248 3129 1367 3218 augeri
1390 3142 1524 3216 putant.
1586 3126 1631 3196 ln
1653 3124 1720 3196 hoc
1745 3129 1904 3210 divitias,
1931 3125 2109 3220 tranquil-

1118 3230 1274 3313 litatem,
1305 3255 1344 3298 ac
1366 3230 1582 3320 voluptates,
1608 3243 1649 3299 ut
1671 3231 1727 3313 lit,
1753 3243 1892 3299 secutus
1916 3241 1968 3298 est
1986 3229 2108 3312 fastus,

1044 3331 1070 3343 “
1118 3344 1151 3400 et
1163 3331 1335 3419 neglectio
1352 3332 1684 3401 rerumaivinarum
1702 3354 1743 3400 ac
1754 3348 1960 3424 pauperum.
1988 3328 2110 3418 Quare

896 3488 943 3527 su.
961 3466 1053 3529 1539.

888 3555 1059 3583 Μ

368 3620 564 3727 Querela
593 3620 778 3709 Lazari.

145 3781 270 3834 Prodiit:
303 3779 449 3849 „Querela
468 3777 557 3831 Lasari
576 3779 754 3841 pronunciata
778 3779 931 3850 aquodam
950 3778 1065 3834 Schola-

179 3851 247 3904 stico
267 3851 434 3916 Vitebergae·
472 3849 553 3899 Anno
569 3846 609 3900 M.
619 3846 652 3901 Ι).
660 3848 786 3904 ΧΧΧΙΧ.

228 3919 280 3972 llic
294 3916 390 3970 recitat
403 3917 507 3968 cunctis
519 3915 670 3983 iustamque
684 3934 846 3984 gravemque
861 3914 1002 3987 querelam

284 3985 434 4039 Confectus
448 3983 546 4035 morbo
561 3983 679 4035 Lazarus
694 3995 774 4055 atque
789 3985 870 4054 fame,

228 4057 262 4109 Et
275 4052 344 4108 mala
358 4052 498 4119 deplorat,
517 4070 584 4121 quae
598 4068 672 4104 nuuc
685 4052 803 4105 Ecclesia
817 4053 928 4123 perfert,

283 4123 362 4175 Parte
376 4122 480 4189 aliqua,
500 4138 581 4171 neruo
594 4129 692 4172 cuncta
706 4119 809 4173 referre
821 4132 919 4189 potest.

229 4192 319 4261 Quem
334 4209 390 4242 non
403 4188 452 4241 ista
468 4199 582 4244 movent
593 4198 633 4240 est
645 4187 729 4240 divite
742 4189 838 4240 durior
852 4190 909 4246 illo,

283 4261 364 4311 lanua
379 4259 455 4311 cuius
469 4268 524 4310 erat
540 4257 640 4309 Lauare
653 4255 742 4309 clausa
750 4255 833 4316 tibi,’'

178 4328 282 4382 Recusa
302 4339 341 4378 est
360 4326 425 4379 baec
445 4324 533 4378 oratio
545 4325 616 4395 apud
630 4323 703 4379 Crat.
719 4325 788 4396 Myt.
802 4324 835 4377 92
847 4343 924 4394 sqq„
941 4323 970 4377 in
981 4321 1060 4376 Decl.

179 4396 212 4450 T.
227 4397 247 4450 l.
272 4412 297 4464 p.
308 4395 365 4460 tu,
390 4393 577 4448 Richardlll.
603 4394 703 4460 pota.
720 4405 747 4446 et
766 4394 795 4446 in
816 4393 933 4447 Serveat.
947 4391 966 4445 l.
981 4411 1007 4461 p.
1018 4386 1061 4446 60.

178 4465 224 4518 ubi
238 4482 327 4516 versus
340 4463 368 4515 iu
382 4463 461 4516 titulo
477 4463 613 4534 archetypi
626 4472 689 4514 sunt
704 4461 900 4529 praetermissi,
923 4460 1060 4514 adiectum

177 4551 245 4590 sero
257 4542 295 4586 est
309 4532 418 4602 longum
431 4550 559 4597 carmen,
576 4529 716 4583 historiam
726 4529 818 4584 basari
832 4531 968 4593 referens,
986 4528 1060 4599 quod

178 4602 350 4670 archetypos
379 4618 435 4651 non
460 4598 538 4652 babet
559 4617 646 4669 nsque
664 4617 678 4649 a
697 4598 875 4651 Melantbone
895 4598 1060 4667 profectum.

177 4688 262 4792 eaque
280 4668 314 4720 de
334 4686 413 4723 causa
435 4667 478 4720 bic
498 4669 715 4737 praetermissum
732 4678 780 4723 eat.
817 4667 879 4721 Vid.
892 4668 974 4721 etiam
990 4665 1059 4738 Epp.

179 4740 220 4792 vo
235 4773 242 4789 .
256 4736 302 4791 tu.
321 4758 346 4809 p.
358 4738 417 4791 us.
431 4733 492 4790 aas.

100 4901 260 4986 Querela
296 4901 489 4976 Lazari,
534 4898 787 4984 pronunciata
818 4894 1033 4989 aquodam

325 4997 546 5069 scholastico
581 4993 810 5092 Viteberpae.

70 5142 242 5243 Pergrata
266 5150 370 5219 nobis
392 5142 477 5217 haec
501 5147 643 5217 dicendi
666 5152 883 5218 consuetudo
906 5172 978 5218 esse
993 5148 1057 5216 de-

70 5259 147 5337 bet,
173 5277 248 5325 non
267 5265 405 5322 tantum
428 5274 468 5318 eo
490 5251 584 5343 quod
603 5245 751 5316 Latinae
767 5250 908 5339 linguae
923 5249 1055 5319 exerci-

70 5360 160 5429 tium
184 5367 385 5432 conservat,
412 5351 670 5444 propterquod
689 5351 875 5440 praecipue
892 5351 1053 5421 instituta

68 5473 138 5545 est,
164 5457 353 5529 sedetiam
377 5453 461 5546 quia
485 5453 589 5522 nobis
609 5452 754 5544 quidem
770 5452 1052 5523 adolescentibus

1117 3456 1196 3501 cum
1223 3446 1303 3502 ante
1323 3435 1425 3502 aedes
1443 3432 1517 3501 eius
1532 3433 1707 3525 quispiam
1725 3456 1872 3524 pauper,
1898 3432 1954 3500 cui
1971 3428 2106 3499 Lazaro

1117 3557 1246 3602 nomen
1275 3535 1360 3613 fuit,
1396 3534 1543 3616 iaceret,
1576 3548 1753 3622 aegrotus,
1786 3535 1950 3626 squalens
1976 3531 2105 3600 ulceri-

1117 3634 1202 3718 bus,
1233 3635 1421 3704 destitutus
1447 3634 1605 3702 omnium
1634 3631 1819 3703 hominum
1843 3659 1928 3725 ope,
1955 3647 2104 3724 peteret-

1116 3759 1185 3826 que
1210 3738 1403 3823 pauxillum
1429 3736 1517 3819 cibi,
1544 3737 1640 3803 dives
1666 3760 1727 3804 sua
1747 3738 1888 3806 fortuna
1908 3737 2042 3819 ebrius,
2070 3748 2105 3807 et

1115 3836 1248 3905 oblitus
1276 3835 1434 3905 coelestis
1464 3837 1622 3904 mandati
1652 3851 1686 3905 et
1717 3838 1915 3906 communis
1948 3852 2104 3916 naturae,

1115 3961 1204 4029 quae
1231 3960 1295 4005 nos
1319 3939 1363 4003 ad
1387 3951 1479 4004 certa
1504 3938 1617 4004 officia
1640 3938 1772 4023 obligat
1788 3939 1996 4026 praestanda
2012 3936 2104 4001 cala-

1115 4037 1266 4119 mitosis,
1300 4037 1467 4101 miserum
1491 4036 1591 4101 illum
1615 4037 1770 4124 negligit.
1828 4035 1989 4127 Cumque
2011 4059 2103 4127 quo-

1113 4137 1199 4205 tidie
1224 4140 1268 4202 ad
1293 4134 1505 4201 vestibulum
1539 4136 1709 4205 iacentem
1735 4137 1773 4206 in
1808 4137 1942 4225 magnis
1966 4137 2103 4207 crucia-

1112 4238 1208 4305 tibus
1225 4236 1378 4314 videret,
1406 4238 1584 4322 praeteriit
1601 4252 1717 4306 tamen
1733 4240 1846 4308 ferreo
1863 4236 2002 4321 auimo,
2026 4263 2101 4307 non

1112 4338 1177 4422 ali,
1210 4362 1283 4406 non
1309 4337 1426 4404 sanari
1450 4352 1565 4422 curat,
1599 4341 1755 4409 fortassis
1779 4340 1883 4411 etiam
1909 4338 2102 4411 arbitratur

1112 4440 1267 4508 alienum
1300 4461 1374 4506 esse
1403 4440 1572 4527 gravitate
1604 4441 1802 4533 visitanti,
1837 4443 1970 4533 alloqui
1993 4439 2099 4510 mise-

1111 4565 1209 4623 rum,
1236 4555 1295 4611 aut
1319 4541 1394 4608 eius
1420 4565 1521 4610 causa
1540 4544 1631 4630 angi.
1685 4540 1821 4613 lnterea
1841 4540 1966 4633 stipem
1984 4543 2100 4633 porri-

1110 4655 1198 4732 gunt
1220 4642 1332 4733 aliqui
1356 4644 1399 4710 de
1424 4645 1555 4732 populo
1581 4640 1742 4713 homiues
1764 4643 1834 4736 pii,
1860 4660 1892 4713 et
1908 4645 2023 4714 ulcera
2040 4669 2099 4713 ea-

1110 4767 1173 4812 nes
1202 4746 1440 4823 medicantur,
1482 4744 1600 4830 lingua
1633 4748 1818 4836 detergunt
1850 4771 1888 4813 ac
1920 4747 2099 4835 mitigant.

1109 4844 1180 4915 Sed
1202 4861 1279 4936 post
1302 4856 1450 4911 mortem
1466 4842 1618 4913 Lazarus
1636 4848 1790 4916 donatur
1808 4847 2016 4916 coelestibus
2031 4850 2097 4916 da-

1108 4947 1181 5030 nis,
1214 4949 1311 5013 dives
1337 4944 1396 5011 ille
1427 4947 1599 5034 superbus
1629 4962 1662 5015 et
1691 4946 1842 5018 crudelis
1869 4947 2034 5017 obiicitur
2057 4950 2097 5018 in

1107 5047 1281 5115 cruciatus
1303 5059 1473 5114 aeternos.
1525 5045 1627 5116 llauc
1651 5043 1834 5118 historiam
1852 5050 1975 5121 recitat
1989 5046 2096 5119 Chri-

1106 5160 1198 5227 stus,
1233 5162 1271 5216 ut
1299 5148 1495 5237 exemplum
1526 5148 1712 5240 irrriversae
1733 5144 1910 5220 Ecclesiae
1933 5154 2093 5222 omnium

1107 5264 1304 5338 temporum
1331 5254 1516 5339 proponat}
1565 5248 1718 5321 Lazarus
1743 5268 1819 5323 erat
1841 5253 2005 5322 leremias
2030 5278 2093 5323 sua
2185 5248 2199 5265 ”

1105 5364 1238 5435 aetate,
1271 5376 1373 5443 quem
1396 5349 1577 5440 Principes
1596 5377 1646 5421 ac
1668 5349 1855 5425 Pontifices
1883 5380 1955 5424 non
1985 5357 2092 5423 morlo

1104 5453 1253 5542 superbe
1276 5453 1568 5533 contemnebant,
1594 5456 1653 5524 sed
1672 5455 1777 5527 etiam
1793 5457 1917 5527 acerbe
1932 5458 2093 5530 oderant.
