4732 6030
242 313 317 393 δεῖ
781 282 942 361 DECL.
988 279 1062 367 DE
1094 273 1298 358 VERBO
1327 275 1753 356 ’0P60TOMnttu
2216 276 2302 353 688

251 492 282 561 si
303 487 385 556 lons
406 465 632 562 metaphorae
654 462 911 533 consideretur.
963 456 1131 530 Arbitror
1147 455 1244 525 enim
1294 451 1438 525 victima
1469 451 1660 543 significari
1682 448 1940 537 Mediatorem,
1973 450 2037 544 qui
2069 456 2237 523 sacerdos
2264 468 2302 528 et

252 599 432 680 sumptum
457 595 529 645 esse
556 568 705 639 verbum
725 590 745 635 a
768 564 989 662 sacerdotum
1015 559 1151 644 officio,
1183 555 1246 652 qui
1296 555 1454 648 placator
1475 556 1617 626 futurus
1636 567 1732 640 erat,
1758 567 1794 624 et
1814 566 1961 646 propter
1981 578 2063 624 eum
2078 569 2214 630 norant
2230 552 2309 633 hoc·

253 691 415 770 secabant
436 672 634 745 hostiarum
655 670 833 751 membra,
859 688 924 734 nec
940 663 1035 734 enirn
1051 662 1179 735 licebat
1193 675 1248 732 te·
1297 656 1536 730 ministerium
1554 657 1755 728 institutum
1771 679 1857 726 esse.

253 813 348 869 mere
370 777 514 875 partiri,
539 788 582 847 ut
601 771 729 864 cuique
753 769 954 851 videbatur:
982 766 1042 837 sed
1057 761 1156 841 Deus
1178 762 1246 833 alia
1402 759 1511 849 Quod
1526 784 1611 830 vero
1627 759 1797 849 sanguine
1812 783 1909 827 aram
1923 761 2109 851 conspergi
2124 764 2301 854 oportuit,

254 876 557 970 membraabiici,
578 873 735 947 eliasibi
753 868 986 949 inflammari,
1013 869 1083 938 alia
1099 863 1248 939 attribui
1300 875 1431 933 norant
1458 887 1532 934 uon
1563 864 1756 954 pecudum,
1790 863 1852 931 sed
1883 859 2098 933 Mediatoris
2127 868 2303 956 sanguine

255 986 497 1071 sacerdotibus
518 979 645 1051 voluit.
694 974 806 1045 Plane
827 996 886 1043 ars
908 985 982 1043 erat
1003 971 1165 1042 dividere
1182 962 1250 1036 ho·
1300 964 1503 1035 universam
1516 961 1712 1035 Ecclesiam
1733 965 1874 1037 redimi.
1925 963 2016 1036 Cum
2040 990 2125 1037 vero
2149 973 2303 1040 caudam

256 1100 372 1173 stiam.
422 1087 496 1158 Nec
517 1096 682 1173 putemus
705 1078 796 1148 ritus
818 1075 901 1145 illos
923 1072 1144 1145 barbaricam
1163 1094 1250 1141 con·
1302 1081 1338 1138 at
1354 1068 1492 1159 adipem
1501 1067 1724 1158 'conflagrare
1738 1068 1926 1152 videbant,
1951 1072 2188 1158 agnoscebant
2203 1072 2304 1142 iudi-

258 1195 483 1276 suetudinem
501 1186 629 1268 fuisse,
654 1180 983 1262 acnullascausas,
1007 1172 1252 1263 nullassigni·
1303 1169 1359 1239 clo
1389 1166 1457 1240 Dei
1490 1167 1582 1240 hanc
1611 1184 1770 1240 nostram
1798 1171 1985 1241 mortalem
2017 1187 2181 1244 naturam
2214 1178 2305 1247 sub-

258 1302 439 1376 licationes
455 1287 638 1360 habuisse:
666 1284 738 1354 imo
756 1306 840 1350 vero
857 1294 891 1349 et
905 1303 1025 1350 causas
1040 1278 1192 1361 rituum,
1219 1286 1253 1342 et
1304 1272 1429 1344 lectam
1442 1297 1517 1343 esse
1531 1273 1637 1344 morti
1650 1286 1684 1343 et
1698 1273 1904 1363 ingentibus
1917 1277 2114 1347 aerumnis:
2139 1281 2199 1347 sed
2214 1283 2304 1352 abo·

260 1423 412 1503 quarum
436 1416 553 1465 rerum
577 1400 693 1458 essent
714 1383 903 1474 imagines,
928 1375 1127 1472 Prophetae
1142 1391 1177 1449 et
1193 1375 1253 1447 alii
1306 1374 1370 1445 lito
1400 1388 1542 1467 peccato
1571 1375 1609 1443 in
1643 1390 1774 1459 morte,
1807 1389 1929 1467 postea
1956 1392 2121 1448 naturam
2153 1384 2301 1454 restitui.

261 1509 313 1604 pii
333 1528 373 1576 ac
394 1495 526 1570 eruditi
550 1491 718 1562 sciebant.
771 1486 841 1557 Sed
862 1482 967 1553 nobis
989 1484 1028 1552 in
1050 1477 1116 1552 hac
1134 1493 1254 1549 nostra
1305 1475 1409 1547 Nasci
1430 1501 1496 1548 nos
1511 1479 1557 1547 ad
1572 1477 1716 1548 delicias
1732 1478 1915 1567 tingimus,
1942 1491 2097 1551 acures
2114 1479 2302 1556 hominum

262 1605 422 1688 inscitia,
447 1595 592 1670 difficile
616 1605 669 1661 est
692 1614 750 1659 eas
771 1610 892 1657 causas
913 1598 947 1655 et
969 1583 1141 1675 imagines
1161 1595 1256 1651 recte
1308 1581 1527 1673 consiliaque
1550 1585 1594 1649 ad
1619 1575 1687 1650 hoc
1710 1580 1899 1672 praecipue
1918 1582 2141 1666 reseruntur,
2164 1602 2206 1659 ut
2223 1613 2303 1661 sna·

262 1711 447 1805 explicare.
491 1698 575 1768 ldeo
592 1693 695 1764 multi
712 1693 751 1760 in
766 1687 926 1760 terendis
937 1685 1116 1776 allegoriis
1131 1680 1257 1754 insulsi
1309 1683 1400 1752 viter
1423 1683 1595 1752 vivamus.
1647 1678 1696 1753 At
1717 1683 1806 1752 scias
1827 1683 1926 1753 illam
1942 1685 2150 1757 suavitatem
2168 1692 2304 1762 confla-

263 1827 358 1889 sunt.
411 1805 480 1877 Sed
497 1800 654 1870 recitabo'
670 1808 705 1864 et
720 1814 803 1883 ego,
829 1789 916 1887 quid
932 1783 1022 1857 mihi
1038 1790 1081 1858 de
1095 1783 1152 1857 his
1166 1784 1258 1880 typis
1309 1809 1410 1876 grare
1425 1798 1605 1877 oportere,
1632 1808 1706 1854 non
1721 1807 1847 1875 regua,
1869 1810 1947 1856 nou
1955 1790 2198 1883 tyrrannides,
2227 1818 2304 1864 non

265 1900 446 1994 videatur,
478 1918 512 1974 et
536 1927 555 1971 a
578 1895 865 1993 praeceptoribus
892 1890 997 1975 meis,
1025 1913 1107 1961 vera
1130 1889 1259 1981 pietate
1310 1889 1478 1977 gloriam,
1508 1910 1582 1955 nou
1613 1881 1801 1958 bominum
1833 1889 1974 1978 plausus
2004 1885 2070 1961 hoc
2098 1892 2304 1966 ministerio

266 2015 443 2097 colendis,
468 2022 549 2100 peto
567 2000 827 2072 enarrationem
844 1993 955 2083 magis
969 1993 1193 2064 concinnam.
1312 1991 1531 2085 quaerendos
1555 2013 1640 2074 esse,
1697 1988 1795 2059 Haec
1815 2005 1848 2061 et
1872 1991 2001 2061 similia
2026 1994 2230 2084 cogitabant
2252 1999 2307 2090 pii

371 2115 502 2202 Magna
520 2102 692 2199 sapientia
709 2100 831 2170 estlex
849 2094 991 2181 divina,¹
1017 2109 1145 2166 etcum
1159 2088 1261 2162 utili·
1312 2094 1530 2175 sacerdotes,
1564 2092 1745 2161 flammam
1768 2093 1930 2164 sacrificii
1953 2095 2151 2189 intuentes,
2184 2114 2218 2170 et
2239 2095 2307 2171 hac

268 2222 332 2296 tati
354 2213 541 2288 hominum
564 2204 734 2286 consulit,
760 2213 836 2270 tum
861 2222 944 2268 vero
962 2197 1051 2268 ritus
1068 2196 1136 2289 ipsi
1151 2195 1262 2265 multa
1313 2195 1555 2267 consolatione
1573 2193 1754 2266 leniebaut
1769 2196 1931 2281 dolores,
1958 2199 2054 2291 quod
2073 2224 2147 2270 non
2165 2212 2306 2285 temere,

270 2345 399 2398 arcana
414 2319 456 2386 de
472 2312 655 2383 voluntate
669 2304 737 2375 Dei
752 2314 909 2375 mouent.
961 2298 1068 2370 lussit
1083 2295 1179 2368 Deus
1194 2295 1261 2367 sibi
1314 2323 1389 2369 non
1415 2319 1497 2367 casu
1518 2297 1675 2387 perirent
1696 2297 1877 2383 victimae,
1902 2300 1964 2368 sed
1988 2305 2085 2394 quod
2105 2316 2139 2373 et
2155 2301 2232 2374 Deo
2251 2306 2308 2377 iu-

271 2415 487 2498 inflammari
510 2413 650 2504 adipem
673 2421 708 2477 et
729 2407 897 2487 caudam,
924 2400 1165 2472 sacerdotibus
1180 2423 1263 2469 vero
1314 2401 1420 2471 bente
1437 2400 1598 2484 oblatae,
1624 2401 1717 2470 etad
1739 2400 1991 2472 celebrandum
2006 2400 2121 2476 Deum
2138 2401 2204 2475 hae
2223 2432 2309 2499 par.

270 2521 419 2600 attribui
441 2530 563 2611 pectus
585 2527 619 2583 et
637 2505 791 2579 harmos.
844 2502 914 2574 Hic
930 2505 1090 2575 videmus
1105 2497 1264 2573 habitam
1316 2518 1367 2575 tes
1382 2502 1622 2572 inflammatae
1637 2516 1762 2577 essent.
1816 2500 2308 2603 Gaudebautigitursequo·

270 2653 344 2707 esse
367 2619 532 2696 utilitatis
556 2613 745 2685 rationem:
773 2633 856 2677 narn
879 2603 945 2676 hae
960 2620 1170 2698 partescum
1188 2627 1265 2673 rna·
1316 2630 1385 2699 que
1410 2627 1484 2673 non
1507 2618 1639 2675 temere
1659 2605 1831 2675 dimicare
1852 2606 1891 2675 in
1913 2608 2008 2694 acie,
2039 2611 2169 2700 affligi,
2204 2614 2309 2683 susti-

271 2735 364 2805 xime
388 2744 555 2796 carnosae
577 2717 667 2797 sint,
699 2725 821 2804 pectus
842 2722 876 2778 et
896 2704 1032 2798 hermi,
1060 2708 1163 2778 datae
1185 2715 1266 2778 sunt
1316 2732 1401 2777 nere
1423 2705 1583 2795 ingentes
1606 2729 1811 2778 aerumnas:
1837 2710 1897 2778 sed
1921 2704 2009 2781 haec
2023 2714 2216 2784 certamina
2232 2739 2310 2785 sus·

271 2831 464 2907 vescendas
490 2817 741 2893 sacerdotibus.
810 2810 936 2883 Voluit
965 2811 1061 2880 enim
1093 2806 1191 2881 Deus
1219 2806 1266 2877 ali
1317 2809 1390 2902 cipi
1420 2808 1566 2879 iubente
1584 2805 1681 2895 Deo,
1711 2822 1747 2881 et
1773 2808 1843 2881 late
1866 2814 1985 2904 spargi
2007 2815 2043 2888 in
2067 2817 2117 2885 eis
2139 2818 2310 2888 noticiam

271 2937 469 3009 sacerdotes
492 2922 668 3018 pecudum
693 2915 886 2988 oblatione.
954 2909 1075 3005 Adeps
1100 2925 1135 2982 et
1156 2911 1266 2982 cauda
1317 2912 1403 2996 Dei,
1427 2910 1528 3009 utin
1553 2909 1694 2981 Psalmo
1716 2912 1864 2985 dicitur:
1890 2913 2042 3008 Propter
2061 2930 2095 2989 te
2115 2920 2311 2992 mortifica-

273 3062 400 3136 parum
420 3029 556 3102 habent
577 3020 756 3106 carnium,
782 3042 843 3090 seu
861 3014 950 3101 cibi,
977 3015 1058 3086 ideo
1075 3009 1139 3084 has
1156 3012 1269 3107 potis-
1318 3039 1401 3087 mur
1415 3025 1488 3085 tota
1505 3012 1575 3086 die.

240 3131 244 3139 ¹
275 3144 405 3214 simum
422 3145 538 3227 partes
554 3123 689 3198 absumi
707 3122 788 3213 igne
805 3119 917 3191 iussit.
1423 3113 1597 3185 Videmus
1621 3115 1732 3206 igitur
1755 3117 1792 3187 in
1817 3114 1873 3188 his
1894 3123 2102 3211 spectaculis
2123 3124 2311 3196 sacrificio-

371 3216 1271 3317 NecnihildesiguificationibuscogitabantAaron,
1320 3243 1401 3291 rum
1433 3217 1633 3310 propositas
1663 3240 1736 3288 esse
1765 3219 1954 3307 imagines,
1988 3249 2079 3317 quae
2105 3225 2310 3316 significant,

274 3341 449 3424 Phineas,
485 3327 694 3408 Zacharias,
728 3340 763 3396 et
793 3322 926 3393 similes
956 3320 1271 3423 sacerdotesinter
1321 3320 1443 3415 quales
1464 3342 1537 3390 esse
1560 3320 1739 3390 ministros
1761 3319 1942 3387 doctrinae
1965 3327 2148 3414 coelestis,
2176 3345 2310 3422 etquae

276 3441 557 3521 sacrificandum.
625 3428 806 3499 Videbunt
836 3439 956 3515 pectus
977 3438 1011 3494 et
1033 3418 1178 3492 harmos
1203 3421 1270 3491 sibi
1321 3421 1517 3506 sustinere,
1542 3436 1576 3492 et
1596 3446 1666 3517 quo
1684 3420 1833 3491 consilio
1847 3435 2027 3513 oporteat:
2054 3430 2127 3500 sint
2144 3446 2312 3522 pectuset

276 3546 444 3629 attribui,
469 3555 510 3612 ut
530 3543 765 3633 monerentur
784 3526 982 3599 sacerdotes
1003 3539 1037 3596 et
1059 3537 1181 3618 pectus
1199 3546 1272 3594 esse
1322 3524 1433 3596 baiuli
1459 3524 1600 3617 populi,
1625 3524 1822 3595 sustineant
1842 3545 1971 3614 agones
1990 3541 2025 3598 et
2047 3536 2235 3604 vetustatis
2251 3559 2314 3605 no·

276 3650 403 3748 populi
424 3639 631 3716 et‘baiulos.
682 3631 778 3702 Boni
801 3632 963 3700 doctores
980 3626 1130 3698 consilio
1147 3637 1273 3717 regunt
1322 3642 1414 3700 strae
1438 3626 1640 3714 interitum,
1666 3643 1700 3700 et
1721 3627 1875 3698 referant
1890 3648 1968 3697 suas
1983 3652 2171 3701 aerumnas
2189 3638 2235 3704 ad
2254 3661 2316 3707 ce-

278 3752 469 3851 populum,
495 3757 532 3815 et
548 3738 773 3833 praecipuam
791 3732 919 3801 molem
937 3753 1103 3801 curarum
1120 3741 1153 3799 et
1170 3728 1273 3800 dolo·
1324 3732 1536 3801 lebrandum
1566 3727 1694 3803 Deum.
1756 3727 1833 3799 Has
1862 3729 2186 3821 imaginesrudior
2215 3751 2319 3807 aetas

278 3884 358 3931 rum
372 3856 411 3924 in
426 3864 497 3923 tota
515 3840 773 3937 gubernatione
788 3835 976 3906 sustinent.
1028 3826 1172 3903 Etcum
1189 3826 1274 3901 haec
1323 3831 1533 3914 consideret,
1559 3846 1594 3903 et
1609 3833 1778 3922 adiungat
1793 3833 1962 3924 exempla,
1987 3856 2134 3929 quaerum
2147 3837 2319 3908 omnium

278 3961 436 4031 membra
453 3953 554 4046 prius
571 3945 814 4016 offerebantur
829 3934 905 4010 Deo
922 3937 1055 4020 levata,
1082 3948 1117 4005 et
1134 3933 1172 4002 in
1188 3935 1273 4003 dex·
1326 3934 1477 4004 maxime
1491 3933 1630 4004 illustre
1645 3948 1697 4005 est
1711 3935 1788 4030 ipse
1801 3933 1898 4003 filius
1913 3928 1992 4006 Dei.
2029 3933 2167 4006 Deinde
2185 3941 2320 4010 caeteri

278 4078 374 4138 trum
404 4069 439 4127 et
460 4053 643 4125 sinistrum
666 4047 759 4116 latus
780 4053 896 4126 mota,
929 4039 1041 4110 multa
1066 4061 1184 4108 secum
1207 4035 1275 4127 ipsi
1325 4038 1541 4120 sacerdotes,
1567 4035 1628 4128 qui
1646 4036 1823 4129 praeclare
1842 4030 1956 4108 luhcti
1970 4051 2053 4110 sunt
2068 4061 2132 4110 suo
2150 4063 2318 4113 muneres

279 4163 493 4255 cogitabant.
544 4148 707 4219 Primum
729 4142 966 4234 agnoscebant
986 4141 1032 4210 ab
1052 4134 1121 4209 hnc
1145 4162 1220 4208 uuo
1243 4148 1276 4207 et
1327 4139 1492 4210 videlicet
1510 4135 1653 4219 Patres,
1674 4133 1897 4230 Prophetae,
1921 4136 2106 4232 Apostoli,
2128 4155 2162 4213 et
2188 4136 2316 4216 horum

279 4282 424 4337 aeterno
441 4255 519 4328 Deo
538 4250 742 4319 institutum
760 4267 833 4313 esse
849 4236 918 4310 hoc
934 4240 1187 4312 sacerdotium:
1214 4240 1276 4310 de·
1327 4241 1490 4314 omnium
1503 4240 1634 4311 milites
1651 4254 1686 4311 et
1698 4233 1946 4334 anapaesticus.

281 4368 366 4436 inde
390 4375 425 4430 et
448 4353 621 4426 amilium
638 4348 676 4417 in
692 4342 759 4416 hac
775 4342 955 4414 oblatione
971 4341 1156 4435 petebant,
1183 4355 1217 4412 et
1232 4343 1275 4412 ad
1427 4340 1520 4414 Cum
1542 4360 1658 4414 autem
1681 4357 1716 4415 et
1738 4343 1806 4436 ipsi
1827 4365 1974 4436 prorsus
1994 4347 2038 4415 ad
2062 4349 2211 4418 eandem
2228 4347 2321 4418 rnili-

281 4491 362 4540 eum
390 4455 643 4533 celebrandum
673 4447 793 4518 omnia
825 4444 971 4523 consilia
995 4443 1178 4514 referenda
1204 4465 1277 4514 esse
1328 4447 1413 4519 tiam
1435 4447 1693 4532 venusinus,
1718 4457 1859 4517 nostrae
1876 4446 2078 4519 voluntates
2095 4464 2129 4520 et
2144 4450 2263 4522 studia
2276 4453 2319 4522 ad

281 4566 494 4644 statuebant.
563 4549 611 4626 Et
633 4552 672 4621 in
694 4545 760 4619 hac
782 4569 928 4618 suorum
952 4546 1116 4616 laborum
1138 4556 1174 4614 et
1195 4568 1279 4616 suae
1329 4549 1408 4619 illas
1423 4546 1595 4638 imagines
1611 4562 1826 4637 congruant,
1851 4561 1886 4619 et
1901 4548 2087 4621 imitentur
2102 4547 2189 4623 haec
2206 4575 2321 4624 exem·

282 4672 429 4746 militiae
450 4658 683 4756 cogitatione,
710 4666 827 4722 mente
850 4649 1082 4721 intuebantur
1100 4670 1277 4718 summum
1332 4650 1407 4742 pla,
1438 4673 1527 4743 quae
1546 4651 1652 4720 Deus
1667 4649 1774 4720 nobis
1789 4673 1863 4720 non
1878 4651 2008 4723 trustra
2026 4656 2231 4746 proposuits
2264 4664 2321 4748 pe·¹

282 4776 499 4849 sacerdotem
526 4763 639 4834 lilium
664 4756 749 4841 Dei,
782 4777 889 4850 quem
912 4752 1070 4823 sciebant
1091 4749 1279 4845 praecipue
1331 4766 1426 4823 ctora
1448 4752 1664 4822 instruamus
1686 4776 1769 4822 vera
1792 4752 1973 4837 doctrina,
1998 4767 2040 4825 ut
2054 4757 2098 4825 de
2111 4756 2177 4828 Dei
2192 4757 2323 4828 volun·

282 4893 402 4974 pectus
420 4887 455 4945 et
473 4867 664 4941 humerum
683 4882 756 4930 esse
774 4856 960 4928 universae
977 4852 1164 4926 Ecclesiae.
1218 4850 1281 4923 Fi·
1330 4867 1402 4928 ,sate
1415 4868 1450 4925 et
1462 4853 1609 4924 salutari
1624 4854 1717 4924 vitae
1730 4855 1988 4945 gubernatione
1999 4858 2088 4929 alios
2101 4861 2231 4930 docere
2244 4880 2324 4957 pas-

282 4984 352 5054 lius
382 4972 585 5069 suppeditat
612 4962 820 5045 consilium,
853 4971 888 5029 et
914 4957 1107 5050 pro‘nobis
1131 4955 1278 5028 sustinet
1331 4958 1459 5029 simus:
1494 4956 1653 5026 robure
1683 4957 1757 5027 filio
1778 4956 1846 5029 Dei
1871 4971 2052 5049 petamus,
2086 4973 2127 5033 ut
2149 4963 2326 5034 sustinere

282 5081 503 5160 tristissimas
518 5092 661 5165 poenas,
688 5079 722 5139 et
735 5065 851 5155 placat
866 5061 955 5131 iram
969 5060 1088 5152 patris.
1139 5058 1199 5131 Ab
1213 5054 1281 5128 hoc
1331 5062 1472 5131 labores
1483 5059 1679 5131 ministerii
1695 5059 1886 5151 possimus:
1913 5084 1979 5133 nec
1994 5063 2200 5137 misceamus
2218 5065 2327 5136 vitio⁴

282 5207 424 5262 summo
463 5175 643 5247 sacerdote
672 5166 861 5239 consilium
892 5177 928 5237 et
956 5163 1067 5233 robur
1097 5163 1281 5255 petebant:
1331 5186 1386 5237 sas
1405 5162 1633 5254 cupiditates,
1657 5164 1716 5233 sed
1742 5184 1993 5253 praeparemus
2012 5188 2077 5236 nos
2098 5169 2143 5237 ad
2166 5169 2329 5240 miserias

282 5289 392 5365 huius
422 5301 515 5354 onus
537 5273 696 5345 sciebant
719 5270 823 5360 longe
848 5265 991 5356 gravius
1015 5266 1090 5337 lore
1114 5264 1282 5336 omuibus
1331 5266 1513 5349 leundas,
1552 5291 1593 5337 ac
1619 5280 1762 5356 portum
1792 5263 1999 5338 intueamur
2025 5280 2230 5351 aeternum,
2265 5256 2328 5364 qui

283 5387 487 5469 aerumnis,
535 5398 624 5472 quas
659 5373 766 5444 etiam
796 5369 996 5443 fidelissimi
1028 5369 1284 5460 gubernatores
1331 5369 1403 5437 iarn
1416 5362 1486 5440 hac
1504 5367 1732 5460 navigatione
1748 5372 1922 5457 petendus
1940 5381 2009 5450 est,
2035 5370 2329 5444 videlicetaeter-

284 5500 346 5571 alii
378 5503 594 5591 quocunque
619 5493 777 5570 tempore
800 5473 966 5551 tolerant.
1016 5469 1186 5546 Sciebant
1208 5481 1286 5565 tota¹
1332 5493 1415 5543 mm
1435 5469 1729 5543 cousuetudinem
1747 5465 1816 5542 Dei
1838 5486 1873 5550 et
1888 5471 1952 5542 lilii
1969 5470 2064 5560 eius,
2088 5487 2125 5545 et
2142 5476 2331 5546 universae
