4732 6030
91 294 166 369 1rs
762 296 923 372 onon.
973 294 1049 373 na
1088 291 1455 372 nnarurarn.
1732 237 1735 243 ⁵
1952 244 1958 251 ¹
2048 303 2122 379 174

90 488 173 535 curn
199 464 310 535 brutis
330 453 435 534 nobis
458 461 661 532 communia
686 476 770 533 sunt
785 463 899 558 :sensu
916 487 956 533 ac
974 472 1087 537 m'otu.
1137 458 1267 530 mentis
1281 458 1320 528 in
1336 458 1382 527 iis
1398 480 1473 528 esse
1487 471 1623 550 potest,
1647 461 1703 533 vel
1720 463 1765 531 ad
1782 462 2028 553 percipiendas
2046 469 2137 539 reti·
2234 530 2247 559 ,

93 563 253 639 Galenus
275 566 457 658 crapulam
479 587 498 633 a
516 563 692 634 vibrando
715 579 750 635 et
763 567 956 658 quatiendo
973 566 1086 656 capite
1136 563 1343 654 nendasque
1365 583 1466 631 veras
1488 585 1527 630 ac
1543 562 1704 652 proprias
1727 588 1846 634 rerum
1867 564 2056 655 imagines,
2081 572 2138 640 vel

92 669 226 738 dictum
245 668 415 752 affirmat,
449 679 484 736 et
506 666 550 735 ab
566 659 631 736 hac
648 667 835 758 praecipua
850 667 929 736 labe
944 668 997 736 rei
1012 669 1087 738 loe·
1137 664 1181 733 ad
1204 664 1407 734 faciendum
1430 664 1473 732 de
1494 662 1568 732 illis
1590 686 1716 733 sanum
1730 680 1936 758 rectumque
1953 668 2138 755 iudicium,

91 768 256 840 dissimae
276 794 408 840 nomen
431 768 597 838 inditum.
649 768 688 838 ld
714 770 797 840 satis
812 770 850 837 in
866 770 943 841 istis
961 764 1088 839 heluo-
1137 765 1340 857 inquibus,
1363 765 1575 836 utbreviter
1592 767 1727 851 dicam,
1754 768 1871 837 omnis
1885 771 2044 858 corporis
2058 772 2136 841 ani·

90 870 198 943 nibus
214 874 376 964 adparet,
402 871 533 965 quibus
553 871 610 939 vel
627 872 762 941 cerebri
777 866 871 940 nihil
887 885 956 958 est,
983 873 1040 941 vel
1057 872 1088 940 si
1137 867 1257 959 mique
1272 868 1424 952 sanitas,
1450 891 1526 936 non
1543 891 1642 938 secus
1665 892 1772 961 quam
1796 870 1836 937 in
1851 865 2065 958 phreneticis
2080 875 2134 944 la·
2174 942 2186 953 ,

90 972 175 1064 quid
192 987 262 1055 est,
287 975 336 1045 ita
353 987 406 1044 est
422 984 625 1064 quassatum
639 985 744 1066 atque
757 973 942 1060 affectum,
968 988 1008 1045 ut
1022 997 1086 1043 suo
1136 970 1305 1039 befactata
1321 993 1362 1039 ac
1378 970 1549 1041 dissoluta
1570 984 1641 1057 cst,
1666 993 1789 1041 sensus
1804 996 1926 1040 omnes
1942 975 2040 1044 velut
2053 977 2134 1046 sede

88 1075 243 1166 amplius
263 1076 380 1144 officio
403 1074 505 1162 fungi
526 1089 689 1167 nequeat.
741 1073 906 1146 Declarat
921 1072 990 1146 hoc
1007 1099 1087 1144 sen·
1137 1094 1198 1141 sua
1216 1071 1305 1139 moti
1318 1084 1421 1164 atque
1439 1072 1551 1141 eversi
1571 1086 1665 1147 sunt.
1718 1071 1835 1161 Quem
1860 1098 1922 1143 vos
1937 1075 2046 1164 igitur
2059 1078 2135 1148 ulla

87 1197 212 1260 suum,
247 1200 336 1269 quos
360 1177 549 1248 exteriores
572 1190 718 1263 vocant,
744 1193 898 1248 extrema
922 1178 1087 1248 debilitas
1136 1174 1346 1244 intensum
1365 1167 1694 1243 taliumhominum
1712 1198 1806 1260 esse,
1832 1178 2135 1269 autquidpubli-

87 1274 128 1346 in
144 1278 312 1363 ebriosis,
341 1302 495 1371 quorum
514 1279 585 1347 iam
611 1302 685 1348 nou
711 1293 758 1359 est
783 1280 959 1351 diminuta
981 1280 1087 1366 actio,
1136 1299 1196 1345 cae
1238 1275 1439 1366 privataeve
1480 1274 1534 1344 rei
1566 1274 1653 1364 ipsis
1695 1277 1939 1347 mandandum
1979 1281 2136 1368 putatis?

85 1391 131 1449 ut
159 1378 291 1450 Medici
315 1380 505 1474 loquutur,
541 1382 602 1449 sed
632 1394 797 1473 corrupta
820 1406 982 1473 prorsus,
1013 1383 1086 1452 imo
1137 1375 1297 1446 Primum
1315 1378 1480 1447 valetudo
1497 1376 1701 1462 debilitata,
1727 1378 1772 1446 ad
1798 1379 1918 1448 omnia
1941 1381 2082 1471 publica
2099 1396 2136 1453 et

87 1503 176 1551 vero
192 1505 354 1572 persaepe
371 1482 478 1551 etiarn
494 1482 622 1554 ablata.
673 1481 867 1553 Nouenim
882 1480 1086 1568 hitantum,
1137 1480 1273 1570 privata
1308 1479 1423 1548 olficia
1452 1479 1638 1569 obeunda,
1676 1481 1722 1548 ad
1754 1503 1810 1549 res
1834 1483 2005 1568 gerendas
2030 1497 2134 1577 atque

87 1581 120 1650 si
145 1607 214 1675 qua
238 1597 320 1654 sunt
343 1584 464 1678 aliquo
486 1582 675 1654 intervallo
690 1587 841 1677 seposita
860 1587 1000 1671 vident,
1026 1602 1087 1658 aut
1136 1583 1181 1651 ad
1214 1603 1337 1650 omnes
1369 1581 1614 1650 contentiones
1646 1581 1873 1652 sustinendas
1902 1606 1961 1652 eos
1987 1585 2133 1656 inutiles

87 1683 285 1772 agnoscunt
302 1685 443 1770 minus,
469 1685 528 1753 sed
549 1686 653 1756 etiam
677 1711 822 1780 eaquae
839 1689 984 1781 quidem
1001 1703 1084 1760 sunt
1135 1684 1263 1752 reddit.
1313 1680 1453 1751 Deinde
1463 1707 1543 1752 cum
1558 1683 1674 1752 omnis
1689 1684 1891 1753 animorum
1910 1699 2015 1777 atque
2032 1688 2133 1775 inge-

86 1787 261 1878 proxima.
323 1785 446 1876 Surgit
474 1782 530 1856 his
550 1811 671 1857 mensa
702 1789 851 1878 geminis
876 1790 1085 1871 luminibus,
1135 1784 1188 1852 nii
1206 1785 1306 1871 vigor
1320 1785 1385 1853 ista
1404 1786 1654 1854 nocentissima
1670 1779 1843 1855 heluandi
1863 1809 1904 1855 ac
1919 1788 2134 1877 perpotandi

86 1901 129 1961 ut
138 1886 387 1971 aitluvenalis,
408 1911 473 1977 pro
484 1883 653 1958 cantharo
669 1914 743 1959 uno
755 1891 845 1959 duos
858 1891 1000 1975 vident,
1022 1916 1086 1979 pro
1137 1885 1393 1954 consuetudine
1417 1886 1465 1954 ita
1489 1886 1535 1955 sit
1558 1900 1762 1968 enervatus,
1788 1900 1828 1958 ut
1852 1911 1898 1955 ne
1914 1912 2037 1958 sensus
2052 1891 2134 1982 qui-

86 2013 164 2060 uno
178 1990 329 2059 conviva
345 1988 505 2076 geminos
515 1989 686 2073 salutant,
712 1991 950 2083 deniquciam
965 1993 1086 2060 omnia
1137 1987 1216 2054 dem
1241 1986 1440 2055 communis
1464 1987 1618 2077 amplius
1644 1988 1716 2056 sint
1746 2003 1942 2081 compotes,
1976 1992 2062 2084 quid
2088 1993 2133 2061 ab

84 2090 336 2180 conduplicata
366 2101 561 2158 cernuntur
584 2090 652 2174 eis,
690 2114 757 2181 pro
788 2093 895 2162 calice
922 2096 1085 2163 candela·
1137 2089 1187 2156 eis
1210 2087 1351 2155 consilii
1382 2088 1420 2156 in
1449 2089 1615 2177 gravibus
1638 2102 1744 2182 atque
1776 2091 1956 2182 impeditis
1979 2094 2134 2182 negociis

68 2195 195 2264 ‚hrum
220 2192 383 2260 manibus
408 2184 637 2281 prehendunt
658 2191 826 2277 bibituri,
850 2196 945 2263 foras
963 2195 1085 2267 ituria
1137 2189 1257 2280 petas?
1308 2202 1371 2259 aut
1392 2191 1479 2284 quid
1511 2191 1562 2261 rei
1593 2193 1703 2261 seriae
1735 2194 1936 2263 committas
1967 2200 2132 2268 credasve

86 2293 194 2364 ianua
213 2292 437 2376 deerrantes,
463 2291 502 2359 in
522 2291 703 2361 fornacem
721 2294 914 2370 incursant.
967 2294 1085 2390 Atque
1135 2291 1227 2371 illis,
1253 2291 1383 2384 quibus
1405 2292 1589 2362 cerebrum
1606 2295 1731 2386 periit,
1764 2319 1826 2364 cor
1847 2295 1933 2365 vino
1953 2299 2132 2388 sepultum

87 2391 176 2465 haec
191 2388 308 2463 adhuc
322 2406 406 2463 sunt
420 2393 523 2462 initia
536 2395 670 2463 morbi:
698 2418 780 2465 narn
799 2398 847 2482 si,
873 2411 912 2468 ut
928 2400 1086 2490 plerum·
1136 2393 1217 2464 est?
1243 2392 1427 2464 Prodeunt
1445 2396 1487 2462 ad
1504 2397 1777 2465 consultandum
1793 2399 1963 2467 membris
1979 2413 2014 2469 et
2030 2423 2132 2467 men-

86 2520 157 2591 que
180 2495 314 2580 solent,
346 2494 396 2563 sic
420 2488 560 2564 heluari
583 2512 753 2587 pergunt,
783 2514 962 2589 postremo
977 2501 1085 2571 lumi.
1136 2508 1169 2564 ta
1193 2494 1369 2586 corrupti,
1402 2495 1597 2581 vinolenti,
1638 2491 1798 2564 halantes
1827 2498 2023 2567 etiamnum
2056 2500 2132 2588 pri-

86 2599 195 2669 nibus
216 2619 382 2689 prorsum
404 2608 440 2665 et
462 2596 608 2666 auribus
633 2599 843 2689 capiuntur,
869 2604 1084 2695 caeterisque
1135 2597 1277 2664 dianam
1304 2598 1504 2688 crapulam,
1547 2597 1796 2680 ⁵0ffl58⁰¹1¹¹¹0⁸2
1831 2600 1943 2668 ⁰⁶⁰¹ss
1973 2599 2132 2669 Balanti-

87 2699 248 2771 sensibus
271 2699 531 2782 destituuntur,
562 2694 824 2795 trahunturque
853 2705 1082 2774 semimortua
1136 2700 1221 2782 bus,
1255 2697 1379 2768 vinum
1405 2721 1445 2767 ac
1470 2699 1673 2769 cerevisiam
1708 2701 1854 2769 crudam
1884 2700 2131 2795 incoctamque

88 2817 124 2873 ct
145 2813 263 2871 evecta
286 2800 430 2892 crapula
452 2800 580 2868 misera
606 2825 773 2890 corpora,
808 2818 841 2873 et
857 2820 941 2876 sunt
962 2831 1083 2876 revera
1134 2794 1251 2867 adhuc
1275 2798 1488 2869 redolentes:
1539 2824 1697 2884 summa,
1736 2826 1890 2893 quorum
1915 2827 2031 2895 neque
2057 2825 2131 2894 pes,

88 2904 183 2997 quod
201 2902 388 2982 dicuntur,
413 2899 495 2966 viva
514 2902 683 2967 cadavera
710 2914 815 2992 atque
836 2916 950 2972 terrae
973 2907 1084 2975 inuti-
1135 2924 1198 2969 nec
1213 2924 1313 2969 mens
1329 2900 1485 2969 officium
1503 2924 1605 2970 suum
1625 2903 1721 2972 facit.
1774 2901 1823 2971 Hi
1840 2904 1970 2972 deinde
1986 2907 2030 2973 de
2049 2927 2131 2993 gra·

86 3005 136 3074 lia
160 3018 195 3075 et
225 2998 420 3072 execranda
451 3018 578 3081 onera,
613 2998 726 3069 donec
750 3001 860 3070 alium
890 3006 1084 3095 apoplexia,
1133 3000 1308 3087 vissimis,
1340 3024 1599 3093 nonnunquam
1622 3003 1727 3071 etiam
1744 3004 2051 3093 periculosissimis
2066 3028 2131 3074 ne·

84 3105 199 3176 alium
225 3100 373 3168 morbus
395 3096 580 3166 comitialis
604 3093 826 3171 horribiliter
849 3103 946 3194 prius
964 3129 1083 3175 excar-
1134 3102 1244 3189 gociis
1276 3103 1487 3170 sententiam
1521 3116 1709 3192 rogantur,
1750 3104 1901 3197 quibus,
1938 3104 2130 3191 Hercules,

82 3207 270 3277 nificatum
288 3197 476 3286 extinguat.
516 3196 605 3267 Nam
619 3194 678 3270 hic
695 3204 840 3274 morbus
860 3219 912 3274 est
930 3207 1082 3277 familia·
1135 3227 1209 3271 uon
1234 3203 1312 3294 plus
1329 3204 1456 3273 mentis
1473 3217 1524 3274 est
1544 3229 1650 3297 quam
1675 3206 1759 3274 bovi
1776 3221 1837 3277 aut
1855 3231 1978 3298 porco.
2030 3207 2129 3297 Quid

83 3307 138 3378 ris
164 3301 372 3374 hominibus
397 3298 567 3381 ebriosis,
596 3315 702 3395 atque
728 3305 803 3395 ipsa
827 3309 916 3375 adeo
933 3310 1081 3380 ebrietas
1134 3327 1217 3403 ergo
1242 3307 1482 3395 respondent?
1535 3306 1736 3376 stulticiam
1763 3309 1893 3394 celare,
1919 3310 2037 3403 inquit
2053 3308 2129 3379 He-

82 3407 176 3503 quid
200 3403 298 3475 aliud
317 3413 387 3482 est,
413 3401 442 3468 si
461 3402 607 3492 propius
625 3406 846 3491 consideres,
880 3433 1080 3502 quamspe-
1133 3407 1295 3490 raclitus,
1327 3407 1472 3477 difficile
1503 3420 1573 3491 est,
1607 3408 1646 3475 in
1671 3409 1757 3477 vino
1785 3435 1868 3479 vero
1896 3411 2126 3503 impossibile.

85 3509 156 3580 cies
184 3505 357 3598 quaedam
391 3502 509 3572 morbi
543 3506 754 3576 comitialis?
802 3511 1082 3599 praecluduntur
1133 3505 1265 3577 Vocem
1288 3530 1371 3597 ergo
1393 3503 1432 3576 hi
1457 3504 1621 3579 homines
1645 3512 1773 3579 nonin
1795 3513 1960 3582 convivio
1988 3526 2141 3586 tantum,

84 3609 181 3682 enim
204 3605 325 3677 crudis
349 3604 421 3673 illis
443 3605 632 3698 densisque
660 3610 870 3700 vaporibus,
902 3637 1009 3704 quos,
1041 3629 1081 3685 ut
1131 3621 1237 3701 atque
1258 3609 1351 3679 inter
1365 3610 1426 3678 illa
1443 3611 1618 3680 immania
1628 3612 1753 3700 pocula
1761 3660 1773 3700 ,
1799 3615 1861 3681 sed
1885 3615 2001 3684 alieno
2020 3615 2127 3685 etiam

87 3711 182 3796 dixi,
207 3701 411 3778 stomachus
432 3717 465 3775 et
481 3719 615 3777 caetera
637 3712 796 3781 membra
811 3712 1001 3783 nutritioni
1015 3717 1080 3784 -de-
1130 3734 1232 3801 saepe
1259 3711 1338 3779 loco
1373 3724 1408 3780 et
1440 3712 1478 3781 in
1510 3713 1660 3782 consilio
1689 3713 1833 3802 publico
1865 3716 2033 3784 emittunt
2061 3739 2126 3804 per

84 3813 248 3886 ttiuataa
267 3808 382 3877 nimio
407 3821 493 3896 potu
517 3804 699 3890 exhalant,
734 3837 843 3883 venae
863 3829 1079 3907 atquemea-
1132 3810 1293 3900 iugulum
1317 3811 1529 3896 redituram,
1562 3827 1722 3882 eructant
1737 3837 1834 3881 suam
1859 3809 2123 3904 ἑωλοκρασίαν,

83 3929 143 3988 tus
157 3911 313 3995 cerebri,
338 3934 378 3978 ac
402 3933 466 4000 per
487 3932 545 3978 eus
570 3911 712 3999 spiritui
734 3916 904 3985 transitus
921 3932 1080 4005 negatur,
1132 3912 1323 3980 nonenim
1348 3923 1461 3978 tacere
1487 3924 1650 4000 possunt,
1685 3934 1749 3977 nec
1774 3912 1888 3979 videri
1913 3914 2040 3983 volunt
2054 3914 2123 3983 mi-

84 4017 184 4086 unde
204 4011 384 4085 sentiendi
408 4024 443 4079 et
459 4013 628 4080 movendi
642 4015 799 4102 potentia
816 4029 951 4084 caetera
967 4042 1078 4085 mem·
1114 4033 1198 4104 ⁴‚nus
1216 4010 1296 4077 aliis
1311 4031 1443 4098 sapere.
1497 4007 1662 4079 Afferunt
1676 4033 1757 4100 ergo
1774 4012 1869 4083 inter
1881 4016 2009 4105 pocula
2025 4040 2122 4084 corn-

86 4117 154 4186 bra
166 4115 309 4186 destitui
326 4134 465 4183 necesse
482 4127 552 4197 est,
578 4114 613 4181 id
629 4118 724 4207 quod
748 4116 856 4186 ebriis
872 4117 1020 4207 perinde
1040 4131 1079 4186 ut
1132 4111 1280 4181 bibones
1305 4133 1388 4179 suos
1409 4113 1611 4182 meditatam
1636 4112 1709 4180 iam
1730 4127 1812 4184 ante
1842 4139 1882 4184 ac
1903 4119 2122 4193 decantatam

87 4216 216 4288 morbo
246 4214 417 4286 comitiali
449 4215 694 4285 laborantibus
724 4219 881 4287 accidere
906 4218 1079 4302 videmus,
1129 4213 1297 4285 furiosam
1322 4213 1477 4304 aliquam
1500 4214 1678 4297 fabulam,
1712 4239 1787 4284 earn
1813 4217 1931 4286 statim
1950 4242 2016 4309 pro
2033 4219 2121 4290 lolio

84 4317 369 4411 multiquesaepe
385 4317 433 4386 ita
449 4332 531 4387 sunt
548 4317 665 4389 subito
683 4320 890 4408 praefocati,
917 4333 1077 4413 tetroque
1129 4315 1287 4408 Sibyllae
1302 4311 1523 4406 acDelphico
1539 4317 1684 4386 oraculo
1699 4340 1779 4386 cum
1801 4320 1974 4411 adplausu
1994 4321 2123 4406 audiri,

83 4435 125 4492 et
140 4414 305 4490 horribili
325 4440 452 4507 genere
473 4419 598 4489 mortis
614 4419 770 4494 extincti.
824 4418 890 4492 Cui
908 4436 945 4493 tu
960 4422 1078 4491 insen·
1128 4432 1260 4490 etcum
1281 4439 1424 4487 assensu
1446 4419 1581 4508 accipi,
1606 4419 1818 4512 adorarique
1834 4422 2034 4511 postulant,
2058 4447 2122 4514 pe-

81 4523 227 4595 sissimo
244 4515 335 4590 hosti
357 4521 442 4591 istos
463 4521 638 4592 cruciatus
661 4534 766 4615 atque
789 4518 873 4593 haec
889 4537 960 4595 tam
976 4546 1077 4593 saeva
1129 4519 1247 4603 rieris,
1283 4518 1314 4587 si
1336 4518 1534 4593 dissentias.
1593 4515 1630 4591 Ο
1653 4535 1755 4592 teret
1777 4524 1930 4612 amplius
1954 4524 2119 4595 miseram

80 4622 259 4717 supplicia
275 4623 384 4714 possis
404 4621 552 4715 optare?
603 4621 697 4694 Sunt
718 4618 803 4694 haec
822 4626 965 4719 quidem
987 4649 1077 4718 quae
1127 4645 1167 4692 ac
1180 4620 1352 4712 perditam
1368 4618 1547 4711 Rempub.
1563 4624 1836 4714 quaeatalibus
1850 4625 2121 4697 administratur

80 4749 214 4820 corpus
232 4725 362 4816 patitur
383 4749 403 4793 a
421 4724 565 4814 crapula
586 4725 810 4813 gravissima,
834 4730 894 4797 sed
915 4727 1076 4817 graviora
1127 4722 1399 4794 consultoribus.
1461 4719 1498 4792 O
1525 4724 1747 4794 calamitosos
1772 4738 1807 4795 et
1833 4726 1982 4795 afflictos
2015 4727 2121 4812 cives,

81 4827 404 4921 tamenquaeparti
414 4825 679 4915 praestantiori,
705 4851 833 4920 nempe
850 4829 971 4899 animo
985 4829 1077 4898 acci·
1127 4828 1258 4918 quibus
1273 4818 1311 4891 hi
1326 4824 1419 4913 leges
1435 4824 1580 4894 dictant.
1621 4823 1718 4913 Quid
1737 4825 1831 4893 enim
1847 4839 1918 4896 tam
1933 4830 2118 4909 absonum,

79 4931 188 5003 dunt.
229 4927 421 5000 Nouenim
438 4941 572 4997 tantum
588 4927 791 5014 oculorum,
817 4931 975 5016 aurium,
1000 4953 1076 4999 ma·
1126 4927 1338 5008 absurdum,
1364 4940 1468 5019 atque
1486 4926 1531 4994 ab
1548 4927 1647 4996 omni
1664 4949 1769 4998 sensu
1784 4922 1941 4998 humano
1960 4930 2117 5002 alienum

77 5054 218 5118 nuum,
253 5033 384 5123 pedum
411 5053 451 5098 ac
474 5044 691 5100 caeterorum
717 5033 957 5103 membrorum
980 5033 1076 5101 sani-
1126 5028 1271 5118 cogitari
1285 5040 1417 5117 potest,
1444 5031 1539 5121 quod
1556 5028 1641 5096 istae
1655 5028 1808 5098 furiosae
1823 5030 1954 5100 bestiae
1964 5033 2017 5101 vel
2034 5056 2117 5102 cum
2182 5106 2184 5110 ,

77 5149 137 5208 tas
166 5133 337 5227 vigorque
364 5131 531 5201 ebrietate
561 5131 820 5224 corrumpitur,
866 5136 927 5204 sed
961 5133 1075 5202 multo
1126 5130 1232 5200 exitio
1248 5129 1390 5220 publico
1410 5155 1485 5199 non
1500 5131 1678 5202 audeant?
1716 5155 1805 5222 quas
1820 5135 2016 5222 tragoedias
2034 5135 2117 5204 nul-

79 5234 224 5328 gravius
238 5235 322 5306 illae
336 5225 514 5326 δυνάμεις
532 5257 572 5304 ac
587 5235 734 5304 virtutes
749 5235 859 5303 animi
873 5236 1076 5319 laeduntur,
1125 5234 1159 5301 la
1180 5235 1224 5302 de
1254 5254 1357 5302 causa
1388 5232 1538 5302 illinon
1564 5232 1740 5304 excitant?
1780 5234 1911 5328 quibus
1948 5236 2117 5316 moribus,

77 5350 188 5434 atque
211 5363 251 5411 ea
280 5359 363 5430 pars
386 5335 571 5428 praecipue
593 5336 631 5406 in
654 5336 803 5408 ebriosis
831 5358 895 5407 suo
920 5337 1073 5409 naturali
1124 5334 1228 5404 bellis
1249 5349 1354 5427 atque
1367 5334 1541 5405 incendiis
1561 5329 1600 5404 hi
1619 5359 1694 5406 non
1708 5336 1857 5408 miscent
1876 5337 1995 5408 omnia
2010 5349 2114 5425 atque

76 5453 181 5514 motu
200 5463 342 5537 usuque
362 5438 576 5514 destituitur.
637 5436 730 5509 Nam
752 5462 843 5535 quae
861 5438 915 5510 vis
938 5438 1074 5529 integra
1123 5436 1356 5529 perturbant?
1394 5433 1533 5510 Revera
1553 5438 1646 5508 laces
1661 5435 1883 5529 Rerumpub.
1896 5460 1979 5509 nam
1994 5430 2114 5505 borri-
