4732 6030
719 294 881 369 ulter.
909 289 984 366 DE
1015 287 1294 367 ENCOMIO
1329 288 1757 367 FORMICARUM.
2190 294 2264 369 tto

224 302 298 386 156

219 482 402 581 pientibus
417 477 516 559 viris,
534 470 701 544 formicae
716 468 967 560 praeferentur.
1012 464 1090 535 Hoc
1107 465 1213 557 plane
1265 466 1435 559 quoniam
1458 479 1605 558 propter
1625 477 1791 548 aetatem,
1816 463 1875 532 vel
1896 460 2164 536 admonendos
2187 491 2262 553 vos,

221 603 273 660 est
288 589 385 657 iuxta
399 575 646 673 proverbium,
670 569 834 641 Formica
850 570 1016 641 camelus.
1067 565 1212 638 Etcum
1265 569 1323 640 vel
1347 570 1390 639 ad
1416 563 1655 639 cohortandos
1677 591 1802 660 parum
1824 567 2023 638 autoritatis
2040 562 2175 654 habeo,
2202 586 2262 640 're-

221 715 296 763 non
320 684 450 778 possim
476 672 645 745 hocloco
666 696 790 743 omnes
813 695 954 752 causas,
980 695 1044 741 cur
1061 671 1107 739 ita
1127 669 1215 738 scri·
1265 672 1381 741 citabo
1403 672 1504 742 vohis
1522 670 1767 761 gravissimum
1785 669 1920 753 locum,
1945 670 2008 763 qui
2027 684 2118 740 extat
2133 671 2172 739 in
2188 671 2264 742 Xe-

222 792 333 887 pserit
346 786 537 861 Solomon,
559 779 719 859 recitare,
742 789 825 846 sunt
842 775 936 844 enim
954 774 1099 856 multae,
1126 792 1214 864 quas
1267 770 1469 866 nophonte,
1502 796 1678 867 quemque
1702 795 1738 840 se
1760 766 1965 863 Xenophon
1986 797 2026 841 ex
2048 771 2192 843 Prodici
2215 777 2262 844 li-

223 921 265 967 ex
285 889 396 982 ipsius
411 880 637 953 Christianae
659 876 842 948 doctrinae
863 879 1023 946 fontibus
1038 876 1143 962 longe
1158 897 1214 943 re·
1266 879 1331 946 bro
1357 877 1636 964 transscripsisse
1664 875 1804 944 fatetur.
1855 872 1950 944 Sunt
1977 884 2096 944 alutem
2119 890 2262 947 contra-

222 1011 340 1090 petere
369 997 568 1079 oporteret,
600 994 720 1051 tamen
750 1004 859 1049 unam
883 973 975 1048 hanc
996 1000 1215 1048 commemo-
1265 978 1337 1047 riae
1365 979 1543 1049 orationes
1564 977 1706 1048 virtutis
1728 990 1763 1047 et
1784 976 1977 1066 voluptatis
2000 979 2043 1046 ad
2069 974 2262 1049 Herculem

221 1098 370 1170 rendam
399 1111 473 1157 esse
504 1084 602 1155 duxi.
672 1081 790 1152 Tanta
818 1081 954 1152 desidia
987 1094 1038 1150 est
1065 1074 1216 1149 humani
1265 1080 1539 1164 deliberantem,
1564 1094 1679 1151 utram
1706 1078 1797 1147 vitae
1819 1079 1914 1147 viam
1931 1078 2171 1167 ingrediatur,
2198 1107 2263 1149 vo-

220 1197 349 1280 animi,
374 1193 423 1262 ita
446 1188 586 1280 penitus
606 1182 727 1255 haeret
750 1184 789 1253 in
811 1184 942 1254 nostris
963 1181 1130 1252 medullis
1150 1204 1216 1249 vo-
1266 1183 1411 1274 luptatis
1433 1206 1546 1251 nean
1569 1181 1713 1252 virtutis
1735 1180 1850 1250 studia
1873 1196 2059 1274 sequatur,
2091 1183 2141 1252 sic
2164 1183 2260 1252 enim

219 1307 397 1394 luptatum
418 1307 525 1386 atque
548 1289 617 1359 ocii
640 1310 760 1372 amor,
785 1301 825 1358 ut
846 1283 1216 1372 nullatautasapien·
1267 1286 1335 1356 aits
1365 1282 1456 1355 Cum
1476 1281 1649 1355 Hercules
1673 1307 1715 1352 ex
1735 1283 1885 1374 pueritia
1908 1305 2085 1371 egressus,
2121 1285 2262 1379 iamque

223 1407 271 1478 tia
302 1400 365 1482 sit,
398 1418 488 1489 quae
519 1416 595 1461 non
619 1391 841 1480 voluptatum
863 1387 1042 1457 illecebris
1063 1384 1158 1454 vinci
1181 1397 1217 1454 et
1267 1412 1376 1479 prope
1397 1388 1617 1478 pubertatem
1638 1398 1744 1469 esset,
1777 1411 1846 1477 qua
1867 1398 1979 1455 aetate
2002 1386 2057 1454 sui
2080 1402 2263 1478 compotes

223 1499 418 1597 expugnari
449 1495 577 1587 possit,
608 1507 647 1564 ut
671 1492 885 1561 industriam
907 1490 1137 1582 laboremque
1158 1510 1216 1556 re·
1266 1490 1350 1561 lacti
1373 1491 1630 1571 adolescentes,
1655 1488 1853 1577 significant
1871 1502 1988 1557 utram
2004 1489 2117 1568 viam,
2145 1490 2264 1561 virtu·

222 1609 350 1680 mittat.
407 1597 517 1687 Quod
545 1619 626 1664 cum
655 1595 761 1665 etiam
786 1591 917 1665 Poe'tae
945 1591 1216 1661 animadvertis·
1266 1591 1330 1676 tis,
1354 1616 1401 1661 an
1424 1592 1584 1681 ignaviae
1606 1589 1743 1680 ingredi
1761 1590 1891 1666 velint,
1917 1589 2001 1658 exiit
2020 1589 2188 1661 insolum
2205 1595 2264 1663 lo·

223 1723 321 1793 sent,
346 1706 525 1774 linxerunt
538 1695 732 1766 Herculem
741 1708 796 1766 tot
809 1695 1022 1763 domitorem
1040 1705 1217 1761 monstro-
1268 1719 1347 1764 rum
1362 1695 1522 1786 seditque
1536 1693 1661 1764 tacitus
1671 1715 1789 1761 secum
1801 1684 2013 1775 deliberans,
2039 1705 2155 1763 utram
2165 1695 2261 1765 viam

223 1835 326 1890 rum,
360 1798 557 1894 Omphales
584 1822 704 1868 amore
726 1810 888 1888 ceptum,
919 1795 1087 1865 muliebri
1111 1808 1217 1877 veste,
1267 1797 1384 1868 iniret.
1436 1795 1505 1865 Hic
1526 1797 1768 1886 adparuerunt
1784 1794 1815 1861 ei
1831 1796 1921 1862 duae
1938 1794 2168 1864 mulierculae
2182 1823 2262 1866 ma-

225 1918 265 1986 in
288 1930 461 2006 gynaeceo
484 1915 661 1975 tenentem
684 1901 813 1971 colum.
864 1894 982 1990 Atque
1003 1891 1073 1966 hoc
1095 1895 1149 1963 illi
1172 1897 1216 1963 de
1267 1898 1359 1968 iores
1381 1893 1537 1966 humana
1559 1898 1691 1987 speeie,
1716 1918 1867 1987 quarum
1890 1896 2000 1965 altera
2018 1898 2118 1967 vultu
2135 1901 2262 1968 mode·

224 2037 363 2088 summo
397 2008 474 2076 viro
505 2004 702 2092 lingebant,
741 2014 782 2070 ut
812 1999 1051 2088 significarent
1079 1997 1215 2067 nullam
1268 2013 1322 2069 sto
1340 2015 1374 2069 et
1392 1999 1532 2069 liberali
1548 2012 1642 2082 erat,
1668 1998 1769 2066 nullo
1784 1997 1972 2089 peregrino
1989 1999 2088 2068 cultu
2103 2012 2164 2069 aut
2176 2002 2261 2072 fuco

224 2132 359 2195 tantam
383 2133 455 2182 esse
477 2108 550 2176 vim
572 2104 703 2188 animi,
729 2126 818 2195 quae
837 2126 912 2171 non
929 2100 1045 2189 frangi
1063 2123 1101 2167 ac
1115 2100 1217 2168 debi-
1267 2115 1409 2186 ornata,
1434 2104 1493 2171 sed
1509 2100 1663 2190 genuina
1681 2099 1822 2169 bonitas
1839 2099 1973 2168 formae
1986 2102 2196 2191 adparebat,
2222 2105 2262 2172 in

222 2218 322 2291 litari
341 2210 527 2283 blanditiis
548 2205 740 2296 voluptatis
762 2217 890 2295 posset.
940 2200 1115 2293 Compara
1133 2224 1217 2270 vero
1268 2227 1416 2293 corpore
1443 2204 1660 2286 mundicies,
1692 2202 1730 2270 in
1761 2202 1873 2271 oculis
1899 2203 2029 2292 pudor,
2061 2203 2099 2273 in
2123 2204 2262 2276 incessu

224 2315 315 2392 mihi
342 2315 508 2385 formicas
533 2311 578 2378 ad
601 2303 697 2377 hunc
719 2303 932 2389 Herculem,
966 2319 1028 2373 aut
1053 2304 1081 2371 si
1104 2303 1217 2373 mavis
1268 2307 1449 2389 modestia,
1468 2319 1598 2376 vestem
1615 2316 1795 2396 praeterea
1809 2303 1997 2374 candidam
2012 2325 2148 2393 gerens.
2192 2305 2262 2379 Al·

224 2426 270 2494 ad
292 2418 557 2492 Alexandrum,
587 2405 714 2479 harum
741 2408 952 2478 industriam
974 2405 1217 2475 sedulitatem·
1268 2423 1342 2478 tera
1364 2404 1538 2492 habitior,
1565 2420 1599 2476 et
1621 2407 1756 2490 fucata,
1780 2429 1863 2475 nam
1885 2421 1921 2477 et
1941 2408 2053 2476 rubor
2076 2424 2111 2485 et
2128 2412 2263 2480 candor

225 2546 294 2620 que
317 2521 417 2590 nialla
439 2539 495 2586 res
520 2534 678 2606 unquam
701 2511 867 2581 retardat.
919 2506 978 2577 Illi
1001 2507 1134 2576 scilicet
1153 2502 1217 2576 hc-

226 2650 305 2698 roes
320 2644 457 2693 summa
471 2614 643 2708 sapientia
658 2638 698 2683 ac
707 2613 917 2683 fortitudine
928 2610 1090 2701 praediti,
1111 2632 1218 2703 quam

224 2724 404 2800 immutati
432 2732 534 2799 sunt,
574 2717 663 2787 alter
694 2738 813 2784 amore
840 2712 1089 2795 mulierculae,
1128 2711 1218 2780 alter

224 2831 331 2903 etiam
345 2824 457 2914 magis
470 2818 625 2890 beluinis
640 2816 893 2908 voluptatibus.
944 2812 1025 2883 Huc
1040 2813 1149 2901 igitur
1161 2836 1222 2888 sa.

226 2952 304 3004 erae
325 2931 448 3000 literae
470 2922 647 3014 sapientes
668 2919 772 2988 etiam
790 2919 885 2987 viros
901 2928 1103 3000 accersunt,
1130 2929 1164 2985 et
1179 2914 1218 2983 in

225 3027 318 3106 hanc
341 3026 555 3101 academiam
577 3036 703 3092 vocant
716 3034 755 3092 ut
770 3021 927 3103 discant,
951 3042 1025 3088 non
1042 3019 1150 3087 modo
1167 3017 1218 3086 si·

226 3136 348 3208 milem
371 3133 411 3199 in
423 3127 607 3198 laboribus
621 3124 855 3196 constantiam
870 3120 1115 3214 praestandam
1131 3143 1219 3204 esse,

227 3239 289 3308 sed
311 3235 417 3304 etiam
440 3243 480 3300 ut
500 3228 644 3296 videant
666 3239 799 3317 quanta
822 3225 867 3293 sit
885 3224 1074 3292 infirmitas
1090 3216 1220 3291 huma-

226 3361 356 3410 norum
377 3332 597 3412 animorum,
623 3327 686 3419 qui
704 3340 774 3395 tam
788 3325 890 3394 facile
906 3325 1091 3414 defatigari
1104 3347 1141 3393 se
1156 3347 1219 3414 pa-

226 3445 381 3521 tiantur,
404 3447 446 3503 ut
466 3431 634 3502 formicae
658 3428 764 3497 etiam
789 3428 917 3496 robore
939 3427 1049 3495 animi
1071 3427 1219 3495 summis

228 3544 316 3613 viris
328 3549 519 3633 praestent.
568 3529 618 3602 Et
633 3526 696 3600 has
709 3529 789 3599 ideo
805 3528 938 3599 intueri
953 3530 1062 3613 iubet,
1083 3541 1218 3615 utrum

226 3644 384 3715 viderint
403 3651 537 3709 tantam
559 3635 632 3702 vim
653 3631 844 3701 vilissimae
863 3630 1031 3701 bestiolae
1045 3629 1219 3699 divinitus

228 3750 346 3819 datam
374 3765 467 3824 esse,
496 3749 618 3830 petent
648 3748 682 3805 et
707 3734 794 3825 ipsi,
825 3747 1076 3825 expectentque
1097 3757 1117 3801 a
1139 3731 1218 3801 Deo

227 3839 633 3920 similemzconstantiam
651 3836 946 3929 industriamque.
996 3834 1068 3906 Sed
1088 3835 1132 3904 de
1149 3827 1219 3903 hoc

226 3939 736 4024 totolocoaliirectiusdicent.
766 3936 966 4008 Vosautem
975 3937 1100 4029 optimi
1110 3935 1219 4009 Com-

226 4052 427 4131 militones3
453 4043 624 4136 quoniam
645 4042 692 4110 ita
715 4040 839 4111 iubent
861 4063 978 4109 sacrae
994 4040 1135 4123 literao',
1160 4038 1219 4107 in-

226 4153 376 4226 tuemini
392 4146 578 4226 formicus,
599 4154 728 4211 etcum
746 4142 896 4209 aliarum
914 4142 1085 4211 virtutum
1101 4164 1220 4209 exem·-

124 4302 127 4310 ·
226 4257 285 4351 ple
307 4255 352 4323 ab
376 4249 427 4319 eis
448 4245 574 4337 petite,
599 4257 675 4311 tum
695 4242 879 4333 inprimis
902 4266 1024 4309 earum
1046 4241 1220 4313 sedulita-

225 4351 516 4443 temexprimere
537 4346 752 4416 contendite.
819 4339 966 4412 Etenim
988 4343 1017 4410 si
1040 4341 1096 4411 vel
1118 4342 1218 4412 nulla

150 4468 155 4483 '
226 4456 408 4552 proposita
431 4462 546 4520 essent
567 4447 671 4516 nobis
687 4446 820 4516 laboris
836 4444 950 4513 nostri
968 4444 1141 4533 praemia,
1165 4457 1219 4513 ta-

1267 2511 1383 2580 maior
1403 2524 1480 2580 erat
1503 2510 1637 2581 nativo.
1687 2504 1735 2578 Et
1758 2508 1945 2578 incedebat
1964 2509 2109 2599 supina,
2139 2514 2263 2583 oculos

1267 2613 1337 2682 late
1352 2615 1532 2704 pandens,
1557 2624 1651 2680 veste
1668 2610 1814 2695 induta,
1840 2635 1929 2702 quae
1944 2611 2094 2680 formam
2110 2615 2264 2683 maxime

1267 2716 1557 2799 commendabat,
1589 2713 1833 2804 contemplans
1862 2712 2005 2782 interim
2034 2736 2089 2793 se,
2127 2729 2162 2783 et
2189 2716 2261 2784 cir-

1268 2830 1529 2908 cumspectans,
1562 2840 1609 2885 an
1638 2816 1700 2883 alii
1725 2840 1762 2885 se
1786 2814 1965 2893 viderent,
1998 2837 2259 2906 nonnunquam

1268 2919 1373 2988 etiam
1387 2920 1552 2988 umbram
1567 2941 1665 2987 suam
1682 2918 1881 3007 respiciens.
1934 2914 2124 3008 Postquam
2141 2931 2260 2988 autem

1269 3020 1416 3113 propius
1436 3035 1585 3091 ,ventum
1611 3033 1682 3104 est,
1708 3020 1769 3089 illa
1792 3020 1893 3111 prior
1908 3020 2064 3088 modeste
2080 3021 2262 3110 pergebat.

1268 3121 1366 3193 Haec
1387 3136 1505 3194 autem
1530 3134 1570 3191 ut
1593 3134 1846 3203 anteverteret,
1881 3120 2034 3191 accurrit
2055 3123 2099 3189 ad
2125 3119 2263 3193 llercu·

1269 3226 1359 3305 lem,
1400 3249 1441 3294 ac
1477 3222 1610 3315 inquit:
1652 3221 1766 3289 Video
1796 3234 1829 3288 te
1860 3219 2031 3289 Hercules
2065 3222 2266 3295 deliberare

1268 3341 1386 3397 utram
1401 3327 1496 3394 viam
1511 3325 1554 3392 ad
1572 3323 1680 3392 vitam
1695 3322 1866 3409 agendam
1883 3320 2106 3409 ingrediaris.
2155 3325 2264 3413 Quod

1268 3428 1379 3498 sime
1402 3427 1467 3496 tibi
1488 3423 1709 3503 adiunxeris,
1741 3425 1869 3492 ducam
1891 3435 1924 3491 te
1949 3422 2204 3497 iucundissima
2228 3441 2266 3501 et

1268 3528 1437 3600 facillima
1466 3528 1536 3600 via.
1587 3525 1694 3596 Nulla
1726 3546 1783 3594 res
1813 3524 1970 3594 iucunda
1993 3539 2063 3610 est,
2094 3553 2164 3621 qna
2186 3552 2262 3599 non

1270 3630 1414 3723 potieris
1435 3644 1469 3700 et
1489 3628 1688 3699 molestiam
1710 3627 1846 3698 nullam
1869 3628 2086 3718 perpetieris.
2137 3628 2267 3722 Neque

1270 3734 1365 3803 enim
1393 3746 1454 3803 aut
1480 3732 1591 3816 bella,
1626 3744 1687 3801 aut
1710 3730 1778 3799 alia
1802 3729 1921 3821 gravia
1945 3730 2089 3819 negocia
2109 3733 2266 3816 curabis,

1268 3837 1330 3906 sed
1346 3831 1414 3904 lmc
1429 3857 1541 3904 unum
1558 3833 1728 3923 cogitabis
1743 3857 1783 3901 ac
1799 3855 1962 3925 quaeres,
1985 3833 2050 3902 ubi
2067 3846 2128 3905 ast
2143 3836 2266 3906 cibum
2322 3882 2328 3903 .

1269 3950 1331 4009 aut
1352 3951 1477 4029 potum
1498 3935 1697 4005 suaviorem
1719 3935 1900 4016 invenias,
1925 3947 1986 4003 aut
2001 3936 2098 4028 quod
2114 3939 2268 4011 delectet

1271 4039 1412 4122 oculos,
1438 4052 1500 4111 aut
1513 4041 1611 4110 unde
1626 4038 1825 4107 olfaciendo
1842 4048 1903 4105 aut
1917 4040 2268 4133 tangendoaliquem

1270 4143 1488 4234 voluptatem
1504 4140 1686 4232 percipias,
1712 4152 1774 4208 aut
1787 4137 1850 4207 ubi
1866 4140 2047 4208 amoribus
2060 4141 2267 4231 perfruaris,

1270 4258 1332 4315 aut
1354 4245 1534 4335 quomodo
1555 4239 1765 4310 mollissime
1781 4241 1905 4319 cubes,
1930 4253 1964 4310 et
1981 4246 2161 4333 quomodo
2179 4240 2268 4319 haec

1270 4345 1391 4416 omnia
1412 4344 1489 4438 sine
1510 4343 1632 4436 aliquo
1647 4343 1769 4411 labore
1783 4343 2022 4435 consequaris.
2074 4343 2123 4416 Et
2137 4349 2168 4415 si
2182 4350 2267 4441 quis

1269 4447 1438 4518 inciderit
1458 4459 1573 4515 metus
1595 4444 1774 4535 egestatis,
1803 4457 1943 4513 nonest
1958 4447 2053 4537 quod
2070 4447 2194 4519 timeas
2209 4476 2268 4522 me

1270 4549 1337 4620 tibi
1372 4548 1509 4640 aliquid
1545 4547 1678 4616 laboris
1706 4547 1954 4638 imposituram
1983 4570 2075 4633 esse,
2117 4552 2267 4623 efficiam

226 4585 309 4632 men
331 4555 502 4652 quoniam
524 4549 620 4620 Deus
648 4547 820 4639 praecipit
840 4559 881 4617 ut
903 4547 1123 4628 laboremus,
1145 4570 1221 4634 rpa-

225 4686 304 4735 rere
318 4660 416 4730 illins
430 4656 510 4726 voci
521 4654 747 4723 debebamus.
782 4649 886 4720 Nunc
896 4664 1012 4719 autem
1025 4673 1104 4718 cum
1115 4647 1219 4717 etiam
1270 4651 1377 4733 enim,
1404 4662 1444 4719 ut
1458 4648 1588 4719 iruaris
1601 4643 1669 4732 his,
1694 4673 1784 4742 quae
1799 4650 1915 4717 alieno
1932 4648 2053 4718 labore
2067 4666 2165 4743 parta
2179 4670 2271 4731 sunt

226 4763 337 4837 tanta'
356 4760 513 4855 praemia
536 4754 718 4848 proposita
742 4753 832 4832 sint,
867 4776 956 4844 quae
981 4764 1034 4820 est
1054 4749 1221 4830 amentia,
1271 4754 1514 4844 inpromptu.
1565 4748 1638 4820 Nec
1659 4752 1732 4821 ulla
1757 4775 1794 4821 re
1817 4751 2012 4820 abstinebis
2036 4757 2131 4823 unde
2156 4760 2268 4829 modo

225 4882 405 4941 tantarum
423 4886 541 4932 rerum
559 4857 805 4948 magnitudine
818 4877 892 4922 non
909 4853 1050 4922 excitari
1065 4866 1127 4923 aut
1141 4851 1221 4921 acui
1270 4879 1388 4946 speres
1417 4867 1452 4924 te
1482 4853 1638 4947 aliquam
1669 4853 1885 4945 voluptatem
1914 4876 2015 4942 posse
2041 4855 2269 4931 lucrifacere:

226 4973 271 5041 ad
301 4965 485 5038 laborem?
535 4961 596 5031 Nil
627 4960 704 5028 sine
732 4980 859 5044 magno
883 4957 954 5025 vita
978 4955 1100 5024 labore
1122 4955 1222 5024 dedit
1272 4981 1336 5047 ego
1359 4957 1454 5028 enim
1473 4957 1562 5025 meis
1577 4956 1975 5047 sodalibuspotestatem
1991 4952 2081 5027 facio
2094 4984 2134 5026 ex
2146 4965 2270 5032 omni-

226 5071 457 5146 mortalibus,
481 5060 735 5158 inquitl'oeita.
785 5057 943 5128 Proinde
958 5056 1070 5127 nolite
1083 5069 1221 5147 putare,
1271 5062 1339 5130 bus
1362 5063 1467 5129 rebus
1487 5051 1690 5151 voluptates
1709 5059 1906 5147 decerpere.
1971 5055 2068 5128 Haec
2092 5057 2270 5136 Hercules

226 5179 304 5246 sine
323 5194 450 5261 magna
471 5165 585 5236 animi
600 5161 830 5233 contentione
846 5160 919 5231 ulla
934 5160 1029 5237 vitae
1044 5159 1221 5249 praesidia
1271 5163 1438 5244 audiens,
1470 5160 1606 5254 inquit:
1642 5159 1794 5243 Mulier,
1824 5162 1921 5252 quod
1947 5175 1995 5230 est
2021 5163 2085 5231 tibi
2107 5171 2275 5251 nomenl

226 5297 429 5371 comparare
445 5292 507 5341 vos
524 5282 584 5338 aut
601 5265 751 5334 retinere
766 5287 878 5354 posse.
931 5259 1070 5351 Quade
1087 5285 1220 5331 recum
1272 5263 1369 5337 Tum
1399 5263 1478 5333 illa:
1511 5261 1587 5334 Mei
1618 5262 1756 5333 sodales
1786 5278 1914 5333 vocant
1934 5288 1990 5332 rue
2012 5262 2269 5341 Foelicitatem.

200 5447 202 5450 ,
226 5403 349 5452 omnes
364 5374 526 5448 omnium
543 5372 730 5440 doctorum
744 5366 902 5436 virorum
919 5364 1005 5436 libri
1022 5362 1120 5453 pleni
1136 5363 1220 5444 sint,
1271 5364 1346 5454 Qui
1366 5388 1423 5435 me
1444 5376 1699 5456 aspernantur,
1726 5378 1853 5435 vocant
1875 5390 1931 5435 me
1956 5364 2149 5455 Ignaviam.
2203 5372 2271 5444 ln-

227 5499 263 5554 et
291 5482 409 5554 referti
439 5474 508 5549 hoc
531 5494 659 5568 genere
681 5463 986 5556 exhortationum,
1018 5488 1083 5557 ego
1105 5464 1221 5552 vobis,
1271 5483 1365 5540 terea
1394 5466 1539 5539 accessit
1557 5479 1602 5537 :et
1622 5465 1732 5537 altera
1747 5467 1905 5555 mulier,
1939 5468 2112 5562 dixitque:
2147 5471 2267 5551 Venio
