4732 6030
200 324 277 402 405
738 293 901 374 nucu.
950 293 1026 369 nn
1058 293 1328 395 suntnno
1362 271 1698 375 unusrnao
2161 308 2237 388 404

200 472 272 594 que
287 489 338 563 sic
360 464 504 559 affectus
524 490 595 559 est,
620 495 701 546 eum
720 471 820 542 nulla
837 472 1066 565 quantumvis
1090 495 1191 543 saeva
1242 495 1320 569 mae
1347 470 1468 540 uxoris
1497 469 1663 555 interitu,
1696 468 1872 564 quidquid
1904 472 2096 549 cruciabile
2118 482 2177 552 vel
2200 486 2240 556 in

203 607 391 688 tempestas
407 581 592 657 concutiet.
619 574 667 648 Et
683 574 726 660 si,
751 588 792 644 ut
806 573 868 642 ille
882 573 942 658 ait,
962 573 1093 646 fractus
1111 577 1192 644 illa·
1232 570 1500 662 aegrotatione,
1525 573 1581 642 vel
1597 572 1637 641 in
1652 586 1766 643 morte
1785 573 1919 660 fuerat,
1945 578 2114 673 quicquid
2132 609 2240 658 curae

204 701 311 775 batur
327 690 440 770 orbis,
465 683 593 753 ferient
608 677 828 770 impavidum
846 675 983 747 ruinae.
1244 688 1305 745 aut
1327 673 1500 744 moeroris
1523 674 1578 743 illi
1599 675 1756 745 filiorum
1777 675 1913 746 orbitas
1935 680 2062 752 afferre
2088 699 2240 776 poterat,

306 788 485 864 Praestitit
507 807 589 854 vero
619 803 699 870 erga
724 801 953 871 quoscunque
986 778 1101 868 potuit
1130 778 1193 847 be-
1243 778 1280 845 id
1295 776 1501 847 universum
1519 776 1704 846 tolerabile
1727 775 1795 845 sibi
1817 779 2038 864 reddiderat,
2061 787 2241 884 planeque

205 898 412 989 nignitatem
445 884 592 957 homine
620 878 825 952 Christiano
857 880 1021 968 dignam,
1056 902 1192 950 summa
1244 888 1487 970 superaverat,
1515 878 1599 970 quia
1620 901 1657 948 se
1679 892 1793 949 totum
1808 881 2003 955 tradiderat
2016 885 2158 961 divinae
2173 918 2242 963 vo·

107 1010 111 1014 ’
203 1001 385 1074 voluntate
401 991 530 1085 quibus
548 984 675 1077 potuit,
700 994 734 1052 et
748 1005 797 1066 re,
817 990 859 1050 'et
875 981 1038 1072 consilio,
1063 994 1099 1051 et
1113 980 1194 1049 offi-
1245 980 1387 1051 luntati.

204 1103 260 1175 cio
290 1092 497 1174 inservivit,
538 1109 681 1157 omnem
709 1081 779 1152 sibi
800 1081 895 1151 diem
920 1083 1063 1174 periisse
1086 1096 1193 1163 ratus,
1345 1078 1475 1150 Laetus
1490 1077 1599 1167 igitur
1613 1100 1655 1148 ac
1669 1081 1767 1151 velut
1782 1081 2008 1176 triumphans
2029 1113 2070 1159 ex
2088 1088 2155 1162 hac
2168 1093 2240 1166 vita

205 1226 277 1300 quo
292 1223 365 1270 non
380 1192 549 1265 beneficio
563 1187 738 1281 quopiam
746 1184 900 1277 aliquem
915 1184 982 1253 sibi
999 1183 1193 1255 dememis·
1246 1180 1450 1273 emigravit,
1472 1179 1544 1250 imo
1570 1203 1653 1250 vero
1670 1204 1712 1250 ex
1734 1185 1891 1255 tenebris
1913 1203 1949 1259 et
1970 1205 2103 1279 morte,
2129 1193 2167 1263 in
2181 1197 2240 1266 lu-

204 1319 268 1378 set.
319 1298 482 1388 Denique
498 1294 536 1361 in
552 1315 593 1359 eo
609 1290 685 1379 ipso
700 1285 949 1356 beneficentiae
965 1310 1071 1356 cursu
1084 1284 1193 1354 vitam
1246 1310 1340 1371 cem,
1373 1305 1562 1374 veramque
1585 1300 1626 1351 ac
1649 1297 1827 1355 aeternam
1848 1289 1956 1359 vitam
1983 1296 2238 1384 commigravit.

205 1402 360 1497 reliquit.
411 1397 502 1467 Nam
523 1394 608 1462 dum
632 1388 771 1480 eosqui
792 1387 949 1479 pestiferi
970 1388 1087 1457 morbi
1108 1410 1194 1457 con·
1247 1384 1366 1479 Atque
1397 1384 1503 1454 talem
1539 1383 1682 1475 quidem
1715 1387 1808 1456 vitae
1848 1392 1980 1460 exitum
2016 1395 2083 1464 soli
2116 1398 2240 1481 sancti,

141 1534 144 1539 ·
204 1507 297 1598 tagio
319 1498 439 1571 infesti
462 1507 578 1573 erant,
604 1491 643 1559 in
658 1492 803 1559 domum
818 1511 916 1558 suam
936 1489 1088 1579 benigne
1103 1487 1196 1559 acci·
1246 1483 1459 1579 Christoque
1477 1507 1540 1576 per
1560 1484 1664 1552 fidem
1686 1487 1779 1558 uniti
1797 1491 2013 1581 sortiuntur,
2038 1500 2137 1569 utde
2155 1500 2240 1570 divo

204 1609 277 1703 pit,
311 1606 397 1674 dum
421 1599 526 1669 etiam
556 1615 718 1663 amensa
746 1613 821 1659 non
849 1603 961 1674 arcet,
994 1592 1079 1661 dum
1103 1591 1195 1660 vitae
1248 1585 1428 1681 Stephano
1446 1586 1623 1678 praeclare
1639 1587 1854 1663 dictumest:

206 1732 329 1781 eorum
357 1727 397 1773 ac
418 1698 523 1768 saluti
550 1695 750 1765 consultum
773 1691 889 1782 cupit,
927 1693 1011 1761 dum
1038 1692 1194 1761 morien·
1374 1692 1440 1758 Ibat
1454 1716 1545 1756 ovans
1559 1697 1668 1757 animis
1682 1710 1712 1759 et
1727 1720 1780 1780 spe
1796 1721 1849 1760 sua
1863 1700 1969 1762 damna
1981 1706 2107 1767 levabat.

205 1812 301 1883 tibus
325 1806 442 1884 adest,
478 1801 563 1868 dum
587 1793 798 1865 famularum
821 1792 945 1860 codem
967 1795 1093 1862 morbo
1116 1816 1195 1861 cor·
1246 1790 1297 1861 Hi
1319 1790 1414 1861 enim
1432 1790 1499 1859 soli
1525 1804 1692 1876 mortem,
1716 1796 1760 1863 ad
1781 1796 1880 1866 cuius
1898 1798 2018 1866 saltem
2032 1823 2162 1869 nomen
2178 1805 2236 1873 vel

202 1922 385 2002 raptarum
410 1920 615 1989 congressus
636 1918 751 1987 neque
773 1895 848 1982 ipse
870 1917 934 1962 nec
959 1918 1049 1963 uxor
1070 1894 1203 1977 vitant,-
1247 1893 1464 1963 mentionem
1490 1904 1584 1961 totus
1610 1893 1708 1964 orbis
1729 1899 1986 1984 contremiscit,
2011 1914 2235 1974 contemnere

206 2034 264 2084 eas
293 2007 444 2095 benigne
477 2004 598 2071 fovent
625 2008 840 2086 curantque,
879 1990 1095 2066 contrahunt
1127 1995 1196 2063 sibi
1248 1995 1458 2065 didicerunt.
1511 1989 1561 2061 Hi
1579 1994 1716 2081 dolori,
1743 1999 1976 2088 aegritudini,
2001 2005 2175 2088 moerori,
2198 2005 2240 2073 in

207 2112 354 2184 eandem
372 2108 486 2188 luem,
510 2125 579 2194 qua
596 2112 630 2168 et
643 2098 735 2165 intra
752 2119 882 2187 paucos
899 2095 973 2163 dies
988 2099 1093 2166 ambo
1110 2120 1195 2165 con·
1250 2096 1395 2167 summis
1436 2108 1471 2165 et
1490 2095 1741 2184 ,acerbissimis
1779 2101 2045 2174 adflictionibus
2082 2107 2241 2175 medium

207 2211 338 2302 sumpti
361 2219 455 2277 sunt.
509 2201 649 2290 Quibus
665 2196 752 2290 quid
767 2196 866 2266 aliud
887 2197 995 2266 vitam
1011 2198 1195 2268 abstulisse
1248 2220 1402 2287 unguem
1426 2198 1612 2267 ostendere
1633 2213 1780 2270 norunt.
1837 2200 1899 2273 Sic
1922 2198 2087 2276 Christus
2110 2206 2148 2275 in
2169 2208 2241 2293 suis

207 2318 383 2393 dicamus,
408 2328 515 2400 quam
530 2303 688 2393 ipsorum
705 2298 809 2366 fidem
822 2311 856 2367 et
867 2298 1146 2387 benignitatem?
1249 2323 1327 2368 cum
1350 2300 1500 2367 maxime
1522 2298 1683 2368 infirmus
1706 2300 1864 2389 videtur,
1888 2305 2102 2376 fortissimus
2127 2309 2242 2379 victor

293 2413 407 2482 Porro
420 2407 585 2498 pietatem
603 2423 701 2470 suam
716 2421 796 2487 erga
812 2392 1005 2483 Christum,
1031 2415 1065 2471 et
1079 2401 1196 2482 hdem,
1248 2399 1376 2473 existit.
1427 2398 1487 2471 Sic
1512 2399 1573 2468 ille
1596 2400 1704 2469 semel
1735 2417 1866 2488 morte,
1895 2419 2055 2496 peccato,
2090 2421 2123 2476 et
2147 2408 2240 2477 insca

204 2515 340 2588 Doctor
357 2506 530 2582 Sebaldus
554 2503 612 2571 vel
634 2499 820 2592 praecipue
837 2499 1047 2585 declaravit,
1072 2502 1111 2568 in·
1129 2496 1197 2569 hoc
1248 2525 1370 2571 rorum
1411 2500 1523 2593 portis
1562 2503 1786 2590 expugnatis,
1838 2506 2129 2595 gloriosissimum
2170 2510 2241 2598 egit

205 2631 359 2690 extremo
381 2631 500 2681 rerum
526 2626 668 2676 suarum
688 2613 789 2684 actu,
814 2599 875 2692 qui
889 2601 1004 2692 qualis
1026 2603 1195 2695 cuiusque
1249 2597 1489 2693 triumphum:
1523 2601 1572 2671 sic
1596 2597 1713 2673 adhuc
1734 2605 1893 2696 quotidie
1918 2631 1981 2698 per
2002 2623 2140 2680 sanctos
2157 2634 2239 2680 suos

118 2790 138 2809 ,
205 2728 363 2791 anteacta
390 2712 461 2781 vita
489 2708 615 2789 fuerit,
654 2703 853 2794 plerunque
884 2704 974 2771 solet
999 2706 1196 2776 ostendere.
1250 2699 1458 2795 triumphat.

204 2818 288 2891 Non
309 2815 406 2884 enim
425 2811 528 2878 illum
551 2804 711 2892 coniugis
725 2802 879 2892 optimae
903 2818 936 2874 et
952 2803 1197 2875 dilectissimae
1351 2805 1420 2875 Sed
1438 2806 1544 2874 redeo
1561 2805 1605 2873 ad
1621 2801 1810 2875 Ductorem
1828 2805 2033 2894 Sehaldurn,
2062 2812 2162 2881 cuius
2180 2813 2238 2881 in-

204 2920 388 2996 interitus,
421 2934 511 3004 quae
533 2908 653 2999 paucis
676 2918 758 2975 ante
775 2902 891 2995 ipsum
911 2899 1010 2974 horis
1026 2907 1115 2977 elata
1132 2920 1197 2991 est,
1251 2907 1391 2992 teritus,
1430 2907 1486 2975 vel
1509 2906 1627 2998 potius
1655 2907 1823 2977 transitus
1845 2910 1884 2978 in
1912 2911 2093 2980 meliorem
2118 2914 2239 2998 vitam,

205 3044 282 3092 non
296 3015 465 3087 violentia
486 3010 606 3081 morbi
627 3005 921 3096 ingravescentis,
946 3030 1021 3076 non
1041 3021 1093 3079 tot
1117 3031 1197 3097 par·
1249 3008 1359 3098 ipsius
1385 3008 1529 3100 quidem
1552 3029 1655 3076 causa
1678 3009 1784 3078 nobis
1802 3011 1917 3079 dolori
1941 3035 2104 3082 essenon
2125 3016 2238 3084 debet.

205 3145 333 3193 vorum
353 3117 550 3185 liberorum
568 3111 721 3192 orbitas,
744 3108 921 3192 solitudo,
946 3123 1096 3198 egestas,
1123 3133 1197 3178 non
1249 3107 1341 3181 Nam
1356 3133 1397 3178 eo
1414 3108 1557 3201 quidem
1573 3122 1741 3199 tempore,
1765 3134 1877 3204 eoque
1893 3126 2117 3183 staturarum
2131 3117 2239 3185 vitam

206 3221 314 3303 haec,
339 3218 506 3307 inquam,
531 3226 603 3281 tam
620 3211 731 3278 multa
750 3221 891 3301 tamque
913 3212 1031 3300 gravia
1049 3212 1197 3281 vulnera
1249 3211 1413 3304 reliquit,
1444 3234 1515 3302 quo
1532 3204 1834 3280 nihilndmodum
1853 3214 1968 3303 ipsum
1987 3217 2032 3283 ad
2050 3216 2243 3286 vivendum

205 3324 310 3394 illum
325 3318 369 3388 ab
394 3340 453 3395 eo,
479 3313 603 3404 inquo
622 3309 843 3387 constiterat,
869 3313 1007 3405 gradu,
1023 3308 1197 3382 Christia·
1248 3313 1365 3404 potuit
1386 3310 1550 3383 invitare.
1609 3310 1662 3380 Ita
1685 3335 1768 3379 vero
1792 3326 1909 3383 sancte
1931 3316 2058 3408 pieque
2081 3333 2244 3389 mortuus

205 3447 273 3496 nae
294 3415 511 3490 constantiae
537 3425 570 3481 et
598 3410 787 3502 patientiae
809 3423 1003 3499 potuerunt
1029 3414 1196 3482 deiicere:
1249 3427 1318 3497 est,
1342 3426 1475 3483 uttam
1500 3412 1604 3480 nobis
1625 3426 1758 3481 certum
1784 3436 1857 3483 esse
1882 3416 2007 3484 debeat
2033 3419 2151 3507 ipsum
2173 3422 2241 3488 iam

206 3529 279 3596 imo
301 3519 494 3590 insultabat
514 3515 575 3583 ille
597 3512 734 3594 dolori,
756 3510 950 3583 insultabat
968 3514 1115 3599 morbo,
1141 3514 1199 3581 in·
1250 3539 1330 3585 cum
1353 3509 1578 3593 Abraham,
1619 3510 1775 3597 Davide,
1816 3517 1899 3585 divo
1925 3516 2059 3604 Paulo,
2096 3520 2242 3614 aliisque

205 3626 360 3699 sultabat
375 3619 529 3709 denique
547 3614 665 3683 morti.
714 3609 807 3682 Cum
821 3614 915 3683 enim
932 3614 1036 3684 amici
1051 3615 1197 3707 quidam
1248 3616 1394 3699 sanctis,
1420 3640 1500 3685 cum
1517 3610 1659 3686 Christo
1680 3616 1832 3709 denique
1848 3618 1918 3687 frui
1942 3635 2084 3690 aeterna
2101 3622 2241 3712 sapien-

206 3722 416 3801 consolandi
431 3740 533 3789 causa
548 3717 664 3807 ipsum
680 3713 859 3798 adiissent,
883 3716 1004 3805 paucis
1021 3730 1102 3786 ante
1117 3717 1198 3785 obi·
1249 3719 1316 3802 tia,
1340 3731 1554 3809 aeternoque
1581 3717 1770 3806 splendore
1793 3741 1832 3787 ac
1853 3720 2000 3790 veritate
2021 3718 2096 3792 Dei.
2147 3720 2239 3808 Hoc,

205 3844 283 3904 tum
299 3821 409 3907 horis,
432 3820 586 3890 ostendit
602 3817 674 3885 illis
688 3811 873 3885 anthraces
889 3831 924 3886 et
937 3818 1098 3907 pestifera
1114 3812 1197 3886 hul·
1249 3819 1407 3912 inquam,
1434 3833 1505 3894 tam
1520 3831 1655 3886 certum
1669 3818 1773 3888 nobis
1789 3843 1862 3888 esse
1879 3823 1998 3905 debet,
2025 3846 2128 3915 quam
2145 3837 2239 3893 certa

207 3953 285 4004 cera
300 3951 389 4021 qnae
404 3925 442 3992 in
460 3945 567 3991 manu
582 3933 617 3990 et
631 3913 775 3987 brachio
793 3933 999 4008 eruperant:
1027 3916 1076 3990 Et
1090 3942 1196 4012 quarn
1249 3944 1288 3989 ea
1306 3933 1409 3999 sunt,
1436 3942 1526 4012 quae
1543 3919 1656 3988 oculis
1676 3921 1871 4002 cernimus,
1899 3947 2054 4017 quaeque
2073 3925 2240 3994 manibus

206 4031 319 4111 vohis,
344 4026 475 4121 inquit,
500 4025 585 4091 istae
600 4019 759 4090 armillae
776 4032 810 4089 et
825 4021 1024 4110 praeciosae
1040 4044 1196 4110 gemmae
1248 4020 1442 4113 palpamus.
1495 4016 1541 4089 Et
1554 4033 1594 4089 ut
1609 4043 1735 4109 magna
1751 4017 1837 4091 haec
1859 4037 1911 4094 est
1924 4018 2116 4095 consolatio
2131 4021 2241 4096 Chri-

206 4134 366 4226 placent,
402 4127 532 4217 quibus
565 4144 622 4188 me
654 4115 819 4188 Christus
857 4145 956 4189 meus
990 4122 1197 4193 exornavit?
1249 4123 1372 4191 stianis
1395 4122 1595 4208 mentibus,
1627 4147 1706 4192 cum
1732 4124 1855 4194 fratres
1886 4149 1967 4195 suos
1993 4127 2136 4212 vident,
2169 4142 2242 4198 tam

206 4233 368 4320 Cumque
395 4221 467 4293 illis
496 4219 564 4290 hoc
594 4219 728 4288 dictum
749 4214 947 4310 lachrymas
976 4224 1195 4293 excussisset:
1248 4224 1367 4293 foelici
1382 4224 1454 4294 sato
1471 4225 1627 4314 defungi,
1653 4223 1722 4291 sibi
1738 4248 1880 4318 quoque
1896 4240 2044 4297 mortem
2062 4229 2181 4313 talem,
2207 4242 2242 4300 et

206 4328 336 4424 Atqui,
361 4349 425 4394 vos
444 4320 548 4403 haec,
583 4319 718 4409 inquit,
752 4319 956 4410 neutiquam
979 4323 1065 4394 vilia
1087 4347 1196 4391 orna·
1249 4326 1396 4395 eandem
1427 4338 1589 4396 aeternae
1616 4324 1815 4394 foelicitatis
1846 4326 2095 4399 haereditatem
2121 4331 2242 4400 auimo

207 4441 325 4503 menta
343 4420 594 4500 iudicaveritis,
612 4443 693 4488 cum
708 4413 777 4486 hoc
793 4419 888 4485 enim
902 4423 1053 4511 nuptiali
1069 4424 1196 4492 vestitu
1248 4441 1498 4518 proponentes,
1524 4429 1572 4498 ita
1590 4423 1674 4496 huic
1688 4428 1823 4496 mundo
1839 4429 1936 4500 Deus
1952 4431 2158 4520 gravissime
2173 4431 2243 4500 mi-

207 4535 252 4607 ad
271 4531 419 4602 coeleste
437 4522 640 4594 convivium
660 4543 739 4588 cum
754 4513 897 4588 Christo
914 4544 992 4592 meo
1013 4523 1052 4590 in
1072 4547 1197 4616 perpe·
1247 4542 1374 4612 natur,
1401 4552 1480 4598 cum
1503 4541 1641 4598 sanctos
1664 4550 1746 4595 suos
1762 4531 1807 4598 ad
1831 4555 1867 4601 se
1888 4545 2045 4613 revocat,
2073 4557 2153 4602 cum
2177 4557 2242 4625 per

206 4653 308 4710 tuum
325 4627 574 4701 celebrandum
590 4645 668 4691 sum
683 4620 809 4694 iturus.
843 4618 903 4691 Sic
917 4626 961 4694 ad
976 4623 1068 4695 illud
1084 4637 1197 4695 aeter·
1248 4642 1397 4699 mortem
1412 4629 1517 4720 eripit
1533 4628 1737 4718 ingentibus
1752 4632 1873 4719 malis,
1898 4634 2029 4726 quibus
2044 4633 2173 4727 impios
2189 4647 2241 4704 est

206 4760 293 4809 num
319 4724 699 4826 praestantissimarum
727 4747 767 4793 ac
796 4725 1096 4797 sanctissimarum
1118 4727 1197 4796 ani·
1249 4729 1451 4825 puniturus.

205 4859 346 4911 marum
380 4830 570 4903 concilium
595 4826 832 4915 migraturus,
864 4824 914 4895 sic
940 4828 1093 4922 denique
1119 4826 1195 4900 Deo
1348 4826 1472 4900 Esaias
1495 4828 1558 4897 ait:
1594 4826 1731 4900 Iustum
1755 4832 1921 4917 interire,
1956 4847 1990 4904 et
2017 4829 2179 4906 homines
2202 4837 2242 4906 id

206 4935 422 5027 redemptori
436 4957 514 5002 meo
531 4929 724 5021 placiturus
741 4950 832 4996 sum.
1208 4938 1212 4942 ’
1249 4931 1397 5000 minime
1410 4929 1649 5003 considerare:
1676 4949 1815 5004 sanctos
1829 4933 1949 5026 colligi
1963 4933 2082 5021 nDeo,
2099 4938 2244 5011 nemine

188 5030 195 5034 ’
307 5037 385 5109 Hae
401 5057 503 5106 voces
518 5031 601 5101 satis
615 5030 813 5112 declarant,
846 5026 900 5096 illi
916 5028 985 5098 iam
1001 5044 1082 5100 ante
1096 5055 1196 5100 mor·
1248 5033 1285 5100 id
1301 5034 1520 5104 observante.
1556 5029 1646 5102 Cum
1664 5035 1732 5125 ipsi
1746 5035 1972 5107 atrocissimis
1987 5039 2127 5126 poenis,
2153 5040 2245 5135 quae

206 5158 297 5228 tem,
323 5160 465 5210 omnem
488 5155 629 5203 sensum
650 5130 768 5199 morbi
785 5130 979 5223 mortisque
995 5146 1195 5223 exemptum
1248 5146 1332 5204 sunt
1346 5155 1573 5223 oppressurae
1590 5132 1736 5227 impios,
1759 5149 1875 5207 morte
1891 5161 1953 5211 sua
1972 5139 2181 5226 liberentur,
2209 5154 2245 5211 et

205 5247 330 5337 luisse,
356 5252 393 5309 et
406 5239 522 5328 ipsum
540 5233 607 5301 iam
624 5245 699 5301 tum
716 5255 795 5300 cum
810 5227 897 5301 haec
912 5231 1058 5317 diceret,
1084 5234 1195 5305 oculis
1247 5248 1328 5327 post
1350 5229 1443 5304 hanc
1465 5235 1574 5305 vitam
1603 5251 1744 5307 aeterna
1773 5237 1890 5330 quiete
1915 5265 1955 5310 ac
1980 5242 2243 5335 tranquillitate

205 5349 278 5419 suis
291 5347 330 5414 in
345 5343 445 5412 illam
459 5349 636 5406 aeternam
651 5332 768 5401 sedem
779 5332 978 5402 foelicitatis
993 5335 1193 5425 respexisse.
1249 5337 1497 5428 perfruantur,
1522 5351 1676 5409 caeteros
1699 5350 1734 5408 et
1756 5338 1796 5406 in
1820 5339 1957 5434 reliqua
1980 5343 2052 5414 vita
2074 5354 2243 5413 maneant

207 5445 393 5542 Quidquid
410 5439 506 5511 enim
522 5431 656 5507 doloris
670 5433 709 5503 in
728 5432 847 5506 animo
868 5429 1026 5506 haeserat
1040 5459 1082 5505 ex
1101 5436 1195 5528 opti·
1246 5431 1436 5509 horribiles
1455 5439 1596 5530 plagae,
1621 5454 1656 5510 et
1676 5452 1758 5532 post
1777 5465 1853 5511 eam
1876 5445 2084 5536 sempiterni
2105 5445 2243 5516 infero·
