4732 6030
166 302 216 378 21
577 293 742 374 ouon.
774 292 849 372 on
881 248 1300 372 connioaanrs
1331 289 1501 368 anor.
1535 294 1784 373 sruous
2138 309 2190 381 se

167 473 312 554 iudicii,
338 472 400 568 qui
414 471 538 564 seligat
554 497 728 565 quaenam
742 485 777 544 et
791 485 968 567 quatenus
983 472 1150 542 discenda
1202 482 1264 542 aut
1285 493 1362 539 rem
1383 469 1576 554 medicam,
1601 469 1738 541 effoetis
1759 472 1830 542 iam
1850 475 1954 545 annis
1970 480 2094 568 pedem
2110 503 2185 550 mo·

169 578 253 651 sint.
288 572 396 658 Dolet
415 575 510 645 enim
524 576 621 645 sanis
637 597 711 645 esse
727 575 790 669 qui
803 588 1055 668 persuaserunt
1072 573 1151 659 sibi,
1202 584 1306 653 vent,
1333 571 1422 664 quid
1445 571 1544 642 aliud
1566 573 1712 643 defectis
1735 573 1871 660 ingenii
1894 579 2048 664 viribus,
2081 606 2186 675 quam

167 678 238 749 nisi
260 673 347 748 haec
369 677 512 768 nugalia
536 677 785 763 didicerimus,
810 701 886 747 non
907 678 984 747 fore
1008 701 1049 746 ex
1073 701 1152 757 usu,
1202 675 1298 767 quod
1331 673 1370 742 5¹¹
1400 672 1788 760 lud⁰⁶⁰11³¹10V⁰f⁰¹¹ls
1822 681 1949 767 agant?
1999 680 2188 773 Nflsstffllffl

163 778 343 874 quidquid
372 781 574 850 studiorum
606 779 821 851 affectemus.
881 777 1068 848 Modestus
1095 778 1153 847 vir
1202 799 1284 866 ergo
1300 775 1355 845 bis
1371 775 1475 866 pueri
1491 799 1609 861 senes,
1633 801 1838 870 quanquam
1855 779 1957 850 sicui
1980 785 2085 873 paulo
2110 787 2198 855 foe··

165 879 433 967 Socrateserat,
459 882 522 974 qui
546 905 627 951 cum
644 880 815 969 opinione
837 881 1028 971 sapientiae
1044 879 1151 970 vulgo
1200 878 1305 947 licior
1326 891 1377 948 est
1399 879 1523 967 genius
1547 879 1672 948 lusisse
1695 882 1821 972 pudet,
1848 884 2005 952 sednon
2030 886 2187 959 incidere

165 983 363 1069 coleretur,
388 983 547 1068 dicebat,
570 978 639 1052 hoc
656 1006 766 1052 uuum
783 1006 820 1052 se
836 983 944 1066 scire,
969 983 1065 1074 quod
1092 981 1152 1049 oi·
1202 980 1340 1051 ludum.
1384 977 1498 1048 Porro
1513 981 1614 1048 vobis
1629 975 1927 1053 Adulescentibus
1941 1001 2091 1057 vestram
2108 1011 2187 1078 gra-

165 1079 221 1154 hil
245 1085 368 1156 sciret:
395 1085 451 1153 illi
471 1097 592 1154 contra
614 1079 682 1153 hoc
703 1108 817 1154 unum
839 1084 1018 1167 nesciunt,
1053 1083 1149 1176 quod
1201 1082 1298 1152 tulor
1318 1079 1563 1163 foelicitatem,
1594 1081 1724 1173 quibus
1754 1084 1971 1174 benignitate
1995 1090 2121 1180 optimi
2148 1115 2187 1161 ac

165 1182 260 1255 nihil
275 1186 405 1257 sciunt.
439 1183 555 1279 Atque
569 1184 705 1255 utinam
720 1186 893 1255 foeliciter
911 1209 972 1256 eos
987 1185 1150 1278 aliquan·
1199 1182 1449 1273 sapientissimi
1481 1180 1659 1272 Principis
1690 1185 1805 1252 nostri
1841 1180 2045 1272 Friderici‚
2078 1188 2188 1263 Ducis

166 1289 214 1358 do
230 1280 514 1384 ἑρμῆςὸλόγιος
536 1287 635 1377 virga
658 1309 721 1356 sua
743 1288 941 1359 demulceat
962 1300 1003 1362 ut
1028 1309 1151 1377 exper-
1200 1283 1394 1363 Saxoniae,
1427 1279 1622 1369 Electoris,
1655 1284 1803 1374 contigit
1822 1287 1925 1377 longe
1945 1292 2187 1364 saluberrimis

165 1389 314 1480 getiam,
346 1402 387 1461 ut
407 1389 566 1480 desipere
589 1412 626 1458 se
649 1403 853 1477 agnoscant.
912 1387 960 1461 Ut
985 1410 1151 1476 evagarer
1200 1387 1351 1455 erudiri:
1375 1386 1490 1454 fontes
1503 1385 1598 1476 ipsos
1610 1385 1741 1456 artium
1756 1411 1797 1456 er
1810 1390 1956 1480 optimis
1976 1389 2187 1466 authoribus

165 1491 328 1579 longius,
360 1492 437 1581 ipsa
462 1516 520 1560 me
539 1490 592 1560 rei
623 1491 816 1581 indignitas
839 1490 1005 1582 perpulit.
1058 1487 1149 1557 Volo
1201 1483 1363 1560 hauritis.
1413 1485 1483 1556 Hic
1507 1487 1668 1556 nativum
1691 1513 1732 1558 ac
1755 1489 1931 1561 sincerum
1948 1489 2188 1581 Aristotelem,

164 1593 262 1662 enim
278 1592 382 1661 fidem
399 1592 569 1663 studiosis
581 1593 729 1677 factam,
753 1592 851 1663 aliud
866 1592 1045 1684 quoddam
1070 1591 1150 1661 lite·
1199 1590 1261 1657 ille
1277 1588 1543 1677 Quintilianum
1560 1585 1773 1674 Rhetorem,
1799 1587 1858 1661 hic
1871 1591 2030 1662 Plinium
2047 1608 2185 1667 tantum

162 1717 286 1763 rarum
303 1716 414 1784 genus
430 1695 557 1764 utilius
573 1717 663 1779 esse,
688 1717 794 1787 quam
810 1695 855 1764 sit
871 1695 967 1787 quod
976 1690 1148 1783 Copulata
1200 1691 1414 1759 ditissimum
1439 1692 1621 1779 paedetae,
1661 1716 1701 1760 ac
1725 1692 1835 1765 veluti
1857 1697 2038 1787 quoddam
2065 1699 2187 1789 copiae

164 1795 314 1880 iactant,
339 1809 444 1888 atque
458 1791 546 1865 haec
562 1797 600 1864 in
616 1791 821 1868 Rhetoricis
843 1795 974 1866 nostris
997 1794 1149 1882 longius.
1200 1815 1329 1874 cornu,
1364 1791 1424 1858 ille
1447 1792 1622 1878 argutias,
1647 1794 1706 1860 sed
1730 1807 1805 1863 arte
1836 1809 2045 1887 temperatas
2073 1802 2185 1873 docet.

165 1894 265 1985 Quin
283 1898 489 1981 videamus,
513 1910 550 1965 et
564 1892 632 1965 hoc
645 1898 748 1965 facile
761 1920 807 1963 ne
820 1897 884 1978 sit,
910 1891 976 1963 hac
999 1893 1149 1962 enimse
1200 1886 1386 1960 Accedunt
1407 1891 1482 1959 sine
1505 1893 1635 1984 quibus
1659 1916 1764 1962 nemo
1786 1910 1902 1984 potest
1917 1901 2079 1969 eruditus
2103 1925 2187 1970 cen-

163 1997 475 2068 commendatione
497 1997 713 2071 div'endunt:
746 1997 847 2090 quasi
874 2018 958 2065 vero
993 1993 1150 2084 augustis
1200 1986 1671 2073 seri,Mathematica,item
1689 1994 1874 2077 Poemata,
1891 1996 2080 2084 Oratores,
2104 2027 2184 2093 pro·-

162 2100 253 2169 adeo
272 2096 404 2169 linibus
428 2111 592 2167 contenta
606 2098 720 2168 virtus
743 2121 816 2166 esse
829 2097 974 2180 debeat,
998 2109 1039 2165 ut
1052 2096 1147 2188 quod
1198 2094 1392 2163 sessoribus
1417 2118 1491 2163 non
1512 2096 1727 2185 proletariis.
1778 2097 1874 2167 Haec
1895 2103 1925 2169 si
1948 2105 2185 2191 cognoveritis

163 2200 295 2293 cuique
315 2200 472 2289 proclive
487 2199 533 2269 sit
548 2199 711 2287 aggredi,
737 2199 908 2267 continuo
923 2197 1018 2266 idem
1035 2192 1148 2268 hone·
1200 2219 1271 2288 quo
1295 2195 1422 2265 ordine
1443 2198 1624 2266 tractanda
1647 2199 1737 2281 sint,
1764 2215 1858 2271 certo
1879 2202 1971 2287 scio,
1998 2219 2032 2274 et
2058 2207 2187 2290 facilia,

162 2315 258 2372 stum
280 2301 338 2372 sit.
399 2298 584 2388 Quantum
616 2299 741 2371 aetatis
773 2295 1050 2369 hominidaturn
1086 2311 1148 2381 est,
1200 2310 1235 2366 et
1250 2297 1452 2366 admirandi
1468 2299 1645 2388 profectus
1659 2300 1888 2375 videbuntur.
1939 2304 2094 2374 Puerilia
2112 2321 2187 2377 stu-

161 2404 297 2472 nedum
329 2402 624 2486 adulescentiam,
674 2402 881 2485 insumunt,
920 2415 961 2471 ut
993 2397 1149 2489 Euripos
1199 2399 1258 2467 dia
1282 2423 1371 2491 quac
1396 2399 1576 2489 appellant
1596 2395 1941 2498 προγυμνάσματα,
1970 2405 2188 2479 Grammati-

163 2525 309 2588 omnee,
335 2505 384 2573 sic
401 2504 496 2572 enim
512 2501 755 2574 Nazianzenus
772 2499 1149 2588 vocat,Aristotelicos
1199 2524 1258 2584 ca,
1283 2499 1493 2585 Dialectica,
1518 2495 1711 2572 Rhelffl'lffl
1736 2515 1881 2574 θὸῑθῦὓδ
1903 2507 2068 2578 dsscessdss
2091 2525 2188 2595 sunl»

160 2599 384 2686 exhauriant,
400 2605 436 2673 id
455 2608 551 2698 quod
566 2597 748 2676 nescio'an
763 2629 921 2698 uuquam
937 2604 1045 2674 alicui
1063 2628 1148 2674 con·
1199 2624 1268 2695 qua
1293 2603 1335 2670 ad
1359 2602 1552 2672 dicendum
1573 2627 1613 2672 ac
1638 2603 1868 2675 iudicandum
1891 2607 2102 2689 instructus,
2134 2612 2188 2680 ffl-

160 2707 294 2795 tigarit.
352 2706 515 2779 Subinde
540 2707 635 2776 enim
659 2708 756 2800 quod
777 2702 985 2776 exhauritur
1017 2706 1147 2786 influit,
1199 2703 1301 2791 stigia
1323 2703 1522 2774 studiorum
1544 2729 1617 2774 non
1636 2719 1766 2777 temere
1781 2709 1931 2781 affectes.
1984 2709 2187 2798 lungendae

159 2808 325 2878 foelicius
346 2808 383 2875 id
400 2809 544 2901 quidem
564 2834 670 2900 quam
688 2808 782 2900 quod
806 2811 850 2877 de
863 2807 1066 2879 Darsaidum
1083 2810 1147 2877 do·
1198 2802 1355 2875 Graecae
1372 2805 1494 2875 literae
1503 2804 1660 2889 Latinis,
1685 2822 1726 2877 ut
1745 2804 2001 2899 Philosophos‚
2027 2808 2187 2881 Theolo-

161 2909 222 2977 liis
236 2911 366 2980 ferunt.
404 2907 508 2978 Adde
523 2911 620 3000 quod
637 2932 717 2976 cum
732 2930 769 2974 se
784 2908 1057 2974 verissientiam
1073 2931 1146 2975 me·
1198 2929 1277 2994 gos,
1303 2903 1520 2989 Historicos,
1547 2902 1735 2991 Oratores,
1760 2905 2074 2997 Poetaslecturus,
2098 2937 2187 3006 qua·

160 3010 270 3081 ditari
280 3011 491 3101 gloriantur,
508 3009 702 3098 plurimum
711 3030 838 3097 operae
847 3006 994 3103 fallaciis
1004 3021 1147 3076 necten·
1197 3031 1267 3099 qua
1289 3021 1324 3078 te
1353 3020 1492 3090 vortas,
1524 3028 1599 3075 rem
1630 3007 1977 3104 ipsam'adsequare,
2010 3038 2085 3083 non
2106 3039 2187 3084 um·

161 3104 289 3207 disque
319 3110 413 3178 dolis
442 3109 584 3199 linguae
616 3122 765 3192 navant,
795 3122 837 3178 ut
857 3108 1031 3179 festiviter
1054 3109 1147 3178 ludit
1198 3108 1297 3176 bram
1321 3130 1460 3190 rerum,
1486 3107 1583 3179 velut
1598 3105 1699 3179 Ixion
1722 3134 1802 3179 cum
1819 3110 1958 3182 lunone
1979 3138 2187 3206 congressu-

159 3210 336 3283 1500r2123
369 3235 447 3280 cum
479 3211 546 3280 ait:
601 3207 648 3282 Οἱ
671 3213 956 3302 προςποιοῦνται
979 3203 1051 3302 μὲν
1077 3206 1146 3304 τὴν
1197 3231 1276 3294 rus,
1309 3209 1347 3277 in
1369 3209 1502 3277 nubem
1524 3209 1661 3283 incidit.
1713 3209 1792 3281 Hoc
1815 3215 1915 3307 quasi
1937 3216 2066 3286 viatico
2090 3242 2187 3288 com-

161 3307 349 3405 ἀλήθααγ
364 3307 504 3404 ζητεῖν,
523 3306 640 3391 εὐθὺς
654 3306 692 3383 ‹l'
711 3311 751 3382 ἐν
765 3309 862 3405 ἀρχῇ
877 3316 955 3384 τῶν
968 3311 1146 3408 dnuyyel-
1197 3324 1337 3398 parato,
1364 3335 1427 3400 per
1440 3312 1649 3402 compendia
1664 3308 1728 3382 scal
1744 3310 1923 3406 εὐπετῶς,
1950 3330 1990 3387 ut
2007 3317 2107 3389 Plato
2125 3320 2186 3401 ait,

159 3407 314 3510 μάτων,
350 3407 475 3508 praecipi
497 3410 615 3511 λέγειν
636 3412 891 3506 ἐπιχειροῦσιν.
943 3412 1081 3483 Deinde
1106 3438 1146 3483 ex
1195 3407 1464 3503 Philosophiam
1483 3415 1619 3484 accede.
1668 3411 1761 3483 Nam
1779 3415 1817 3484 in
1834 3440 1966 3487 essum
1984 3420 2090 3509 plane
2106 3443 2187 3490 sen·

158 3530 213 3588 tot
229 3515 424 3585 factionum
439 3516 588 3584 diversis
611 3516 859 3606 opinionibus,
885 3517 942 3585 vix
960 3540 1068 3585 unam
1086 3530 1146 3584 aut
1197 3516 1324 3592 tentia,
1352 3515 1469 3606 utqui
1486 3514 1571 3583 velit
1593 3514 1731 3601 insigne
1749 3517 1904 3609 aliquid,
1929 3520 1985 3588 vel
2008 3521 2047 3588 in
2069 3523 2187 3607 sacris,

160 3616 865 3708 21t0f3m‚quaeeibiconstet‚reperias.
900 3616 1025 3688 Solent
1040 3617 1147 3699 enirn,
1198 3615 1252 3683 vel
1277 3617 1356 3684 foro
1381 3614 1521 3697 conari,
1555 3639 1680 3704 parum
1705 3617 1930 3704 effectunrm,
1963 3623 2002 3688 ni
2025 3622 2186 3691 animum

158 3732 204 3790 ut
218 3742 259 3788 er
276 3719 455 3788 veteribus
473 3714 668 3806 Theologis
690 3720 835 3810 quidam
857 3719 964 3809 primi
990 3719 1147 3786 nominis
1194 3731 1296 3786 antea
1324 3710 1489 3785 humanis
1506 3716 1705 3808 disciplinis
1720 3717 1786 3807 (sic
1802 3721 1896 3787 enim
1914 3717 2185 3809 Philosophiam

159 3820 270 3901 dixit,
296 3820 333 3887 in
348 3821 449 3889 omni
466 3816 622 3889 humano
637 3821 799 3907 dogmate
814 3820 910 3889 falsis
926 3844 1027 3906 vera,
1055 3821 1165 3889 veris*
1196 3816 1300 3909 voco)
1315 3820 1529 3909 prudenter,
1553 3832 1585 3885 el
1602 3831 1774 3907 quantum
1793 3819 1874 3886 ⁸³¹ss
1892 3832 1963 3902 ⁰⁸1,
1982 3823 2185 3893 θῐθῑθῑῑθῐῖῑ·

160 3922 249 3991 falsa
265 3922 427 4006 misceri,
451 3917 515 3993 καὶ
529 3917 564 3992 τ’
583 3915 720 4012 ἀληθὲς
732 3924 878 4001 πολλοῖς
891 3918 1069 4017 ψεύδεσιν
1087 3921 1146 4018 s'y-
1194 3917 1286 3987 Nolo
1303 3932 1419 3986 autem
1438 3910 1725 4006 philosophando
1741 3915 1944 4010 quenquam
1964 3923 2109 4011 nugari,
2136 3925 2184 3994 ita

160 4016 414 4118 κρύπτεσθαι,
441 4036 483 4094 ut
504 4021 669 4116 Dionysii
697 4024 815 4092 verbis
837 4037 929 4094 utar.
983 4020 1040 4092 lbi
1062 4045 1145 4090 vero
1195 4019 1289 4085 enim
1307 4017 1363 4099 fit,
1389 4015 1765 4085 utcommunisetiam
1788 4024 2068 4092 sensustandem
2092 4027 2185 4094 obli·

161 4138 296 4218 quanto
313 4149 392 4214 agas
416 4126 584 4216 negocio,
612 4125 741 4217 quibus
766 4125 961 4193 auditorem
977 4122 1147 4214 perfugiis
1196 4118 1339 4190 viscare.
1390 4115 1459 4187 Sed
1478 4141 1518 4185 ex
1536 4117 1679 4207 optimis
1691 4119 1826 4209 optima
1841 4122 1967 4210 selige,
1980 4148 2090 4216 eaque
2103 4151 2184 4197 cum

159 4222 299 4313 trahas,
329 4229 418 4296 dum
444 4228 637 4297 sententiae
651 4224 814 4295 Doctoris
836 4226 931 4294 inter
957 4248 993 4294 se
1019 4246 1148 4292 conve·
1195 4223 1239 4289 ad
1251 4219 1608 4298 scientiamnaturae‚
1630 4234 1705 4289 tum
1722 4222 1893 4290 admores
1911 4225 2117 4296 formandos
2131 4243 2185 4299 at-

159 4329 286 4412 niant,
311 4329 481 4399 nimirum
504 4342 545 4399 ut
564 4327 713 4398 candida
735 4328 862 4416 nigris:
891 4341 928 4397 at
950 4326 1002 4395 nil
1027 4325 1146 4409 refert,
1196 4321 1357 4391 tinentia.
1409 4317 1451 4389 lu
1478 4319 1601 4411 primis
1626 4318 1685 4390 hic
1710 4323 1912 4394 eruditione
1931 4324 2068 4397 Graeca
2092 4355 2183 4420 opus

159 4429 286 4512 cadat,
313 4454 357 4498 an
375 4446 470 4502 recto
487 4444 553 4501 stet
571 4430 691 4500 fabula
709 4430 799 4512 talo,
823 4431 929 4498 modo
955 4430 1143 4497 clamatum
1196 4439 1265 4503 est,
1291 4447 1381 4517 quae
1399 4435 1545 4492 naturae
1558 4423 1740 4494 scientiam
1758 4426 1959 4496 universam
1979 4431 2186 4521 complecti·

160 4530 372 4601 sitsortiter.
423 4532 569 4622 Quanto
587 4532 694 4601 satius
710 4545 784 4602 erat
800 4526 858 4601 hic
875 4531 931 4600 vel
946 4526 989 4601 τὸ
1007 4524 1147 4620 ἐπέχειν
1196 4542 1271 4609 tur,
1304 4541 1343 4594 ut
1365 4527 1408 4591 de
1433 4525 1595 4594 moribus
1624 4526 1783 4615 apposite
1816 4552 1855 4596 ac
1890 4530 2031 4619 copiose
2066 4532 2184 4602 dicere

159 4656 278 4702 novae
293 4630 501 4704 Academiae
522 4635 699 4726 amplecti.
752 4631 887 4702 Vereor
901 4658 945 4701 ne
960 4633 1145 4701 molestum
1196 4648 1314 4718 queas.
1372 4623 1572 4694 Plurimum
1616 4627 1735 4697 valent
1773 4624 1976 4700 Aristotelis
2018 4631 2183 4719 Moralia,

160 4736 208 4804 sit
230 4734 333 4803 vobis
356 4736 477 4804 audire
499 4734 572 4808 tam
598 4735 798 4805 inconditas
823 4759 952 4824 nugas,
986 4732 1144 4824 alioquin
1194 4728 1305 4817 Leges
1319 4727 1495 4806 Platonis,
1517 4724 1666 4811 Poetae,
1682 4743 1787 4821 atque
1803 4731 1829 4798 ii
1842 4734 2021 4825 sane‚qui
2037 4749 2072 4803 et
2089 4737 2184 4827 opti-

161 4837 332 4927 exemplis
355 4830 440 4904 haec
454 4840 719 4930 comprobarem
736 4862 807 4905 non
825 4838 957 4928 paucis.
1001 4834 1146 4904 lnterim
1197 4831 1374 4912 misum,
1410 4843 1442 4897 ⁰¹
1467 4829 1503 4896 ln
1522 4823 1852 4919 l¹⁰⁰l⁰85ll⁰⁸³¹¹¹¹ls
1877 4847 1917 4904 Pl
1940 4835 2079 4905 ³¹¹P¹¹⁰⁸
2100 4861 2184 4906 ‘⁸¹¹'

159 4939 318 5030 panium
343 4937 472 5007 ,gadiis
496 4940 708 5024 disceditur,
744 4941 891 5008 aluntur
916 4938 1019 5022 odia,
1045 4932 1148 5023 friget
1197 4933 1308 5003 diant.
1358 4929 1536 4999 Homerus
1560 4928 1706 5000 Graecis
1732 4933 1812 5001 fons
1837 4936 1998 5004 omnium
2022 4937 2184 5029 discipli-

160 5036 385 5125 huroanitas,
426 5054 460 5111 et
480 5064 560 5109 curn
591 5041 745 5111 aliteris
768 5036 861 5109 nihil
882 5042 1001 5111 abesse
1021 5038 1147 5106 debeat
1197 5057 1343 5116 narum,
1375 5030 1555 5121 Vergilius
1577 5056 1616 5101 ac
1632 5031 1802 5103 Horatius
1817 5033 1963 5105 Latinis.
2015 5036 2183 5110 Necessa-

160 5141 304 5229 longius
327 5166 492 5226 rancore,
521 5165 601 5210 nam
626 5144 827 5213 communia
851 5156 952 5212 erant
971 5140 1087 5209 Musis
1114 5152 1145 5206 et
1188 5136 1247 5204 'ria
1274 5147 1322 5202 est
1346 5134 1494 5202 omnino
1518 5134 1561 5201 ad
1587 5127 1678 5203 hanc
1704 5159 1776 5203 rem
1802 5132 1967 5220 historia,
1995 5141 2051 5210 cui
2074 5143 2103 5209 si
2118 5167 2184 5211 au-

162 5239 300 5312 Gratiis
314 5246 495 5335 quondam
520 5258 636 5324 sac'ra,
661 5240 789 5314 horum
805 5246 939 5328 studia,
969 5264 1145 5336 quaecun-
1196 5239 1279 5316 sim,
1306 5259 1361 5304 me
1385 5230 1501 5305 hercle
1518 5259 1592 5303 non
1618 5235 1750 5305 invitus
1768 5239 1831 5307 uui
1845 5241 2050 5325 contulero,
2077 5244 2183 5335 quid·

159 5369 230 5436 que
254 5358 355 5430 sunt,
388 5347 444 5415 vel
469 5346 543 5416 sola
571 5345 685 5416 nutrit
710 5347 858 5420 invidia.
917 5344 976 5418 sie
1003 5341 1147 5425 imbuti,
1197 5339 1283 5429 quid
1307 5351 1483 5408 erneretur
1513 5337 1659 5406 laudum
1692 5340 1881 5411 universus
1911 5343 2040 5411 artium
2074 5343 2182 5411 orbis.

159 5470 272 5538 quum
291 5448 336 5515 ad
352 5448 540 5535 sublimia,
555 5441 821 5538 »Theologiam,
846 5448 938 5520 luris
953 5444 1148 5530 scientiam,
1198 5438 1397 5613 Haecssquid
1412 5440 1460 5509 sit
1480 5432 1689 5530 pulchrum,
1715 5441 1802 5535 quid
1828 5456 1948 5534 turpe,
1972 5443 2061 5534 quid
2084 5443 2183 5533 utile,
