4732 6030
121 270 194 344 437
537 263 697 345 DECL.
733 264 809 342 DE
843 265 986 343 Vtra
1019 260 1333 344 RODOLPIII
1369 259 1735 343 AGRICOLAE.
2070 276 2146 349 tta

120 439 213 513 hanc
230 442 457 534 impudentia,
483 444 625 535 quaein
643 443 793 537 quadarn
810 443 987 531 tragoedia
1002 464 1106 511 voca·
1156 438 1257 508 luent
1283 438 1456 529 improbi:
1491 441 1642 510 modesti
1667 465 1750 512 vero
1776 457 1809 514 et
1840 444 1956 533 legum
1987 460 2144 520 amantes

120 559 180 614 tur
194 546 352 613 omnium
372 544 578 613 morborum
595 540 832 614 humanorum
848 546 1081 615 saevissimus.
1155 540 1309 629 praemia
1328 542 1498 611 virtutum
1514 543 1647 626 ferent,
1672 557 1704 612 et
1726 547 1903 635 perpetuis
1921 546 2086 618 laudibus
2103 551 2142 620 in

222 644 318 732 Quid
337 645 485 736 quodin
500 646 622 716 multis
643 647 748 728 locis,
774 646 880 714 etiam
904 648 966 714 ubi
985 669 1105 714 emen-
1152 638 1310 709 Ecclesia
1332 645 1574 726 ornabuntur,
1606 657 1639 712 et
1659 645 1822 714 fruentur
1836 648 2039 718 dulcissima
2055 675 2141 720 con-

119 749 218 816 datae
233 760 315 817 sunt
329 741 517 831 Ecclesiae,
539 771 634 817 nunc
650 749 878 838 negliguntur
892 748 1006 816 studia
1025 748 1104 814 lite·
1152 744 1337 829 suetudine
1368 741 1435 812 Dei
1465 745 1530 812 tilii
1560 745 1651 829 eius,
1689 749 1904 836 optimorum
1934 745 2141 841 Principum

118 871 256 933 rarum,
287 871 391 916 nemo
415 848 611 938 opitulatur
633 851 848 940 pauperibus
875 844 1103 931 scholasticis,
1125 905 1128 915 .
1152 840 1271 928 Adae,
1316 840 1455 929 Nohae,
1507 842 1766 936 Prophetarum
1806 863 1840 916 et
1874 847 2140 939 Apostolorum.

117 947 206 1016 fame
229 962 403 1017 necantur
421 949 471 1037 pii
492 963 525 1018 et
549 951 643 1020 docti
669 950 892 1034 Sacerdotes,
918 964 952 1019 et
978 973 1099 1019 eorum
1150 940 1288 1012 Horum
1306 947 1348 1012 de
1370 947 1473 1015 nobis
1493 948 1621 1017 iudicia
1640 950 1726 1017 boni
1744 950 1812 1018 iam
1830 949 2037 1020 intueantur
2059 953 2140 1021 ani-

118 1051 281 1138 coniuges
298 1063 331 1118 et
345 1051 445 1139 parvi
463 1051 578 1120 liberi.
632 1049 752 1139 Quare
772 1052 953 1143 aliquanto
971 1063 1050 1140 post
1068 1063 1101 1119 et
1149 1046 1233 1127 mis,
1260 1047 1356 1115 etita
1373 1049 1512 1128 vivant,
1539 1063 1578 1117 ut
1601 1051 1673 1118 illis
1691 1075 1752 1119 sua
1775 1053 1940 1134 consilia,
1964 1053 2080 1122 studia
2102 1067 2138 1124 et

89 1182 91 1186 ⁴
116 1147 171 1220 his
186 1151 342 1220 defuturi
366 1163 449 1220 sunt
465 1151 585 1220 idonei
600 1152 782 1236 Pastores,
811 1167 844 1221 et
867 1167 1025 1221 secutura
1051 1163 1102 1218 est
1149 1169 1263 1214 mores
1279 1149 1440 1237 probent.
1492 1147 1589 1217 Dixi.

115 1252 305 1327 barbaries,
327 1264 361 1320 et
378 1248 554 1322 horrenda
571 1251 970 1326 vastitasEcclesiarum.
1003 1251 1100 1320 Haec

114 1355 207 1421 mala
224 1354 303 1443 quis
324 1367 436 1442 potest
452 1355 527 1421 sine
552 1350 742 1446 lachrymis
770 1355 827 1421 vel
851 1356 1020 1442 cogitare,
1043 1352 1099 1419 vel

114 1477 402 1532 commemorare,
428 1478 578 1545 quorum
591 1455 797 1543 magnitudo
813 1469 852 1523 ut
869 1457 1010 1523 tandem
1024 1451 1099 1524 Re-

114 1578 172 1643 ges
196 1555 338 1643 excitet,
371 1556 414 1622 ad
437 1579 519 1624 vera
546 1557 699 1625 remedia
726 1557 942 1648 quaerenda,
976 1578 1098 1623 omnes
1145 1564 1283 1642 N0,57,
1646 1592 1648 1596 Α
1882 1586 1885 1591 ·
1968 1604 2016 1644 m,
2037 1581 2134 1648 1539·

112 1656 164 1746 pii
186 1656 441 1725 ardentissimis
456 1658 547 1727 votis
570 1671 703 1750 optent.
756 1656 916 1726 Profecto
940 1657 1009 1723 iam
1029 1657 1099 1722 cir·
1143 1681 1272 1709 ww
1972 1690 2134 1715 ψ...

113 1757 221 1825 comit
242 1752 422 1841 Christus,
449 1750 623 1842 esuriens,
649 1759 788 1843 sitiens,
815 1759 1005 1840 laceratus,
1032 1757 1097 1824 fla-
1308 1790 1416 1870 Vm
1445 1789 1553 1873 Rod
1579 1793 1599 1872 l
1630 1794 1681 1874 h.
1708 1792 1760 1878 Α
1827 1800 1836 1818 ,
1885 1798 1906 1877 l

111 1857 181 1945 gris
203 1858 427 1941 vulneratus,
461 1882 501 1927 ac
530 1861 697 1952 implorat
719 1884 822 1950 opem
852 1861 1035 1933 doctorum
1064 1868 1097 1924 et
1348 1821 1363 1873 ²
1552 1818 1628 1903 ΟΡ
1663 1822 1677 1876 ²
1755 1822 1971 1910 θνῖθθαθ·

110 1960 385 2046 gubernatorum
404 1960 576 2041 omnium,
602 1974 696 2042 orat,
720 1974 759 2029 ut
778 1960 934 2048 corporis
950 1958 1097 2026 vulnera
1212 1944 1402 2068 Apudscram
1415 1947 1485 2069 ispi
1505 1946 1599 2069 ‘'44³4oe
1612 1968 1688 2020 sqq„
1709 1951 1745 2072 Iip
1761 1951 1886 2074 peptap.
1905 1955 1938 2016 Τ.
1957 1956 1992 2012 tt.
2010 1975 2037 2029 p,
2055 1960 2134 2028 450„

110 2059 285 2146 ΟΜῙΒθΠι,
318 2073 358 2129 ut
379 2060 544 2128 alimenta
568 2062 808 2151 suppeditent,
841 2082 946 2149 quem
970 2060 997 2126 si
1022 2081 1096 2124 non
1244 2033 1273 2066 ¹¹¹
1314 2033 1412 2072 Μ’·
1454 2034 1508 2086 ‘P'
1572 2027 1691 2088 “¹²P·
1734 2039 1835 2076 Μ’·
1862 2025 1994 2093 .p.59t.

109 2159 316 2248 respicient,
349 2154 445 2228 haud
469 2161 577 2230 dubie
601 2162 640 2228 in
662 2175 838 2252 postremo
857 2159 991 2227 iudicio
1012 2155 1096 2226 haec
1143 2193 1270 2262 Oratio
1297 2188 1344 2260 ,pe
1369 2195 1449 2262 vim
1473 2188 1705 2284 Rodopppn·
1729 2197 2007 2291 Ami-colae,
2049 2208 2133 2274 Fri·

109 2259 259 2328 fulmina
287 2261 448 2329 audieut:
484 2258 646 2345 Esurivi,
678 2276 711 2330 et
737 2284 811 2329 non
835 2259 980 2328 dedistis
1005 2255 1097 2327 mihi
1140 2296 1212 2378 355,
1241 2314 1367 2362 meme
1383 2295 1479 2364 puppo
1506 2291 1638 2365 tabita
1664 2319 1688 2365 a
1712 2303 1854 2369 Ioanne
1871 2305 2025 2373 Saxone
2041 2308 2133 2376 1101·

109 2360 239 2444 cibum,
265 2373 328 2431 etc.
372 2360 1013 2451 ltemaledictiinignemaeternum.
1055 2358 1096 2428 Si
1140 2399 1316 2482 mmm,
1362 2416 1447 2464 cum
1477 2395 1699 2467 decerneret
1732 2403 1887 2471 pipulum
1923 2408 2131 2499 Mammas

109 2462 290 2529 consulere
306 2460 489 2551 Principes
503 2459 678 2531 Ecclesiae
694 2464 846 2545 vellent„
870 2486 942 2530 non
962 2463 1095 2530 deesset
1142 2494 1361 2587 potiendam
1393 2494 1558 2566 honestis
1585 2507 1622 2568 et
1650 2498 1812 2569 eruditis
1843 2504 2035 2575 iuvenibus
2087 2513 2129 2577 g„

108 2562 307 2634 eonsilium.
359 2562 428 2633 Sed
450 2564 596 2655 privatis
610 2578 644 2634 et
661 2564 801 2634 iniustis
823 2563 1005 2631 affectibus
1026 2563 1095 2629 im·
1426 2596 1548 2668 Ama·
1575 2597 1840 2696 pgpeggwemg,
2042 2557 2055 2594 '

108 2664 250 2752 peditur
283 2665 422 2753 publica
447 2665 595 2738 utilitas.
652 2664 760 2734 Tanti
792 2665 873 2734 fecit
899 2662 1093 2734 Ecclesiam

108 2787 207 2832 suam
240 2765 333 2833 filius
355 2765 441 2849 Dei,
476 2781 516 2837 ut
541 2790 617 2836 eam
641 2766 734 2835 vitae
768 2789 850 2835 suae
876 2765 1094 2855 praetulerit.
1139 2747 1347 2831 Plurimum
1373 2761 1478 2828 refert
1502 2781 1567 2828 nos
1589 2761 1685 2853 ipsos
1699 2779 1792 2835 recte
1809 2764 2004 2856 intelligere
2020 2792 2129 2858 genus

110 2863 215 2934 Multi
242 2889 338 2934 nunc
362 2867 586 2936 stultissimos
607 2866 752 2935 affectus
771 2867 971 2934 anteferunt
989 2866 1092 2935 saluti
1139 2861 1233 2930 vitae
1253 2860 1291 2927 in
1316 2884 1386 2951 quo
1409 2884 1609 2942 versamur,
1640 2876 1675 2932 et
1695 2859 1761 2935 hoc
1775 2891 1904 2937 munus
1925 2872 2019 2961 quod
2035 2873 2130 2941 divi-

105 2968 213 3036 totius
233 2964 428 3049 Ecclesiae,
461 2990 501 3034 ac
525 2965 686 3033 funditus
710 2988 785 3031 eam
808 2962 925 3054 perire
945 2966 1094 3047 malunt,
1139 2962 1236 3029 nitus
1258 2962 1363 3029 nobis
1386 2963 1595 3031 attributum
1628 2977 1694 3049 est,
1728 2968 1909 3055 videlicet,
1941 2996 2129 3043 conserva-

104 3091 209 3159 quam
234 3067 417 3153 paululum
450 3065 588 3132 frenare
612 3064 860 3147 ambitionem,
887 3077 954 3132 -aut
978 3064 1095 3131 avari·
1138 3063 1273 3131 tionem
1289 3085 1329 3130 ac
1344 3064 1630 3152 propagationem
1648 3080 1760 3137 rectae
1785 3071 1966 3140 doctrinae
1983 3074 2027 3142 de
2043 3075 2129 3143 reli-

103 3170 205 3247 tiam,
240 3178 300 3231 aut
325 3164 524 3236 libidinem.
577 3160 622 3235 Et
644 3178 762 3235 tamen
778 3160 818 3233 hi
841 3188 877 3234 se
893 3166 1093 3245 defensores
1138 3163 1243 3250 gione
1258 3165 1348 3231 etde
1363 3162 1442 3231 aliis
1458 3165 1562 3232 rebus
1578 3161 1746 3239 honestis.
1799 3167 1877 3240 Etsi
1895 3173 1990 3241 enim
2007 3175 2127 3266 splen-

102 3264 341 3335 Ecclesiarum
356 3266 424 3333 dici
439 3265 576 3335 volunt.
1092 3282 1101 3297 ·
1138 3263 1234 3332 doris
1257 3264 1337 3352 plus
1362 3260 1493 3333 habent
1517 3259 1579 3332 alii
1601 3268 1693 3336 vitae
1707 3269 1837 3357 gradus
1854 3277 2128 3366 atqueordines,

205 3362 296 3434 Cum
319 3366 426 3453 igitur
448 3378 544 3435 tanta
565 3366 611 3435 sit
635 3361 703 3436 hoc
720 3379 878 3458 tempore
899 3368 1093 3458 dissipatio,
1137 3376 1256 3432 tamen
1272 3364 1301 3431 si
1317 3388 1398 3432 vere
1412 3366 1576 3434 volumus
1597 3369 1798 3453 aestimare,
1821 3396 1960 3442 summa
1973 3377 2129 3465 dignitas

104 3480 137 3535 et
154 3467 357 3556 impendeat
372 3467 487 3535 maior
500 3469 660 3537 omnium
677 3492 794 3537 rerum
815 3470 995 3553 confusio,
1021 3469 1092 3537 nisi
1138 3477 1188 3534 est
1207 3458 1419 3535 scholarum.
1475 3463 1542 3534 His
1563 3470 1747 3560 praecipue
1767 3474 1899 3542 servire
1925 3476 2072 3566 imperia
2095 3492 2130 3549 et

102 3567 198 3636 Deus
219 3568 494 3655 gubernatorum
524 3559 661 3636 animos
683 3570 726 3637 ad
754 3569 919 3639 salutaria
944 3571 1090 3638 consilia
1137 3589 1258 3633 omues
1289 3567 1433 3654 politiae
1464 3569 1653 3638 debebant.
1716 3568 1808 3640 Cum
1838 3575 1931 3643 enim
1961 3579 2005 3646 ad
2032 3574 2128 3649 huuc

103 3668 253 3737 flexerit:
281 3665 440 3738 Primum
456 3671 611 3738 orandus
629 3670 801 3753 estDeus,
820 3683 860 3739 ut
877 3671 949 3758 ipse
966 3670 1090 3737 laben·
1137 3666 1241 3732 finem
1260 3660 1424 3734 homines
1440 3669 1574 3737 conditi
1591 3670 1679 3753 sint,
1705 3683 1745 3740 ut
1758 3673 1873 3744 luceat
1890 3677 1927 3743 in
1943 3672 2127 3749 hocmun-

106 3782 172 3839 tem
189 3765 382 3838 Ecclesiam
397 3771 536 3855 fulciat;
564 3771 692 3839 deinde
707 3765 873 3840 hortandi
889 3783 971 3840 suut
985 3769 1092 3838 Prin·
1138 3768 1184 3833 do
1210 3767 1340 3836 noticia
1363 3766 1448 3850 Dei,
1482 3781 1515 3836 et
1541 3784 1686 3859 propter
1707 3765 1797 3841 hanc
1820 3799 1958 3842 causam
1980 3779 2126 3846 societas

105 3870 216 3959 cipes,
245 3886 286 3942 ut
311 3885 435 3940 curent
456 3873 522 3941 rite
547 3871 735 3941 diiudicari
759 3871 1032 3955 controversias,
1057 3883 1092 3940 et
1137 3866 1251 3934 civilis
1265 3867 1437 3934 divinitus
1455 3867 1613 3936 instituta
1633 3870 1697 3948 sit,
1723 3884 1762 3938 ut
1777 3887 1896 3941 coetus
1910 3875 2127 3947 sintdocen-

104 3972 326 4060 disciplinam
359 3973 508 4043 restitui.
566 3970 770 4055 Postremo,
810 3973 894 4063 quia
928 3973 1090 4061 publicae
1136 3969 1224 4035 tium
1250 3990 1289 4032 ae
1311 3966 1539 4043 discentium,
1566 3980 1606 4034 ut
1629 3972 1772 4037 accendi
1795 3987 1827 4041 et
1843 3975 1913 4043 late
1929 3979 2044 4066 spargi
2060 4005 2127 4048 no-

102 4073 289 4163 opiniones
303 4088 338 4144 et
352 4097 468 4143 mores
483 4072 603 4166 aliqua
619 4086 771 4164 exparte
787 4072 973 4141 imitantur
987 4067 1090 4141 scho-
1136 4066 1218 4135 ticia
1247 4062 1314 4131 Dei
1338 4066 1464 4152 possit,
1495 4066 1578 4134 satis
1591 4083 1743 4159 apparet
1764 4095 1941 4143 summum
1961 4101 2034 4147 esse
2047 4082 2127 4149 offi-

101 4174 305 4242 lasticorum
328 4176 459 4245 iudicia
482 4188 515 4245 et
538 4176 711 4266 exempla,
736 4197 798 4242 vos
819 4197 960 4265 quoque
976 4196 1090 4265 quan·
1137 4168 1229 4236 cium
1247 4166 1408 4233 omnium
1422 4167 1716 4255 gubernatorum,
1745 4169 1919 4245 Ecclesias
1935 4203 1974 4248 ac
1990 4175 2127 4251 scholas
2167 4255 2171 4258 ,

99 4291 177 4345 tum
202 4298 343 4362 possum
364 4273 669 4348 vehementissime
689 4270 880 4358 adhortor,
905 4273 1090 4367 utCyclo-
1137 4268 1240 4338 tueri.
1293 4265 1452 4356 Cogitate
1468 4293 1596 4360 epraeso
1613 4296 1718 4362 quam
1735 4277 1872 4363 augusti
1888 4290 1923 4347 et
1936 4285 2127 4352 venerandi

80 4399 164 4468 *pes
179 4377 271 4461 illos,
296 4378 359 4468 qui
374 4379 440 4448 sibi
455 4379 616 4449 omnium
629 4377 798 4446 scelernm
814 4376 992 4444 licentiam
1010 4399 1091 4467 per·
1137 4382 1256 4440 coetus
1279 4369 1349 4439 sint
1375 4365 1552 4459 Angelici.
1610 4370 1748 4443 Horum
1772 4377 1942 4467 imagines
1964 4383 2127 4455 interris

100 4478 198 4546 mitti
214 4479 356 4563 volunt,
382 4480 445 4573 qui
460 4481 551 4568 leges
566 4493 600 4549 et
615 4478 757 4548 vincula
772 4466 940 4547 honestae
956 4491 988 4547 et
1004 4477 1091 4545 civi·
1138 4468 1346 4541 Scholastici
1371 4471 1581 4564 conventusf
1594 4496 1667 4543 esse
1691 4477 1843 4570 dehent,
1882 4506 2012 4553 munus
2035 4501 2128 4556 certe

99 4579 147 4648 lis
169 4581 262 4648 vitae
278 4583 431 4672 quodam
452 4581 658 4650 nonsolum
676 4580 880 4658 barbarico,
906 4578 1089 4648 sedetiam
1140 4572 1232 4641 idem
1257 4587 1309 4642 est
1334 4587 1368 4642 et
1393 4573 1557 4643 officium.
1611 4572 1938 4650 Profitenturidem
1957 4588 2129 4677 quodca·

100 4681 280 4750 diabolico
305 4683 424 4752 furore
442 4694 696 4775 perrumpunt,
721 4680 861 4771 fugiatis
884 4704 924 4749 ac
942 4681 1092 4749 deteste-
1139 4670 1398 4766 nunthngeli:
1431 4670 1556 4742 Gloria
1580 4674 1619 4741 in
1642 4679 1784 4746 excelsis
1811 4677 1905 4766 Deo,
1930 4686 2018 4755 etin
2035 4701 2129 4758 terra

99 4782 211 4868 mini,
243 4806 306 4852 vos
327 4808 410 4853 vero
429 4788 474 4854 ad
493 4805 649 4853 amorem
675 4782 790 4871 legum
816 4797 851 4852 et
874 4782 1092 4871 disciplinae,
1139 4799 1225 4867 pax,
1246 4789 1280 4845 et
1296 4771 1501 4842 hominibus
1516 4775 1663 4847 laeticia.
1724 4778 1782 4849 Sic
1797 4777 1937 4853 scholae
1953 4788 2131 4872 celebrare

99 4885 150 4953 ad
168 4887 394 4971 modestiam,
419 4888 464 4954 ad
487 4883 644 4957 studium
670 4883 845 4954 iuvandae
859 4880 1037 4954 Ecclesiae
1060 4893 1094 4950 et
1139 4878 1274 4961 Deum,
1300 4876 1496 4946 doctrinam
1521 4876 1598 4966 paci
1615 4890 1648 4947 et
1664 4881 1873 4952 concordiae
1893 4881 2131 4961 Ecclesiam

100 4989 304 5057 communis
331 4989 506 5058 societatis
530 4984 785 5058 adsuefaciatis.
834 4985 1094 5077 Fallunturty-
1141 4980 1285 5062 utilem,
1311 4991 1345 5046 et
1367 5001 1458 5071 quae
1480 4978 1662 5047 coelestem
1684 4979 1858 5051 laeticiam
1882 4989 1997 5077 pariat
2012 4987 2132 5061 homi-

100 5089 230 5172 ranni,
264 5091 294 5158 si
317 5091 415 5159 nulla
439 5086 615 5159 Ecclesiae
643 5086 774 5156 iudicia
801 5099 979 5171 metuunt,
1012 5085 1095 5178 qnia
1142 5081 1266 5165 nibus,
1299 5079 1653 5171 propagareg'debent.
1705 5078 1956 5158 Hanctantam
1978 5094 2134 5182 dignita-

101 5214 202 5262 nunc
229 5205 372 5281 sperant
393 5189 652 5283 impunitatem.
702 5183 784 5258 Erit
803 5184 978 5257 Ecclesiae
1001 5187 1096 5257 iudi·
1144 5198 1214 5253 tem
1225 5181 1339 5252 nostri
1354 5181 1530 5265 muneris,
1555 5181 1585 5249 si
1601 5181 1851 5274 cogitabimus,
1876 5204 1910 5261 et
1923 5194 2043 5263 animo
2058 5218 2133 5262 me.

102 5293 200 5361 cium
232 5295 476 5379 subeundum,
511 5316 591 5361 curn
622 5289 715 5359 tilius
736 5287 804 5359 Dei
829 5289 1029 5379 apparebit,
1060 5289 1098 5355 in
1144 5286 1293 5369 tiernur,
1317 5295 1353 5353 et
1376 5284 1490 5355 studia
1513 5294 1548 5352 et
1568 5282 1705 5353 scholas
1725 5287 1836 5375 magis
1861 5296 2073 5375 amabimus,
2099 5308 2134 5363 et

105 5418 179 5485 qno
191 5396 405 5485 petulantiae
429 5409 464 5465 et
481 5393 722 5466 contumaciae
737 5391 954 5463 tristissimas
968 5411 1099 5483 poenas
1145 5383 1203 5459 his
1223 5388 1352 5459 ritibus
1375 5399 1409 5458 et
1429 5385 1673 5561 ceprggpessibus
1689 5382 1912 5463 scholasticis
1923 5416 2134 5483 magnopere
