4732 6030
593 213 757 290 DECL.
790 214 867 290 DE
897 213 1176 290 tthotttto
1212 213 1632 293 FORMICARUM.

85 217 162 294 157
2058 216 2132 299 150

87 408 125 464 et
153 414 216 481 ego
239 391 281 459 ad
304 400 338 457 te
361 389 582 458 adolescens:
624 390 710 458 novi
733 404 851 460 autem
878 405 953 460 tum
976 413 1084 478 gene·
1135 389 1338 460 lescentiam
1361 387 1400 458 in
1423 391 1501 459 ocio
1523 392 1762 481 perdiderint,
1786 406 2002 465 senectutem
2022 393 2132 464 mise-

87 517 188 565 rosos
214 504 375 584 parentes
397 504 497 577 tuos,
529 507 563 561 et
584 492 743 561 indolem
768 495 1083 586 educationemque
1135 516 1211 562 ram
1234 507 1268 562 et
1289 491 1528 562 calamitosam
1551 509 1671 582 agunt.
1725 492 1831 564 Tunc
1852 508 1887 565 et
1905 497 2016 587 pudet
2031 508 2131 566 ante-

89 613 195 669 tuam.
261 592 358 663 Haec
382 589 470 685 mibi
494 618 591 685 spem
612 596 768 678 faciunt,
793 595 888 680 fore,
913 609 951 665 ut
976 596 1005 663 si
1027 619 1083 663 me
1135 607 1230 664 actae
1254 594 1365 679 vitae,
1397 608 1430 664 et
1450 596 1543 686 piget
1565 597 1720 687 primum
1744 620 1912 689 quaerere
1935 597 2130 693 necessaria

88 712 227 769 secutus
249 696 381 777 fueris,
410 706 614 786 magnas'et
636 692 801 767 honestas
823 721 877 766 res
900 720 1017 787 geras,
1050 710 1084 768 et
1134 697 1241 767 aetati
1258 694 1429 768 subsidia.
1483 697 1613 768 Suavia
1637 699 1677 767 in
1696 700 2131 770 adolescentiaantetem-

85 824 144 870 me
166 800 281 869 multo
304 798 492 866 clariorem
515 801 608 889 apud
632 794 793 869 homines
816 800 957 874 efficias.
1009 799 1083 870 Nec
1135 823 1201 890 pus
1224 813 1529 891 praecerpserunt,
1556 801 1715 871 laborem
1739 813 1773 872 et
1793 825 1979 872 aerumnas
1996 802 2129 871 ineam

87 903 191 992 longa
209 915 244 970 te
260 900 499 991 praefatione,
522 924 612 993 quae
629 903 673 969 ad
691 903 908 994 voluptatem
925 903 1009 992 fingi
1025 926 1083 971 so-

88 1005 147 1090 let,
174 1005 353 1087 morabor,
374 1003 433 1070 sed
453 1003 660 1093 simpliciter
675 1005 711 1072 id
724 1007 821 1097 quod
832 1029 888 1073 res
897 1018 959 1089 est,
981 1028 1083 1075 vere-

78 1132 154 1200 que
168 1107 335 1189 narrabo,
361 1106 457 1197 quod
473 1101 532 1173 Dii
549 1106 822 1177 constituerunt.
876 1106 982 1176 Nulla
999 1130 1082 1176 vera

83 1208 194 1293 bona,
223 1209 299 1277 sine
312 1208 431 1277 labore
442 1205 1081 1300 curaquemortalibusDiidederunt.

83 1310 157 1381 sed
175 1312 248 1381 sive
257 1308 350 1379 Deos
363 1309 428 1379 tibi
447 1309 499 1377 vis
514 1302 786 1401 essepropicios,
809 1312 971 1402 placandi
983 1323 1080 1381 sunt:

82 1414 160 1483 sive
183 1415 228 1481 ab
244 1412 322 1481 aliis
337 1410 438 1500 diligi
455 1413 525 1495 vis,
552 1412 731 1483 beneficiis
746 1413 964 1503 adiungendi
981 1426 1080 1482 sunt:

82 1515 160 1584 sive
183 1509 318 1583 bonore
338 1513 440 1582 adfici
461 1536 480 1581 a
500 1514 638 1583 civibus
655 1516 772 1607 cupis,
797 1517 888 1586 bene
903 1516 1031 1585 mereri
1047 1527 1081 1584 te

81 1618 129 1686 de
158 1619 271 1707 patria
299 1631 456 1707 oportet:
489 1616 564 1684 sive
592 1617 647 1686 vis
676 1617 713 1685 in
743 1619 981 1688 admiratione
1008 1640 1082 1686 esse

82 1721 179 1811 apud
209 1742 332 1788 omnes
356 1715 529 1802 Graecos,
561 1714 755 1789 benefactis
784 1722 820 1789 id
848 1736 882 1791 te
912 1719 1081 1810 consequi

83 1834 240 1913 oportet:
269 1821 345 1889 sive
360 1820 412 1887 vis
425 1833 465 1888 ut
482 1833 574 1889 terra
591 1821 705 1911 pariat
719 1822 786 1891 tibi
800 1822 938 1910 fruges,
960 1820 1081 1889 colen·

82 1926 129 1994 da
153 1936 219 1992 est:
248 1922 324 1992 sive
338 1945 380 1988 ex
394 1922 590 2009 pecudibus
606 1923 775 1991 ditescere
789 1923 861 2006 vis,
886 1922 1082 2013 pascendae

82 2041 184 2096 sunt:
212 2023 297 2093 Sive
318 2021 413 2091 bello
435 2045 519 2111 opes
534 2035 612 2091 tuas
628 2045 755 2112 augere
770 2023 887 2110 voles,
912 2037 953 2092 ut
968 2023 1082 2091 socios

81 2128 123 2196 in
150 2127 350 2195 libertatem
374 2124 532 2207 adseras,
567 2139 600 2194 et
626 2125 791 2194 inimicos
813 2126 850 2193 in
875 2126 1078 2195 servitutem

80 2228 242 2317 redigas,
268 2226 353 2294 belli
376 2237 468 2293 artes
489 2225 677 2295 discendae
697 2240 782 2298 sunt
802 2228 846 2297 ab
869 2223 926 2296 his
942 2227 1004 2319 qui
1023 2248 1080 2295 eas

82 2341 238 2412 norunt,
264 2341 298 2399 et
320 2328 552 2408 exercendae,
579 2341 617 2397 ut
638 2331 819 2421 quomodo
842 2330 891 2399 eis
905 2331 1079 2400 utendum

83 2435 149 2517 sit,
176 2431 281 2501 scias:
310 2429 349 2500 si
366 2429 478 2498 robur
493 2430 652 2521 corporis
667 2431 721 2498 vis
738 2431 967 2514 confirmare,
992 2455 1079 2500 con-

82 2533 348 2606 suefaciendum
370 2543 439 2615 est,
469 2543 509 2600 ut
530 2533 662 2629 rationi
684 2535 842 2614 obediat,
868 2549 1079 2603 etexercen-

80 2639 169 2707 dum
188 2657 317 2722 magno
333 2633 454 2701 labore
467 2659 506 2703 ac
522 2636 661 2707 sudore.
717 2633 824 2724 Quod
839 2661 918 2705 curn
935 2635 1081 2705 dixisset

79 2737 225 2817 Virtus,
252 2736 456 2827 interpellat
475 2760 550 2805 eam
567 2735 732 2825 Ignavia,
760 2739 942 2830 inquiens:
970 2739 1079 2806 Vides

80 2837 272 2920 Hercules,
294 2862 401 2932 quam
422 2860 581 2927 asperam
597 2852 632 2905 et
646 2839 789 2924 longam
804 2840 897 2904 viam
916 2841 958 2906 ad
975 2840 1079 2905 foeli-

80 2943 221 3014 citatem
256 2936 344 3009 haec
373 2937 439 3005 tibi
466 2936 598 3003 mulier
618 2937 799 3020 ostendat,
833 2961 904 3028 quo
928 2939 1078 3027 egotibi

79 3041 385 3135 compendiariam
402 3048 437 3104 et
452 3035 594 3126 planam
611 3036 705 3105 viam
723 3039 929 3111 monstravi.
983 3036 1077 3109 Tum

80 3146 222 3216 Virtus:
256 3136 293 3209 O
320 3138 465 3220 misera,
491 3138 548 3204 dic
572 3139 736 3231 nunquid
760 3135 891 3208 habeas
913 3141 1018 3227 boni,
1045 3154 1078 3213 et

76 3243 248 3337 nunquid
272 3262 378 3309 suave
400 3262 557 3330 unquam
575 3242 801 3329 cognoveris,
829 3266 919 3335 quae
935 3243 1076 3313 nullum

74 3350 240 3421 laborem
262 3340 316 3410 vis
338 3340 482 3408 illorum
497 3343 828 3434 consequendorum
843 3366 946 3414 causa
965 3344 1076 3415 susci-

76 3471 173 3545 pere.
225 3441 273 3514 Et
286 3465 332 3511 ne
346 3441 490 3536 quidem
507 3456 665 3533 expectas
681 3447 842 3516 naturale
860 3448 1074 3544 desiderium

74 3550 241 3629 suavium
255 3568 397 3629 rerum,
424 3547 485 3613 sed
502 3558 691 3641 antequam
710 3561 835 3616 natura
853 3540 992 3639 expetat
1008 3572 1076 3634 eas,

79 3650 207 3745 imples
235 3661 343 3741 atque
372 3645 496 3714 obruis
523 3660 576 3731 te,
600 3649 688 3747 ‚edis
717 3650 923 3742 priusquam
954 3651 1075 3735 esuris,

78 3755 174 3828 bibis
203 3764 393 3842 antequam
421 3749 517 3833 sitis,
551 3751 778 3821 condimenta
800 3752 898 3822 varia
923 3753 967 3821 ad
993 3753 1075 3821 irri-

80 3859 225 3931 tandam
249 3852 378 3921 famem
403 3850 593 3940 excogitas,
619 3852 701 3919 vina
720 3853 896 3943 preciosa,
922 3869 960 3925 ut
975 3855 1074 3923 invi-

75 3975 132 4032 tes
159 3956 274 4039 sitim,
308 3976 510 4042 comparas,
544 3953 583 4021 in
613 3966 742 4023 aestate
771 3955 890 4022 nivem
924 3957 1075 4048 quaeris.

76 4057 129 4137 Et
148 4072 189 4128 ut
207 4057 363 4127 suaviter
383 4055 556 4140 dormias,
582 4078 656 4124 non
679 4056 786 4124 modo
809 4056 932 4124 mollia
955 4069 1074 4140 strata,

1134 915 1281 971 aetatem
1306 902 1532 973 distulerunt.
1583 900 1661 994 Ego
1675 928 1765 984 ¹vero
1784 906 1879 994 apud
1895 901 1990 974 Deos
2008 927 2131 973 versor

1134 1017 1169 1072 et
1183 1004 1276 1094 apud
1295 997 1461 1073 honestos
1477 998 1651 1077 homines.
1703 1004 1852 1075 Nullum
1869 1000 2057 1075 honestum
2073 1007 2128 1076 la-

1134 1106 1237 1174 cinus
1259 1129 1374 1197 neque
1397 1103 1457 1174 Dii
1482 1129 1595 1199 neque
1619 1104 1782 1177 homines
1806 1109 1881 1177 sine
1904 1133 1961 1176 me
1983 1097 2149 1186 faciunt,

1135 1209 1286 1300 ideoque
1315 1231 1372 1275 me
1404 1221 1439 1277 et
1462 1203 1524 1275 Dii
1549 1222 1583 1277 et
1605 1203 1768 1278 homines
1789 1203 1927 1277 bonore
1949 1209 2129 1280 adficiunt.

1136 1308 1245 1380 Grata
1264 1333 1341 1377 sum
1361 1309 1567 1400 opitulatrix
1585 1310 1779 1388 artificum,
1806 1311 1876 1379 lida
1893 1325 2008 1380 custos
2024 1312 2129 1378 fami-

1133 1412 1202 1481 liae
1216 1411 1462 1491 dominorum,
1488 1411 1827 1481 benevolaadiutrix
1844 1435 2046 1496 servorum,
2070 1413 2130 1482 iu·

1134 1514 1250 1584 cunda
1274 1536 1391 1582 comes
1409 1515 1572 1583 laborum
1591 1515 1629 1582 in
1645 1538 1749 1605 pace,
1772 1514 1871 1581 firma
1886 1515 2129 1605 periculorum

1133 1617 1171 1684 in
1194 1616 1288 1686 bello
1311 1615 1529 1701 auxiliatrix,
1561 1617 1697 1707 optima
1720 1615 1895 1711 amicitiae
1917 1616 2022 1686 socia.
2080 1612 2130 1685 Et

1134 1719 1203 1786 mei
1234 1717 1338 1784 amici
1371 1740 1494 1786 suaves
1524 1719 1725 1809 voluptates
1747 1716 1824 1787 sine
1848 1717 1991 1786 fastidio
2013 1717 2130 1808 perci·

1133 1818 1240 1909 piunt
1266 1823 1308 1885 ex
1336 1817 1416 1887 cibo
1447 1833 1481 1888 et
1509 1832 1615 1909 potu,
1651 1832 1836 1910 expectant
1864 1820 1960 1888 enim
1983 1820 2130 1887 illorum

1133 1919 1294 1990 naturale
1323 1920 1550 1992 desiderium.
1603 1919 1758 1992 Somnus
1785 1921 1891 1992 etiam
1916 1922 2060 1992 suavior
2079 1921 2130 1988 eis

1132 2034 1185 2091 est
1208 2045 1314 2114 quam
1334 2023 1481 2106 ociosis,
1508 2047 1612 2116 quem
1637 2024 1742 2094 etiam
1759 2048 1840 2095 cum
1856 2047 1945 2116 opus
1959 2037 2029 2108 est,
2053 2022 2129 2091 sine

1133 2124 1293 2195 molestia
1315 2124 1553 2214 abrumpunt,
1579 2149 1644 2195 nec
1661 2139 1805 2219 propter
1821 2121 1918 2195 hrtnc
1933 2122 2129 2194 necessaria

1132 2225 1385 2297 intermittunt.
1425 2223 1473 2297 Et
1486 2227 1631 2297 iuvenes
1643 2252 1768 2298 senum
1783 2228 1949 2298 laudibus
1963 2228 2129 2317 gaudent,
2173 2220 2180 2230 ’

1132 2342 1167 2398 et
1182 2350 1281 2397 senes
1296 2328 1517 2398 delectantur
1532 2330 1700 2401 iuvenum
1714 2326 1934 2413 honoribus,
1961 2343 1996 2399 et
2012 2331 2128 2398 incre-

1132 2429 1237 2499 dibili
1260 2429 1441 2521 voluptate
1458 2454 1577 2500 rerum
1595 2455 1614 2498 a
1632 2455 1668 2500 se
1683 2446 1858 2519 gestarum
1876 2431 2128 2507 meminerunt.

1130 2528 1178 2602 Et
1209 2531 1285 2599 siue
1307 2532 1514 2603 difficultate
1527 2545 1737 2633 praesentes
1758 2533 1899 2602 labores
1923 2532 2129 2616 conficiunt,

1133 2659 1196 2726 per
1223 2657 1279 2701 me
1303 2630 1383 2703 Diis
1412 2630 1533 2720 chari,
1566 2635 1710 2716 amicis,
1744 2628 1841 2705 cbari
1866 2634 2013 2726 patriae.
2077 2628 2128 2703 Et

1131 2760 1211 2806 cum
1229 2759 1270 2807 ex
1285 2727 1351 2807 bac
1366 2734 1438 2807 vita
1454 2737 1708 2807 discedendum
1725 2751 1793 2823 est,
1818 2762 1892 2806 non
1908 2735 2050 2806 obscuri
2066 2744 2128 2804 aut

1131 2838 1244 2929 ignoti
1262 2836 1398 2919 iacent,
1425 2840 1484 2906 sed
1506 2839 1628 2907 laudes
1646 2863 1767 2908 eorum
1786 2851 1957 2929 perpetuo
1973 2863 1991 2905 a
2008 2848 2128 2928 poste·

1131 2940 1179 3008 ris
1192 2939 1454 3031 praedicantur.
1505 2936 1603 3008 Haec
1617 2940 1683 3009 tihi
1697 2966 1718 3010 o
1736 2940 1787 3009 fili
1805 2942 1982 3009 bonorum
1996 2962 2128 3030 paren-

1130 3054 1206 3110 tum
1233 3038 1404 3108 Hercules
1435 3041 1660 3131 contingent,
1691 3057 1725 3113 et
1756 3066 1876 3117 veram
1900 3040 2127 3112 foelicitatem

1130 3142 1363 3233 stabilemque
1387 3141 1436 3211 ita
1462 3144 1705 3236 consequeris,
1733 3145 1762 3211 si
1786 3146 1944 3214 lahorem
1968 3166 2043 3212 non
2064 3144 2127 3211 de·
2206 3149 2208 3153 ’

1129 3243 1252 3332 fugies.
1305 3243 1365 3314 Sic
1389 3245 1502 3313 virtus
1527 3246 1620 3336 apud
1638 3241 1913 3337 Xenophontem
1937 3247 2125 3314 conciona-

1128 3359 1205 3429 tur,
1231 3347 1327 3414 etad
1346 3346 1486 3415 labores
1501 3346 1761 3438 suscipiendos,
1782 3372 1855 3416 non
1875 3361 2012 3419 tantum
2031 3344 2125 3415 Her·

1128 3471 1170 3517 cu
1188 3471 1262 3532 em,
1289 3449 1349 3517 sed
1367 3473 1490 3519 omnes
1508 3450 1764 3533 adolescentes,
1790 3449 1972 3519 verissima
1989 3447 2126 3540 gravis-

1128 3524 1287 3644 simaque
1309 3574 1395 3619 voce
1419 3545 1594 3623 hortatur.
1654 3548 1734 3639 Qua
1758 3552 1917 3642 oportuit
1941 3575 2043 3621 aures
2065 3574 2126 3619 ve-

1128 3665 1216 3720 stras
1232 3651 1393 3746 undique
1409 3652 1683 3736 circumsonare,
1707 3667 1741 3723 et
1753 3652 2032 3723 inertesanimos
2044 3666 2124 3720 tan-

1128 3776 1232 3845 quam
1256 3753 1399 3822 classico
1423 3755 1621 3826 exuscitari.
1676 3752 1794 3844 Atque
1812 3750 1904 3819 banc
1920 3751 2031 3839 ipsam
2050 3750 2124 3818 vir-

1127 3854 1212 3922 tutis
1234 3854 1432 3921 orationem
1459 3854 1631 3919 divinitus
1653 3853 1691 3918 in
1704 3851 1861 3920 formicis
1877 3851 2043 3940 scriptam
2057 3875 2124 3942 pu-

1127 3966 1209 4036 tate,
1226 3976 1311 4044 quas
1324 3951 1463 4043 quoties
1476 3951 1654 4038 videbitis,
1675 3952 1796 4020 veniat
1810 3952 1850 4020 in
1861 3966 2016 4022 mentem
2033 3949 2124 4023 hane

1127 4053 1228 4126 vobis
1251 4052 1463 4141 imaginem,
1489 4076 1579 4146 quae
1601 4078 1665 4125 vos
1687 4056 1730 4124 ad
1754 4054 1913 4123 laborem
1936 4056 2060 4127 incitet
2083 4052 2121 4127 ln

78 4163 142 4242 sed
157 4159 260 4228 etiam
275 4159 384 4229 lectos
397 4156 501 4241 lacis,
527 4180 691 4227 somnum
706 4157 801 4225 enim
815 4157 977 4242 accersis,
1000 4181 1074 4225 nou
1126 4154 1356 4227 terrisaDeo
1373 4157 1590 4247 propositam
1607 4180 1690 4228 esse.
1744 4152 1792 4226 Et
1806 4154 2121 4228 sicutComoediae

73 4280 120 4339 ut
139 4285 204 4354 per
224 4260 355 4333 laboris
378 4259 565 4328 intervalla
590 4262 761 4352 quiescas,
787 4260 846 4328 sed
869 4259 990 4352 inopia
1008 4284 1074 4328 ne·
1126 4256 1358 4342 exhibentur,
1389 4270 1430 4327 ut
1462 4258 1499 4326 in
1525 4259 1597 4327 illis
1617 4261 1787 4351 exemplis
1809 4261 2002 4343 discamus,
2033 4260 2121 4353 quid

77 4364 174 4461 gocii
201 4362 276 4431 sine
304 4363 442 4454 pudore
471 4385 511 4432 ac
536 4363 652 4452 legum
675 4374 772 4431 metu
793 4362 907 4431 amori
928 4385 1071 4452 operam
1126 4362 1165 4431 in
1182 4359 1253 4430 vita
1271 4361 1409 4438 deceat,
1435 4361 1484 4431 ita
1498 4358 1596 4430 Deus
1611 4362 1650 4429 in
1666 4357 1730 4430 hac
1745 4386 1863 4432 rerum
1882 4375 2007 4431 natura
2026 4363 2121 4433 varia

76 4474 154 4550 das,
183 4477 286 4534 nocte
301 4464 467 4547 abuteris,
494 4477 528 4532 et
540 4463 790 4555 optimamdiei
801 4479 937 4555 partem
948 4487 1073 4534 somno
1125 4463 1321 4554 spectacula
1339 4461 1441 4543 lecit,
1468 4487 1558 4555 quae
1576 4485 1642 4532 nos
1659 4464 1767 4533 officii
1784 4463 1897 4532 nostri
1916 4489 2121 4534 commone·

72 4569 211 4668 perdis.
264 4561 313 4636 Et
332 4590 412 4637 cum
428 4564 541 4636 Deam
563 4579 597 4635 te
620 4590 693 4635 esse
715 4566 896 4655 glorieris,
921 4562 1074 4635 exDeo-
1124 4567 1291 4638 facerent.
1341 4562 1495 4633 Proinde
1513 4589 1593 4635 cum
1609 4565 1776 4635 formicae
1790 4561 2027 4635 convehentes
2040 4591 2122 4657 gra-

75 4696 160 4747 rum
182 4683 334 4739 numero
354 4669 460 4741 eiecta
484 4691 541 4753 es,
567 4683 804 4760 aspernantur
825 4681 859 4739 te
883 4682 916 4739 et
932 4665 1071 4737 bonesti
1125 4691 1189 4748 na,
1213 4668 1475 4759 condentesque
1494 4666 1531 4735 in
1551 4691 1739 4736 commune
1757 4668 1975 4758 spectabitis,
2001 4669 2121 4739 existi-

75 4773 255 4849 bomines.
313 4768 435 4865 Neque
465 4794 624 4865 unquam
647 4770 895 4841 suavissimum
918 4795 1071 4852 carmen,
1124 4781 1217 4839 mate
1243 4763 1616 4862 banctanquamDei
1640 4794 1761 4838 vocem
1785 4793 1875 4854 esse,
1907 4771 2121 4863 quaelubet

75 4894 155 4952 tuas
177 4876 303 4946 laudes
322 4874 503 4947 audivisti.
560 4870 609 4944 Et
633 4867 914 4965 pulcherrimum
937 4885 1072 4964 specta·
1123 4871 1261 4956 ocium,
1287 4871 1572 4941 nocentissimam
1586 4884 1718 4963 pestem
1733 4873 1871 4960 sugere,
1895 4885 1929 4940 et
1944 4874 2121 4964 suscipere

75 4981 199 5054 culum
225 5000 411 5071 nunquam
440 4975 579 5045 vidisti:
614 4976 755 5045 nullum
786 4976 880 5044 enirn
911 4999 1069 5069 unquam
1123 4970 1292 5044 honestos
1306 4973 1462 5054 labores,
1488 4974 1617 5067 quibus
1633 4986 1665 5043 et
1681 4974 1787 5044 uobis
1802 4998 1842 5042 ea
1858 4999 1950 5068 quae
1964 4976 2002 5044 in
2018 4977 2120 5047 omni

73 5096 170 5157 recte
198 5080 329 5150 factum
354 5092 456 5149 tuum
479 5078 651 5168 spectasti.
705 5075 797 5166 Quis
819 5077 885 5148 tibi
909 5077 1069 5168 improba
1122 5076 1195 5146 vita
1215 5076 1408 5145 necessaria
1433 5089 1531 5171 sunt,
1564 5099 1827 5168 comparemus,
1858 5093 1893 5148 et
1917 5079 2118 5150 societatem

75 5182 221 5260 credet?
251 5182 332 5276 quis
363 5178 479 5269 egenti
506 5180 605 5252 dabit
631 5178 793 5272 aliquid?
844 5177 937 5268 Quis
966 5202 1070 5248 sanae
1122 5200 1344 5248 communem
1368 5173 1554 5248 hominum
1577 5179 1751 5249 iuvemus.
1803 5177 1911 5269 Qtsod
1928 5180 1958 5250 si
1971 5182 2119 5261 facietis,

72 5287 202 5362 mentis
224 5282 348 5355 intuo
372 5277 481 5352 cboro
504 5304 577 5351 esse
598 5279 709 5352 velit?
747 5280 811 5351 ubi
833 5281 979 5352 iuvenes
999 5282 1070 5358 im·
1120 5279 1253 5350 favebit
1268 5280 1391 5350 vestris
1404 5280 1477 5348 illis
1493 5281 1674 5351 laboribus
1682 5277 1790 5368 Deus,
1816 5295 1850 5353 et
1865 5307 2006 5354 omnem
2022 5283 2117 5350 vitae

71 5391 193 5467 bacilli
221 5409 374 5481 corpore
396 5395 499 5468 sunt,
532 5408 631 5456 senes
652 5382 762 5470 latui,
793 5383 958 5478 quicum
981 5385 1070 5454 ado-
1120 5404 1263 5457 cursum
1280 5383 1490 5456 fortunabit
1556 5380 1690 5456 Contra
1712 5408 1772 5455 eos
1795 5385 1858 5478 qui
1879 5384 1971 5474 capti
1995 5406 2117 5455 amore
