4732 6030
129 338 201 412 401
281 359 286 367 ·

129 533 220 604 quae
243 509 393 598 affatim,
419 519 455 577 et
472 507 600 598 pleno,
627 512 723 602 quod
746 512 864 596 aiunt,
890 511 972 580 sinu
989 536 1030 581 ex
1053 505 1120 581 hoc

128 612 257 701 scripto
276 625 393 714 petere
411 610 595 701 possimus.
630 609 731 699 Quae
746 615 776 681 si
792 613 871 708 quis
884 613 1023 703 singula
1038 637 1119 684 ora·

127 715 224 782 tione
240 708 539 805 comprehendere
555 727 614 783 aut
631 737 837 785 enumerare
851 729 1017 786 conetur:

266 849 379 938 Libyci
397 857 472 917 velit
486 857 623 936 aequoris
638 853 720 916 idem
791 846 850 944 (ut
867 846 1038 937 Virgilius
1053 848 1117 942 att)

200 951 328 1035 Dicere,
356 977 446 1041 quam
460 960 573 1017 multae
587 953 732 1037 Zephyro
746 959 903 1019 turbentur
916 978 1032 1035 arenae,

200 1058 269 1121 Aut
284 1062 336 1120 ubi
351 1063 480 1140 narIgiis
494 1061 656 1120 violentior
669 1060 776 1121 incidit
788 1057 898 1137 Eurus,

201 1152 322 1240 Nosse,
349 1175 423 1244 quot
439 1159 518 1222 lonii
532 1166 653 1224 venient
667 1162 705 1222 ed
719 1166 821 1224 littora
835 1165 953 1224 fluctus.

124 1285 202 1378 Ego
225 1290 352 1380 igitur,
378 1303 418 1360 ut
438 1313 559 1360 verum
581 1291 710 1368 fatear,
733 1290 797 1360 etsi
814 1314 889 1359 non
911 1290 960 1362 ita
984 1288 1115 1359 oblitus

125 1413 204 1458 sum
220 1393 307 1477 mei,
333 1406 372 1463 ut
387 1387 454 1461 hoc
469 1387 557 1486 mihi
574 1414 711 1460 sumere
728 1393 859 1477 atrsim,
885 1417 941 1462 me
955 1392 1034 1460 illas
1058 1391 1115 1459 in·

125 1508 248 1585 gentes
271 1507 306 1565 et
327 1493 604 1563 innumerabiles
619 1489 801 1562 Homerici
825 1494 996 1586 poematis
1020 1493 1114 1562 divi-

125 1595 192 1664 tias
224 1619 346 1664 omnes
375 1619 517 1665 cernere
545 1609 606 1664 aut
637 1617 845 1684 cognoscere
873 1619 994 1687 posse,
1031 1618 1111 1663 curn

124 1689 219 1764 haud
241 1698 349 1767 dubie
371 1698 429 1766 vix
455 1697 602 1765 minima
621 1719 702 1786 pars
721 1721 842 1765 earum
863 1711 947 1767 nota
964 1710 1032 1776 est,
1060 1709 1114 1766 ta-

123 1820 205 1864 men
220 1791 288 1866 hoc
304 1798 407 1890 plane
420 1792 510 1866 mihi
526 1798 683 1866 accidere
697 1799 832 1880 sentio,
861 1813 918 1883 ut,
944 1800 1113 1892 quemad·

122 1901 270 1967 modurn
288 1901 348 1968 ille
363 1901 433 1983 ait,
458 1899 602 1992 inopem
618 1921 675 1967 me
693 1898 793 1989 copia
811 1898 927 1970 saciat.
985 1896 1114 1976 Multi-

122 1999 227 2088 plicia
250 2003 347 2068 enirn
373 2024 430 2067 me
453 1993 522 2067 hoc
544 2000 713 2088 scriptum
737 2000 932 2069 intuentem
953 1999 998 2069 ab
1013 1999 1113 2067 omni

123 2114 221 2189 parte
243 2102 342 2170 velut
365 2099 486 2169 divina
510 2099 679 2168 miracula
709 2101 953 2192 occurrentia,¹
980 2099 1113 2170 attoni-

124 2215 219 2285 tum,
244 2225 524 2294 suspensumque
548 2214 686 2286 tenent,
711 2214 751 2271 ut
767 2201 910 2271 difficile
926 2202 992 2287 sit,
1016 2202 1113 2271 unde

122 2301 303 2382 exordiar,
335 2302 449 2373 autin
467 2327 537 2394 quo
554 2302 732 2382 desinam,
767 2315 932 2375 statuere.
978 2301 1114 2372 Vereor

122 2403 237 2486 enim,
262 2429 306 2473 ne
322 2399 412 2472 mihi
429 2404 580 2486 accidat,
604 2405 698 2496 quod
723 2403 785 2483 iis,
812 2405 873 2497 qui
897 2428 935 2474 re
958 2406 1110 2474 multum

121 2528 161 2573 ac
188 2504 252 2574 diu
278 2506 471 2575 deliberata
499 2528 539 2573 ex
565 2504 700 2594 ingenti
725 2529 846 2574 rerum
873 2500 1108 2598 preciosarum

121 2630 244 2676 acervo
260 2622 351 2676 certa
369 2608 541 2700 quaedam
564 2600 731 2700 κειμήλια
752 2607 880 2697 eligere
894 2610 1045 2692 dehent,
1071 2601 1111 2674 hi

121 2731 204 2797 prae
220 2709 331 2777 nimia
345 2734 428 2778 cura
447 2723 481 2778 et
496 2707 719 2779 dubitatione
734 2731 990 2803 nonnunquam
1008 2711 1111 2777 deer-

14 2803 18 2809 ’
120 2825 250 2895 rantes,
275 2811 418 2903 optimis
433 2809 579 2892 relictis,
606 2810 723 2878 minus
740 2811 895 2899 preciosa
910 2823 1108 2881 secernunt.

121 2910 172 2984 lta
191 2934 254 3002 ego
272 2936 414 3005 quoque
429 2931 564 2990 vereor,
586 2932 632 2975 ne
650 2909 868 2991 melioribus,
893 2925 928 2980 et
943 2935 1033 3002 quae
1046 2911 1110 2982 alii

119 3014 266 3083 sortasse
291 3010 400 3097 magis
422 3007 662 3090 admirentur,
688 3009 905 3098 praeteritis,
931 3011 1106 3080 deteriora

118 3115 250 3201 legam:
283 3134 403 3177 verum
427 3120 507 3178 utut
528 3102 597 3176 hoc
619 3108 901 3178 animadversum
923 3111 1009 3196 erit,
1035 3135 1109 3181 non

119 3214 284 3305 equidem
311 3211 347 3277 in
371 3231 498 3300 magno
520 3232 614 3299 pono
638 3210 854 3280 discrimine.
905 3211 988 3282 Non
1012 3213 1107 3281 enirn

120 3336 176 3381 me
192 3313 299 3401 fugit,
326 3325 365 3380 ut
386 3309 496 3379 radiis
518 3310 693 3381 solaribus
708 3312 895 3382 oculorum
916 3314 1007 3383 acies
1026 3337 1108 3384 sen-

118 3436 247 3505 susque
260 3412 429 3495 vincitur,
455 3411 503 3480 ita
517 3412 653 3501 fulgore
670 3409 854 3483 Homerici
868 3416 1034 3486 carminis
1048 3416 1107 3484 in·
1215 3459 1221 3472 ·

117 3514 302 3603 geniorum
333 3512 442 3583 aciem
470 3513 681 3603 praestringi
707 3514 832 3586 solere.
889 3513 963 3586 Nos
987 3531 1105 3587 tamen

117 3616 214 3685 velut
246 3638 341 3684 mare
372 3615 530 3703 angustis
562 3614 689 3684 tistulis
721 3616 962 3703 includentes,
995 3642 1106 3709 pauca

117 3720 287 3809 quaedam
311 3720 355 3784 de
376 3741 414 3785 re
432 3715 569 3784 infinita
593 3715 816 3805 colligemus,
843 3732 877 3789 et
894 3741 983 3810 quae
1001 3719 1106 3790 nobis

117 3821 301 3910 praecipue
330 3818 536 3887 admiranda
565 3818 604 3885 in
633 3811 701 3886 hoc
727 3823 886 3907 poemate
910 3819 983 3890 visa
1011 3835 1105 3906 sont,

116 3921 263 4003 strictim
281 3945 319 3990 ac
336 3920 492 3990 breviter
507 3919 775 3990 recensebimus.

217 4053 270 4125 Ac
294 4055 450 4147 primurn
471 4053 615 4146 quidem
637 4053 688 4122 sic
708 4067 843 4137 statuo,
868 4055 1008 4123 nullum
1032 4077 1104 4123 un·

116 4180 221 4251 quam
252 4158 444 4248 scriptum,
477 4155 561 4224 inde
587 4178 741 4247 usquea
771 4156 924 4246 primurn
958 4156 1102 4224 condito

115 4260 219 4341 orbe,
242 4260 315 4327 ulla
340 4259 379 4325 in
394 4258 514 4348 lingua
531 4269 594 4326 aut
610 4257 773 4337 natione,
794 4259 839 4326 ab
854 4258 928 4325 ullo
943 4250 1100 4326 humano
1206 4309 1216 4326 .

116 4359 259 4449 ingenio
285 4360 419 4429 editum
449 4382 542 4443 esse,
584 4380 679 4427 sacra
708 4358 841 4452 ubique
870 4358 1041 4449 excipio,
1061 4358 1101 4427 in

114 4486 186 4554 quo
210 4463 266 4530 vel
295 4461 476 4532 doctrinae
500 4472 639 4529 tantum
667 4461 729 4544 sit,
760 4461 817 4535 vel
850 4460 1042 4549 elegantiae
1068 4473 1101 4529 et

115 4563 307 4632 suavitatis.
357 4562 537 4634 Audacem
559 4555 654 4628 hunc
680 4584 752 4630 esse
773 4584 991 4640 sermonem,
1024 4561 1101 4653 ple-

628 330 791 414 nuel.
827 333 904 410 DE
930 334 1214 414 PRAEFAT.
1246 334 1304 410 lN
1335 329 1656 414 HOMERUM.

2088 335 2165 412 toa

1173 507 1374 579 affectiones
1395 507 1570 593 ostendit,
1595 530 1668 578 non
1685 507 1798 577 dicam
1817 509 1861 578 de
1875 508 2066 580 reconditis
2087 508 2161 579 illis

1171 611 1300 695 literis,
1333 610 1464 704 quihus
1486 609 1621 704 ubique
1644 611 1789 701 plenum
1816 625 1851 680 et
1879 612 2075 683 consertum
2108 623 2161 681 est

1170 710 1400 783 Homericum
1415 719 1560 805 poe'ma,
1586 735 1659 780 non
1675 712 1769 779 enim
1792 706 1877 781 haec
1892 714 2060 803 temporis
2076 715 2159 784 hre-

1170 814 1259 885 vitas
1273 815 1411 905 singula
1428 838 1494 884 nos
1510 837 1688 884 recensere
1697 814 1848 904 patitur,
1874 815 1915 882 ad
1933 807 2020 884 haec
2037 827 2158 884 nostra

1171 929 1204 987 et
1231 917 1373 987 notiora
1397 914 1592 991 veniamus.
1656 913 1763 1003 Quod
1789 914 1884 984 enirn
1911 915 2040 985 dabitis
2065 910 2158 984 mihi

1168 1033 1390 1110 praeceptum
1406 1020 1449 1088 ad
1468 1041 1599 1101 mores,
1625 1019 1668 1087 ad
1688 1018 1794 1087 vitam
1811 1018 1901 1087 bene
1924 1042 1963 1087 ac
1984 1017 2158 1086 foeliciter

1169 1119 1440 1203 instituendam,
1466 1143 1623 1212 unquam
1646 1143 1664 1187 a
1689 1120 1775 1188 viris
1799 1121 2017 1209 sapientibus
2034 1119 2158 1210 prodi-

1167 1237 1261 1306 tum,
1286 1221 1386 1295 cuius
1408 1222 1543 1291 nonsit
1567 1220 1607 1288 in
1623 1218 1779 1290 Homero
1797 1221 1941 1314 aliquod
1958 1223 2156 1309 speciosum

1166 1336 1200 1393 et
1216 1322 1353 1392 illustre
1369 1321 1594 1415 exemplum?
1622 1319 1729 1409 Quod
1747 1323 1785 1389 in
1804 1324 1874 1391 vita
1894 1322 2068 1407 officium,
2094 1336 2156 1393 aut

1166 1426 1263 1517 quod
1280 1424 1427 1494 omnino
1451 1426 1655 1513 negocium,
1682 1423 1782 1493 cuius
1804 1425 1933 1493 nonin
1955 1429 2079 1492 eodem
2094 1449 2156 1493 ex-

1168 1548 1282 1616 presse
1304 1525 1350 1596 sit
1373 1526 1515 1616 imago?
1555 1525 1718 1618 Suntque
1738 1527 1782 1594 de
1804 1527 1971 1596 omnibus
1990 1526 2096 1597 rebus
2120 1538 2154 1596 et

1166 1627 1318 1717 negociis
1345 1628 1593 1718 cogitationes,
1627 1649 1717 1722 quae
1741 1626 1885 1720 quidem
1907 1628 1953 1696 ab
1980 1626 2054 1696 ulla
2083 1621 2155 1696 hu-

1165 1753 1268 1797 mana
1284 1744 1401 1799 mente
1419 1730 1558 1822 concipi
1573 1743 1732 1821 possunt,
1759 1723 2046 1808 humanissimae,
2072 1729 2156 1798 dul-

1164 1830 1321 1898 cissimae
1362 1844 1398 1900 et
1436 1831 1542 1900 simul
1580 1830 1868 1920 sapientissimae.
1920 1829 2027 1919 vQuid
2058 1829 2154 1899 enim

1165 1930 1325 2015 suavius,
1351 1945 1412 2002 aut
1429 1933 1540 2020 magis
1561 1925 1700 2025 ἠθικὸν
1718 1930 1881 2020 cogitari,
1906 1933 1992 2025 quid
2010 1931 2152 2020 gravius

1165 2035 1303 2100 moneri
1327 2045 1459 2123 potest,
1494 2056 1600 2126 quam
1623 2033 1718 2125 quod
1744 2033 1819 2125 ipse
1842 2034 1978 2126 aliquot
2007 2032 2095 2102 locis
2115 2031 2154 2101 in

1163 2157 1227 2204 suo
1244 2135 1418 2234 poc'mate,
1439 2135 1494 2218 iis,
1513 2135 1575 2228 qui
1589 2158 1653 2203 nec
1667 2134 1797 2215 iniusta
1815 2136 1858 2204 de
1874 2158 1976 2206 causa
1993 2135 2155 2203 irascun-

1163 2249 1240 2319 tur,
1266 2237 1444 2321 decantat,
1471 2232 1613 2329 ἀμείνω
1635 2231 1673 2308 d’
1690 2235 1821 2328 αἴσιμα
1843 2229 1983 2324 πάντα,
2008 2229 2155 2321 hocest,

1163 2338 1424 2421 moderatione,
1459 2339 1694 2430 placabilitate
1716 2352 1751 2407 et
1779 2339 1964 2409 elementia
1985 2336 2153 2408 omnibus

1163 2439 1201 2506 in
1218 2440 1323 2508 rebus
1341 2434 1432 2508 nihil
1450 2441 1575 2507 melius
1594 2439 1692 2508 esse?
1743 2437 1840 2527 Quid
1856 2440 1983 2510 iustius
1999 2452 2059 2508 aut
2082 2433 2153 2509 hu-

1162 2541 1300 2609 manius
1323 2540 1385 2611 illa
1409 2565 1493 2610 voce
1511 2537 1696 2610 Diomedis
1719 2540 1757 2607 in
1777 2539 1813 2612 9.
1831 2537 1982 2620 lliados,
2009 2539 2045 2607 in
2065 2563 2153 2607 con-

1161 2640 1244 2709 cilio
1264 2641 1363 2711 illam
1389 2642 1538 2733 primam
1563 2639 1673 2732 legem
1695 2640 1847 2725 sanciri,
1879 2653 1920 2711 ut
1944 2641 1988 2711 sit
2007 2639 2152 2709 libertas

1161 2743 1321 2826 dicendi,
1360 2756 1394 2812 ct
1427 2744 1595 2835 patientia
1630 2742 1825 2813 audiendi?
1874 2740 1956 2811 Non
1990 2741 2152 2819 videmus

1161 2868 1267 2937 quam
1289 2839 1358 2914 hoc
1383 2845 1539 2915 seculum
1562 2844 1661 2914 nulla
1678 2869 1715 2914 re
1733 2843 1844 2932 magis
1860 2844 2019 2927 laborat,
2044 2866 2151 2936 quarn

1160 2947 1257 3039 quod
1276 2948 1518 3042 potentiorum
1542 2970 1645 3043 aures
1662 2971 1736 3015 non
1758 2946 1865 3016 modo
1884 2945 2043 3035 linguam
2060 2945 2152 3013 lihe-

1160 3071 1255 3127 ram,
1288 3050 1418 3116 sedne
1445 3041 1691 3133 cogitationem
1716 3047 1861 3140 quidem
1884 3045 2056 3117 libertatis
2076 3070 2151 3116 me·

1158 3171 1293 3216 morem
1329 3147 1421 3217 ferre
1455 3149 1626 3240 possunt?
1678 3146 1778 3239 Quid
1812 3148 1924 3237 magis
1956 3142 2151 3233 heroicum,

1159 3272 1265 3341 quam
1282 3251 1377 3342 quod
1394 3246 1528 3321 Hector
1544 3251 1609 3320 ait:

1284 3379 1328 3455 sle
1349 3378 1460 3458 οἰωνὸς
1475 3377 1610 3466 ἄριστος
1630 3376 1816 3461 ἀμύνασθαι
1838 3379 1907 3464 περὶ
1928 3375 2059 3465 πάτρας.

1156 3524 1270 3572 unrrm
1293 3501 1488 3594 auspicium
1504 3501 1787 3582 foelicissimum,
1814 3501 1954 3571 fortiter
1967 3502 2149 3594 depugna·

1157 3627 1216 3684 re,
1241 3618 1274 3673 et
1297 3598 1444 3673 honeste
1461 3603 1585 3674 cadere
1606 3627 1672 3694 pro
1686 3604 1822 3696 patria?
1872 3600 1989 3689 Quam
2006 3592 2155 3675 senten-⁸

1157 3706 1243 3773 tiam
1269 3704 1299 3772 si
1324 3706 1371 3774 ob
1394 3705 1516 3774 oculos
1539 3716 1571 3773 et
1593 3704 1631 3772 in
1648 3705 1778 3774 animis
1795 3704 1960 3794 scriptam
1975 3699 2043 3774 hoc
2058 3719 2148 3775 tem-

1156 3828 1243 3896 pore
1265 3803 1447 3893 Principes
1471 3798 1663 3885 haberent,
1690 3830 1763 3874 non
1783 3806 1991 3872 vidissemus
2010 3803 2146 3872 Turres

1157 3906 1260 3976 toties
1284 3903 1353 3974 iam
1378 3901 1593 3973 Germaniae
1615 3917 1650 3972 et
1670 3901 1873 3974 Christiano
1895 3903 1976 3971 orbi
2001 3904 2050 3974 ita
2077 3906 2146 3973 im-

1156 4027 1252 4099 pune
1261 4003 1494 4098 insultantes,
1519 4028 1585 4073 nec
1603 4027 1725 4073 eorum
1749 4006 1941 4075 adventum
1957 4006 2045 4076 adeo
2064 4030 2145 4097 per-

1156 4102 1447 4176 horrescet-emus.
1493 4102 1590 4195 Quid
1607 4105 1784 4193 divinius,
1810 4131 1916 4200 quam
1932 4109 2028 4200 quod
2043 4132 2145 4200 prae-

1154 4220 1291 4277 matura
1308 4219 1421 4301 morte
1447 4219 1481 4276 et
1504 4208 1599 4279 inter
1621 4208 1753 4299 primos
1770 4212 1895 4279 cadere
1911 4233 1992 4280 eum
2009 4210 2143 4296 scribit,

1155 4334 1216 4404 qur
1240 4308 1490 4379 nutricationis
1511 4311 1658 4400 gratiam
1679 4312 1887 4402 parentibus
1909 4335 1985 4381 non
2006 4312 2143 4403 persol-
2174 4303 2176 4307 ’

1153 4411 1276 4482 verat?
1328 4409 1434 4481 ltem:

1196 4538 1252 4606 cdx
1271 4536 1368 4628 ἀρετᾷ
1388 4538 1469 4604 κακὰ
1490 4537 1564 4626 i‘pyo
1585 4539 1698 4625 κιχάνει
1720 4540 1759 4625 δὴ
1783 4542 1834 4606 καὶ
1855 4539 1979 4627 βραδὺς
2000 4538 2084 4607 dude.

114 4688 272 4758 numque
293 4664 447 4732 invidiae
471 4686 544 4729 non
569 4661 710 4748 ignoro:
736 4665 797 4732 sed
821 4664 914 4732 idem
937 4687 1012 4732 non
1034 4665 1102 4731 du·
1152 4665 1189 4737 id
1209 4678 1270 4750 est,
1292 4686 1364 4731 non
1381 4664 1565 4752 pervenire
1579 4666 1622 4733 ad
1638 4665 1786 4754 frugem,
1807 4689 1870 4733 nec
1886 4665 2045 4734 loelicern
2061 4687 2141 4734 suc·

112 4767 210 4851 bito,
236 4766 324 4859 quin
344 4763 536 4834 liberaliter
556 4762 716 4832 instituta
737 4764 897 4854 ingenia,
924 4764 1101 4857 etquibus
1153 4791 1287 4837 cessum
1316 4763 1435 4833 sortiri
1468 4765 1672 4850 malefacta,
1704 4779 1740 4834 et
1773 4765 1888 4834 virum
1922 4765 2141 4858 improbum,

112 4871 221 4937 modo
247 4866 388 4949 leviter,
414 4889 452 4935 ac
474 4863 709 4956 prirnoribus,
734 4868 830 4958 quod
853 4867 970 4952 aiunt,
997 4865 1100 4934 labiis
1153 4866 1380 4963 quantumvis
1397 4866 1563 4952 celerem,
1589 4868 1682 4939 etad
1705 4866 1899 4935 fallendum
1917 4866 2141 4952 instructum,

112 4984 165 5038 est
182 4972 384 5058 degustatus
399 4964 594 5051 Homerus,
619 4959 844 5037 vehementer
865 4969 904 5035 in
923 4963 991 5037 hoc
1011 4962 1100 5036 mihi
1152 4962 1370 5060 deprehendi
1400 4981 1517 5037 tamen
1544 4982 1578 5037 et
1602 4968 1746 5060 quidem
1781 4968 1966 5044 aclaudo.
2016 4968 2140 5063 Neque

112 5072 362 5142 assentiantur.
413 5067 503 5137 Nam
521 5082 560 5137 ut
583 5090 679 5136 nunc
701 5089 774 5135 non
791 5069 904 5137 dicam
921 5071 965 5138 de
980 5093 1018 5138 ea
1035 5070 1101 5138 do-
1152 5071 1302 5141 dubium
1328 5082 1397 5153 est,
1431 5069 1517 5162 quin
1541 5063 1608 5139 hoc
1631 5093 1741 5159 genus
1763 5070 1956 5141 sententiae
1982 5070 2139 5162 primurn

112 5171 246 5255 ctrina,
266 5195 356 5263 quae
371 5193 488 5238 rerum
507 5182 669 5238 naturam
687 5168 859 5254 continet,
880 5194 969 5263 quae
986 5172 1101 5240 eoele-
1152 5197 1172 5242 a
1194 5170 1323 5240 sanctis
1340 5171 1501 5263 patribus
1525 5171 1700 5262 proditae,
1723 5183 1757 5240 et
1772 5174 1817 5240 ad
1834 5186 1991 5265 posteros
2008 5195 2138 5264 propa-

114 5275 219 5342 stinm
243 5272 384 5342 orbium
406 5274 641 5364 syderumque
662 5271 773 5355 vices,
808 5286 907 5340 ortus
926 5287 960 5343 ct
981 5274 1100 5342 obitus
1152 5290 1250 5364 gatae
1272 5270 1360 5358 sint3
1386 5272 1514 5342 deinde
1536 5273 1582 5342 ab
1603 5274 1683 5342 aliis
1700 5275 1743 5341 ad
1763 5275 1852 5344 alios
1873 5297 2031 5345 successu
2048 5287 2137 5342 tern-

113 5377 242 5456 tradit,
278 5399 367 5468 quac
389 5386 642 5463 temperaturae
666 5368 813 5442 humani
838 5373 997 5464 corporis
1019 5369 1101 5443 har·
1153 5398 1291 5468 porum,
1315 5374 1413 5444 velut
1427 5397 1489 5467 per
1503 5397 1629 5445 manus
1646 5374 1807 5460 traditae,
1833 5380 1875 5445 ad
1894 5376 1980 5446 tales
1993 5373 2134 5444 tandem

113 5480 290 5562 moniam,
340 5475 580 5544 membrorum
614 5469 870 5570 συμμετρίαν,
916 5476 1100 5567 variasque
1153 5477 1249 5548 viros
1274 5475 1580 5570 permaneremus,
1609 5477 1786 5572 aquibus
1811 5473 1867 5547 his
1898 5474 2138 5545 monumentis

163 5585 341 5650 biscaran.
367 5582 472 5652 Orata.
498 5568 581 5649 Vct..
610 5570 676 5648 Xl.
1478 5577 1528 5649 26
