4732 6030
163 335 237 415 941
719 323 879 402 raca.
914 323 989 403 aa
1021 315 1335 402 nocemur
1368 274 1644 420 aaaron
2118 331 2193 408 eae

163 511 311 580 brorum
335 492 488 598 positus,
513 497 742 586 substantias,
776 500 961 594 qualitates
986 513 1021 572 et
1043 498 1157 569 officia
1205 492 1371 566 Humana
1389 518 1487 566 mens
1500 497 1656 586 agnoscit
1672 488 1782 566 artem
1799 510 1834 570 et
1848 495 2031 590 opificem,
2050 514 2084 572 et
2097 503 2193 575 videt

164 609 268 693 scire,
281 631 322 678 ac
336 608 537 688 observare,
554 626 645 697 quae
661 602 791 696 quibus
804 603 992 673 foveantur
1005 615 1067 671 aut
1083 601 1157 670 lae-
1204 597 1244 664 in
1254 599 1367 689 seipsa
1383 598 1681 688 expressissimum
1698 599 1829 670 deDeo
1846 602 2087 672 testimonium
2097 607 2192 675 noti-

135 712 306 787 ,dantun
356 705 455 777 Haec
482 703 808 798 quantulacumque
831 704 986 793 cognitio
1012 703 1156 794 prodest
1205 697 1276 768 cias
1291 722 1519 769 numerorum
1536 714 1568 770 et
1584 701 1737 785 ordinis,
1760 703 1949 771 discrimen
1963 699 2190 777 honestarum

163 813 208 882 ad
224 811 388 881 vitandos
407 807 540 877 multos
555 807 716 889 morbos,
742 828 845 896 saepe
864 805 968 876 etiam
995 800 1156 895 philoso-
1204 814 1239 868 et
1268 800 1425 890 turpium
1459 802 1656 887 actionum,
1696 826 1786 895 quae
1814 804 1852 871 in
1883 818 2000 875 mente
2032 800 2187 877 humana

161 908 266 1005 phica
280 909 462 998 diligentia
480 907 610 998 depelli
627 922 777 998 possunt
791 930 915 976 recens
938 908 1012 976 nati
1038 905 1155 975 morbi
1204 900 1305 993 quasi
1320 915 1460 972 aeterno
1475 918 1574 992 septo
1590 904 1775 973 distinctae
1789 919 1883 977 sunt.
1934 903 2007 977 Res
2031 908 2117 977 tales
2139 909 2188 979 ita

161 1027 352 1104 antequam
368 1011 615 1091 confirmatur,
641 1009 771 1100 quibus
787 1021 908 1099 postea
932 1008 1060 1077 medici
1077 1009 1155 1076 fru-
1204 1025 1285 1071 casu
1300 1027 1340 1071 ex
1356 1006 1481 1072 atomis
1496 1005 1664 1074 conflatas
1680 1029 1752 1075 esse
1767 1005 1986 1094 impossibile
2003 1021 2064 1082 est.
2115 1009 2188 1078 lta-

161 1131 233 1188 stra
250 1109 461 1181 adhiberent
477 1110 640 1178 remedia.
693 1108 734 1178 ld
752 1109 826 1178 lieri
843 1133 917 1178 non
932 1121 1062 1200 potest,
1084 1108 1154 1176 nisi
1204 1127 1274 1195 que
1307 1125 1408 1194 saepe
1437 1106 1536 1197 quasi
1561 1107 1704 1174 intuens
1728 1104 1930 1189 hominem,
1964 1111 2060 1179 etin
2083 1110 2187 1180 nobis

161 1213 322 1304 corporis
352 1209 502 1281 humani
530 1209 728 1280 aedificium
750 1210 870 1303 aliquo
896 1213 1004 1281 modo
1027 1224 1153 1280 notum
1203 1205 1289 1296 ipsis
1309 1200 1395 1275 haec
1417 1206 1560 1294 vestigia
1586 1208 1656 1277 Dei
1678 1209 1847 1292 lustrans,
1879 1206 2087 1280 cohorresco
2111 1225 2185 1282 toto

160 1317 220 1389 sit.
271 1313 383 1405 Saepe
408 1313 446 1382 in
471 1313 597 1382 subitis
618 1311 786 1401 periculis
808 1311 944 1381 orificio
965 1310 1153 1381 ventriculi
1203 1328 1372 1397 corpore,
1398 1331 1438 1376 ac
1453 1308 1555 1376 doleo
1573 1322 1705 1380 tantam
1720 1309 1790 1378 Dei
1807 1310 2060 1398 neglectionem
2082 1314 2187 1383 nobis

161 1415 328 1487 accidunt
344 1414 547 1494 accidentia,
573 1437 663 1506 quae
678 1413 716 1480 in
734 1427 892 1504 tempore
907 1414 1151 1482 animadversa
1202 1407 1389 1498 obrepere,
1427 1432 1506 1477 curn
1544 1422 1614 1477 tam
1646 1410 1828 1500 perspicua
1863 1427 1896 1480 et
1923 1437 1996 1481 non
2027 1414 2187 1486 fallentia

162 1518 265 1589 facile
294 1516 404 1587 arceri
435 1528 601 1608 possunt,
641 1515 799 1605 neglecta
827 1538 911 1601 vero
941 1537 1061 1584 necem
1088 1514 1153 1583 ad·
1201 1509 1403 1579 testimonia
1421 1511 1466 1579 de
1487 1532 1560 1579 sese
1576 1511 1680 1579 nobis
1697 1513 1927 1600 impresserit,
1951 1516 2012 1584 sed
2033 1516 2187 1585 assensio

162 1620 294 1690 ferunt,
1201 1611 1246 1678 de
1275 1610 1499 1701 providentia
1526 1612 1661 1681 firmior
1687 1626 1795 1695 esset,
1829 1626 1861 1681 et
1884 1617 2079 1685 reverentia
2105 1639 2185 1706 erga

265 1716 332 1789 Est
362 1732 478 1789 autem
510 1715 717 1809 manifestus
748 1717 867 1803 furor,
913 1741 987 1788 non
1017 1714 1152 1787 moveri
1199 1707 1317 1779 Deum
1340 1713 1475 1796 maior,
1506 1712 1536 1779 si
1559 1735 1661 1803 saepe
1689 1725 1722 1782 et
1743 1726 1873 1783 attente
1897 1709 1964 1783 hoc
1989 1717 2187 1787 aedilicium

162 1846 246 1893 cura
266 1821 416 1891 tuendae
432 1819 525 1887 vitae
548 1833 583 1889 et
607 1819 838 1899 valetudinis,
865 1844 971 1911 quam
994 1833 1028 1888 et
1050 1841 1153 1908 prae-
1200 1812 1443 1901 aspiceremus.
1503 1810 1578 1881 lam
1603 1827 1735 1904 quanto
1762 1809 1830 1881 hoc
1857 1815 2103 1887 admirabilius
2125 1833 2188 1902 est,

161 1923 248 2014 cipit
271 1919 368 1991 Deus
390 1932 426 1991 et
452 1919 607 1991 adiuvat.
663 1919 749 1990 Vult
772 1920 867 1989 enim
889 1933 924 1989 et
945 1943 1019 1989 esse
1043 1941 1153 2008 genus
1201 1914 1296 2006 quod
1312 1934 1367 1982 res
1393 1913 1647 1983 diversissimas
1670 1914 1709 1981 in
1731 1909 1895 1999 homine,
1922 1919 2021 2008 quasi
2047 1920 2085 1985 in
2108 1944 2188 2008 par-

160 2020 358 2095 humanum
377 2034 412 2092 et
429 2020 467 2089 in
483 2015 550 2091 hac
565 2021 709 2089 mortali
726 2021 798 2091 vita
815 2021 1017 2112 praeparari
1035 2016 1153 2089 homi·
1199 2039 1284 2084 vum
1313 2016 1488 2085 mundum
1517 2015 1661 2086 inclusit
1688 2011 1916 2099 architectus,
1964 2018 2118 2089 culinam
2155 2035 2189 2090 et

161 2147 225 2194 nes
240 2124 285 2193 ad
301 2135 478 2192 aeternam
494 2117 836 2192 coelestisEcclesiae
849 2120 1152 2197 consuetudinem.
1200 2131 1365 2192 mentem.

159 2223 235 2297 Nec
256 2224 373 2294 subito
401 2223 478 2295 vult
503 2223 660 2313 extingui
684 2244 827 2308 omnes,
861 2227 921 2295 sed
948 2226 1152 2318 superstites
1299 2218 1390 2291 Cum
1407 2216 1515 2291 homo
1531 2220 1695 2290 conditus
1708 2219 1754 2290 sit
1770 2223 1814 2289 ad
1833 2221 2021 2312 imaginem
2039 2236 2073 2292 et
2097 2223 2189 2292 cele·

163 2349 238 2396 esse
254 2325 391 2418 aliquos
408 2338 553 2416 propter
569 2325 751 2396 iuniorum
768 2329 1023 2414 educationem,
1048 2326 1151 2397 insti·
1200 2322 1399 2391 brationem
1415 2320 1501 2402 Dei,
1528 2337 1562 2393 et
1579 2335 1619 2392 ut
1633 2324 1773 2392 fruatur
1788 2324 1863 2394 eius
1885 2324 2057 2414 sapientia
2074 2337 2107 2392 et
2123 2326 2190 2393 bo-

162 2428 359 2510 tutionem,
387 2428 636 2497 defensionem·
649 2441 683 2496 et
701 2428 1006 2516 gubernationem.
1056 2426 1153 2522 Haec
1200 2424 1309 2493 nitate
1329 2424 1367 2492 in
1390 2425 1489 2492 omni
1512 2425 1735 2507 aeternitate,
1773 2424 1858 2515 quid
1883 2448 1971 2517 opus
1993 2438 2043 2494 est
2058 2425 2188 2509 culina,

159 2525 230 2600 Dei
245 2529 409 2598 voluntas
424 2552 526 2618 saepe
545 2529 800 2598 corasideranda
822 2542 914 2614 erat,
940 2543 975 2600 et
998 2542 1038 2601 ut
1059 2531 1152 2600 vitae
1201 2548 1290 2617 quae
1308 2524 1375 2594 erit
1392 2525 1509 2594 ociosa
1527 2524 1565 2592 in
1582 2525 1643 2593 illa
1664 2539 1826 2594 aeternae
1841 2523 2019 2595 Ecclesiae
2040 2549 2189 2595 consue-

161 2653 271 2699 onera
287 2643 321 2699 et
337 2624 403 2699 hos
417 2652 621 2699 communes
637 2629 776 2697 labores
788 2629 908 2698 minus
921 2631 1067 2700 moleste
1081 2633 1152 2699 fer·
1201 2626 1337 2700 tudine.
1396 2625 1466 2697 Sed
1490 2622 1585 2695 haud
1612 2626 1721 2695 dubie
1742 2626 1832 2696 facta
1854 2640 1905 2696 est
1931 2623 2058 2696 harum
2079 2626 2188 2695 dissi-

160 2753 301 2812 remus,
342 2743 377 2799 et
401 2744 443 2800 ut
465 2724 551 2798 haec
574 2729 713 2818 fragilia
739 2753 886 2820 corpora
914 2732 1047 2801 maiore
1069 2732 1153 2800 dili·
1200 2727 1430 2797 millimarum
1456 2751 1575 2796 rerum
1598 2728 1796 2819 copulatio,
1833 2728 1971 2797 culinae
1992 2744 2026 2800 el
2049 2729 2189 2813 menti-t,

160 2832 277 2921 gentia
295 2845 438 2922 propter
454 2831 672 2899 voluntatem
688 2825 756 2896 Dei
777 2846 812 2900 et
828 2830 979 2899 aliorum
998 2833 1150 2903 necessi·
1201 2824 1292 2897 hanc
1306 2829 1418 2920 ipsam
1433 2830 1480 2899 ob
1495 2850 1653 2912 causam,
1679 2829 1761 2921 quia
1777 2825 1874 2896 Deus
1894 2831 1932 2897 in
1957 2825 2022 2899 hac
2050 2830 2120 2897 vita
2143 2831 2188 2897 il-

159 2945 266 3004 talem
286 2933 498 3000 foveremus.
1200 2930 1270 2999 lius
1292 2943 1456 3001 aeternae
1478 2931 1586 3014 lucis,
1626 2943 1661 2999 et
1682 2931 1774 2998 vitae
1795 2930 1895 3000 initia
1929 2933 2005 3001 vult
2035 2931 2190 3004 accendi.

263 3029 355 3101 Cum
377 3043 494 3098 autem
511 3039 594 3123 nota
612 3029 657 3097 sit
674 3022 760 3096 haec
779 3029 893 3121 prima
910 3028 1046 3100 utilitas
1062 3053 1150 3098 con·
1201 3030 1289 3099 Vult
1303 3054 1399 3099 nunc
1414 3054 1556 3122 quoque
1573 3053 1638 3099 nos
1652 3053 1725 3099 esse
1741 3054 1803 3099 sua
1819 3032 1969 3124 templa,
1992 3056 2098 3125 quane
2113 3046 2189 3102 stu-

160 3131 387 3202 siderationis
418 3123 567 3198 humani
597 3127 773 3220 corporis,
811 3133 938 3201 accedo
971 3132 1015 3199 ad
1052 3131 1150 3200 alias.
1199 3130 1258 3198 dia
1273 3130 1343 3200 sint
1360 3133 1581 3212 ardentiora,
1604 3155 1694 3224 quae
1711 3132 1802 3200 viam
1818 3133 1862 3201 ad
1879 3133 1956 3202 eius
1972 3132 2189 3222 agnitionem

160 3231 292 3305 Nutrix
307 3245 359 3302 est
376 3230 569 3299 multarum
592 3230 767 3301 virtutum
791 3227 878 3303 haec
897 3233 973 3323 ipsa
996 3232 1149 3324 aspectio
1199 3234 1410 3316 ostendunt,
1436 3246 1471 3302 et
1494 3233 1542 3303 sit
1561 3257 1643 3301 cura
1664 3232 1779 3301 maior
1803 3234 1946 3322 regendi
1970 3258 2105 3314 mores,
2138 3237 2188 3306 ita

160 3333 313 3407 aedificii
342 3332 534 3402 multarum
565 3331 603 3400 in
632 3331 737 3400 nobis
767 3334 936 3424 partium.
993 3328 1040 3402 Et
1065 3334 1148 3425 quia
1198 3346 1237 3402 ut
1262 3328 1349 3401 haec
1372 3334 1446 3423 ipsa
1462 3329 1530 3401 Dei
1551 3356 1619 3401 vox
1644 3356 1775 3402 sonans
1797 3333 1834 3400 in
1855 3336 1985 3404 nostris
2008 3337 2187 3406 mentibus

159 3436 276 3528 prima
290 3432 403 3504 virtus
420 3446 489 3517 est,
515 3432 649 3520 agnitio
667 3430 735 3524 Dei
757 3435 911 3523 opificis,
937 3434 1040 3504 valde
1061 3457 1148 3503 con·
1199 3432 1380 3523 praecipit.
1429 3431 1501 3505 Nec
1515 3447 1652 3503 tantum
1666 3434 1845 3502 convincit
1861 3457 1927 3503 nos
1940 3430 1998 3504 hic
2012 3437 2121 3521 ordo,
2148 3453 2187 3509 ut

159 3539 323 3608 firmatur
345 3534 507 3604 adsensio
530 3536 574 3601 de
598 3533 837 3623 providentia,
863 3558 943 3604 cum
966 3533 1149 3604 admiran-
1198 3556 1272 3602 esse
1294 3532 1408 3603 Deum
1436 3534 1538 3602 fateri
1564 3555 1751 3620 cogamur,
1787 3535 1846 3601 sed
1870 3535 1973 3604 etiam
1994 3538 2109 3629 qualis
2131 3538 2189 3625 sit,

158 3640 242 3709 dam
256 3651 366 3706 artem
384 3636 421 3704 in
439 3648 509 3706 tota
525 3632 756 3704 fabricatione
773 3628 930 3702 hominis
945 3633 1148 3703 considera·
1199 3645 1340 3714 monet,
1366 3644 1400 3700 et
1414 3630 1604 3722 imaginem
1622 3633 1889 3721 gubernationis
1906 3637 2048 3707 divinae
2064 3639 2101 3707 iu
2121 3666 2187 3709 no-

158 3760 259 3821 mus‚
290 3740 333 3808 de
357 3762 425 3830 qua
450 3759 524 3804 non
548 3748 677 3805 temere
698 3734 831 3804 dictum
857 3749 926 3814 est,
966 3729 1147 3804 hominem
1200 3733 1254 3802 bis
1280 3732 1571 3805 circumferimus.
1637 3731 1729 3806 'l'uta
1759 3737 1954 3829 antiquitas
1983 3734 2049 3808 hoc
2079 3744 2187 3809 modo

158 3863 233 3910 esse
250 3863 397 3931 parvum
418 3838 609 3917 mundum,
636 3835 719 3928 quia
741 3859 840 3904 mens
861 3836 977 3926 imago
993 3833 1061 3905 Dei
1084 3848 1149 3914 est,
1198 3833 1381 3904 distribuit
1401 3828 1557 3904 hominis
1578 3833 1689 3913 vires,
1729 3835 1819 3908 dixit
1844 3838 1882 3906 in
1905 3840 2010 3909 nobis
2041 3863 2114 3910 esse
2142 3838 2185 3913 cci

157 3942 336 4029 fastigium
350 3934 507 4009 hominis
523 3937 717 4016 cerebrum,
741 3935 842 4004 nervi
858 3950 892 4006 et
907 3938 1063 4028 spiritns,
1086 3936 1148 4028 qui
1199 3927 1443 4033 ἡγεμονικὸν,
1489 3930 1533 4006 τὸ
1570 3931 1756 4026 θυμικὸν,
1805 3933 1869 4009 καὶ
1896 3935 1940 4011 τὸ
1970 3939 2217 4033 damnanda·¹

159 4042 356 4130 gubernant
371 4062 494 4110 omnes
509 4037 685 4116 actiones,
709 4036 892 4106 coelestem
911 4054 1073 4109 naturam
1091 4059 1148 4106 re-
1197 4029 1420 4135 ἡγεμονικὸν
1435 4037 1595 4106 continet
1611 4036 1761 4107 noticias
1776 4041 1937 4111 rectrices
1953 4043 2057 4114 vitae.

158 4144 296 4212 ferunt:
322 4142 439 4212 culina
455 4141 601 4230 gignens
614 4139 840 4223 alimentum,
861 4152 974 4209 terrae
989 4155 1023 4212 et
1036 4160 1149 4232 aquae
1300 4133 1378 4206 Hae
1395 4161 1474 4206 cum
1490 4137 1691 4209 discernant
1706 4134 1852 4211 honesta
1869 4155 1902 4212 et
1920 4145 2049 4235 turpia,
2067 4157 2187 4213 osten-

161 4240 315 4314 similior
337 4254 400 4314 est.
464 4239 537 4311 Cor
559 4255 676 4311 autem
699 4241 796 4332 quod
822 4240 902 4310 funs
925 4255 977 4312 est
1000 4241 1091 4310 vitae
1114 4253 1149 4310 et
1197 4239 1288 4308 deant
1318 4238 1433 4333 qualis
1464 4238 1509 4308 sit
1532 4236 1647 4323 Deus,
1685 4241 1850 4313 videlicet
1872 4246 2030 4336 sapiens,
2071 4270 2186 4331 verax,

159 4343 292 4412 vivifici
315 4339 441 4410 caloris
465 4340 542 4411 Soli
564 4342 756 4413 rectissime
784 4343 939 4415 conferri
970 4341 1148 4412 existimo.
1198 4343 1331 4425 bonus,
1355 4340 1550 4425 beneficus,
1574 4340 1699 4426 iustus,
1724 4359 1849 4425 castus,
1873 4339 2055 4416 liberrime
2069 4371 2187 4434 agens,

158 4445 235 4516 Iam
250 4442 409 4532 singulae
424 4456 541 4532 partes
556 4444 602 4513 ita
619 4458 700 4536 apte
714 4442 924 4514 distributae
946 4458 1028 4514 sunt
1049 4441 1148 4528 locis,
1198 4441 1328 4512 vindex
1358 4442 1549 4526 scelerum,
1581 4442 1688 4511 talem
1720 4443 1953 4536 intelligimus
1985 4472 2059 4518 esse
2085 4448 2183 4516 illam

158 4561 196 4616 et
208 4544 396 4615 distinctae
410 4542 573 4627 materia,
598 4544 734 4631 liguris,
759 4544 1006 4638 qualitatibus,
1032 4557 1072 4616 ut
1087 4568 1148 4613 or·
1197 4543 1367 4636 optimam
1390 4558 1543 4614 mentem
1573 4537 1891 4636 architectaricem,
1925 4573 2015 4644 quae
2040 4549 2185 4642 quidem

158 4647 244 4719 dine
262 4670 302 4715 ac
328 4658 403 4715 arte
425 4643 699 4728 convincamur,
724 4639 815 4715 hanc
840 4670 959 4717 rerum
983 4663 1146 4718 naturam
1197 4660 1231 4716 et
1244 4667 1310 4714 nos
1323 4645 1401 4715 vult
1416 4668 1496 4712 cum
1513 4637 1704 4736 archetypo
1719 4670 1925 4738 congruere.

159 4769 383 4842 nequaquam
400 4768 482 4814 casu
506 4743 680 4828 extitisse,
704 4747 764 4812 sed
789 4771 861 4817 esse
881 4764 1033 4819 mentem
1061 4770 1148 4816 con·
1297 4740 1345 4816 Et
1365 4759 1405 4814 ut
1421 4744 1611 4813 discrimen
1633 4738 1701 4815 hoc
1724 4741 1951 4819 honestarum
1972 4764 2004 4820 et
2026 4750 2185 4843 turpium

158 4850 341 4933 ditricem,
368 4870 458 4940 quae
472 4848 517 4916 de
534 4870 607 4917 sese
619 4843 862 4916 testimouium
881 4867 998 4922 extare
1021 4851 1058 4918 in
1081 4842 1148 4915 ho·
1197 4846 1377 4915 actionum
1400 4845 1537 4916 firmius
1556 4859 1663 4930 esset,
1688 4849 1827 4920 addidit
1841 4845 2007 4943 θυμικὸν
2024 4852 2061 4920 in
2080 4858 2188 4924 corde

158 4952 295 5020 minum
315 4962 458 5034 natura,
486 4948 594 5042 idque
612 4972 631 5015 a
647 4945 751 5016 nobis
774 4953 914 5035 agnosci
939 4968 973 5024 et
996 4949 1148 5034 intelligi
1197 4961 1341 5018 aeterno
1356 4961 1389 5017 et
1405 4946 1619 5017 immutabili
1638 4949 1784 5031 ordine,
1809 4943 1950 5022 dolores
1969 4955 2125 5025 exitiales
2147 4957 2186 5024 in

158 5053 254 5122 velit.
282 5048 414 5120 Verum
429 5062 480 5120 est
495 5044 587 5118 hanc
604 5062 712 5119 totam
728 5045 1001 5137 pulcherrimam
1021 5051 1148 5122 muudi
1197 5051 1303 5118 corde
1332 5049 1564 5119 violationem
1594 5048 1810 5121 discriminis
1833 5053 1932 5125 illius
1960 5053 2187 5140 comitantur,

157 5149 379 5235 machinam,
404 5152 576 5239 templum
593 5149 662 5222 Dei
676 5171 767 5233 esse,
793 5164 828 5219 et
849 5150 1017 5243 impressa
1040 5151 1147 5223 vesti·
1197 5163 1235 5219 ut
1258 5163 1405 5220 naturae
1423 5149 1590 5221 extinctio
1614 5148 1786 5222 iudicium
1807 5151 1989 5226 architecti
2014 5159 2187 5232 ostendat.

158 5256 214 5344 gia
231 5249 410 5325 architecti
430 5254 551 5323 multis
565 5252 742 5343 partibus,
768 5254 828 5319 sed
848 5276 890 5320 eo
912 5257 1021 5344 magis
1038 5253 1146 5324 homo
1197 5249 1306 5321 Vides
1323 5252 1419 5322 enim
1437 5252 1475 5320 in
1493 5247 1639 5320 homine
1661 5253 1787 5344 pictam
1813 5281 1887 5327 esse
1907 5259 2058 5327 formam
2082 5258 2187 5327 iusti-

157 5359 329 5447 templum
346 5352 412 5424 Dei
433 5368 503 5439 est,
536 5355 618 5448 quia
643 5367 776 5424 caetera
798 5377 946 5444 corpora
971 5382 1050 5427 cum
1074 5355 1147 5424 sint
1196 5353 1288 5434 riae,
1314 5353 1494 5443 praelucet
1509 5353 1547 5421 in
1564 5348 1774 5451 ἡγεμονικῷ
1789 5373 1881 5428 recta
1900 5358 2050 5437 noticia,
2076 5371 2111 5427 et
2128 5384 2190 5428 co-

156 5457 234 5529 sine
263 5469 401 5541 mente,
444 5479 517 5528 non
545 5468 738 5547 agrioscunt
765 5470 876 5526 artem
908 5471 942 5528 et
972 5458 1145 5550 opificem.
1195 5478 1269 5523 mes
1291 5470 1342 5526 est
1367 5455 1492 5524 vindex
1514 5456 1743 5543 iustissimus,
1768 5472 1801 5528 et
1823 5459 2060 5551 implacabilis
2081 5461 2188 5532 dulor·
