4732 6030
108 184 117 199 ⁸
161 259 236 334 an
758 191 765 204 ’
892 233 1052 312 oues.
1094 233 1169 309 nu
1201 233 1469 315 auersus.
2128 239 2217 314 Μ,

164 430 272 503 ltem:
296 423 447 514 Propter
468 411 553 486 haec
572 413 671 483 venit
695 412 747 480 ira
759 408 827 481 Dei
843 433 949 501 super
973 420 1158 477 contuma-
1212 424 1265 480 tas
1288 411 1327 479 in
1345 412 1506 482 moribus
1526 427 1641 482 secuta
1662 412 1718 482 sit.
1770 409 1837 481 llis
1860 410 2071 484 tristissimis
2092 434 2222 482 exem-

167 555 237 604 ces.
287 525 355 598 His
379 518 666 592 oraculisomnes
688 512 974 596 commonefacti,
1000 510 1158 600 discipli·
1213 514 1281 605 plis
1311 514 1457 599 moniti,
1497 518 1654 586 modeste
1680 527 1716 587 et
1744 515 1803 606 pie
1831 516 2097 615 consideremus
2129 537 2220 585 vera

167 657 252 706 nam
267 642 461 700 statuamus
477 619 706 690 necessariam
723 640 814 700 esse,
839 628 873 684 et
889 615 1015 684 timore
1032 609 1098 681 Dei
1116 611 1159 679 ad
1214 615 1418 687 discrimina
1439 617 1576 706 legum,
1606 632 1641 690 et
1662 616 1845 689 videamus
1859 628 1948 709 quae
1969 616 2042 686 sint
2057 615 2221 704 divinae,

167 730 375 807 modestiam
391 723 531 795 animos
545 741 810 813 componamus.
849 714 1163 808 Hocquisacient,
1214 740 1304 809 quae
1333 713 1530 804 humanae,
1562 744 1601 788 ac
1626 719 1747 789 debita
1775 718 1973 788 reverentia
1997 741 2062 789 suo
2085 718 2221 791 ordine

168 834 208 908 hi
231 831 342 923 magis
366 816 548 918 magisque
577 822 799 910 intelligent,
832 832 1004 912 quantum
1026 818 1162 886 bonum
1214 819 1549 909 singulismemhris
1566 821 1755 893 tribuatur.
1802 818 1884 890 Non
1903 842 2045 912 possum
2061 822 2220 893 nuncin

168 940 214 1008 sit
234 937 289 1005 lex
303 932 381 1003 Dei.
400 952 491 1023 quae
516 940 550 996 ct
567 927 605 994 in
621 924 787 1013 decalogo
809 935 927 1005 sonat,
953 919 1044 989 etin
1062 941 1163 987 men·
1214 934 1311 992 tanta
1328 919 1456 992 horum
1472 924 1714 994 membrorum
1732 922 1967 1014 amplitudine
1985 924 2108 992 omnia
2133 949 2220 1016 per.

168 1041 265 1112 fibffl
280 1030 467 1105 hminum
484 1031 597 1112 lucei,
623 1038 714 1120 quae
733 1037 847 1095 [olum
866 1019 1164 1116 P⁰liticum0rdl·
1215 1023 1336 1116 sequi,
1376 1027 1436 1094 sed
1465 1026 1509 1094 de
1539 1024 1876 1095 luriscousultorum
1911 1024 2052 1116 scriptis
2085 1025 2216 1103 dicam,

168 1166 252 1214 nem
274 1138 456 1228 gubernat·
1215 1124 1357 1195 Horum
1392 1126 1564 1198 autoritas
1599 1141 1640 1197 ut
1673 1126 1785 1216 magis
1817 1126 1923 1199 etiam
1962 1127 2214 1219 conspiciatur,

271 1239 341 1311 Hic
363 1249 480 1307 autem
504 1233 592 1304 dicit
615 1230 761 1324 aliquis,
789 1226 890 1297 lateri
908 1250 945 1296 se
966 1226 1078 1313 legem
1096 1219 1164 1292 Dei
1217 1228 1316 1321 prius
1338 1231 1382 1298 de
1402 1228 1528 1300 officiis
1552 1228 1687 1322 politici
1710 1226 1980 1319 gubernatoris,
2005 1252 2067 1298 sen
2084 1232 2214 1301 summi

134 1381 136 1384 ·
170 1368 308 1418 summa
327 1336 522 1411 reverentia
538 1335 775 1404 venerandam
791 1352 878 1399 esse:
905 1342 939 1398 et
954 1326 1164 1418 sapientiam
1217 1330 1441 1420 magistratus
1467 1330 1595 1404 dicam.

171 1472 264 1526 esse,
305 1466 395 1537 quae
430 1439 567 1510 nullius
600 1450 780 1505 creaturae
813 1429 1096 1500 consideratione
1127 1427 1164 1495 in
1320 1431 1369 1504 Ut
1381 1428 1439 1503 hic
1454 1428 1715 1526 pulcherrimus
1731 1434 1833 1518 ordo,
1860 1431 1996 1523 positus
2011 1456 2217 1524 corporum¹

170 1548 271 1622 omni
299 1543 504 1615 aeternitate
533 1534 713 1609 exhauriri
744 1533 864 1626 possit.
925 1530 1023 1620 Quid
1049 1541 1165 1600 autem
1218 1534 1326 1617 coeli,
1350 1536 1461 1620 alitis,
1485 1547 1598 1604 tarrae
1612 1535 1842 1606 circumfusae
1861 1529 2024 1618 Oceano,
2049 1547 2085 1605 et
2100 1551 2216 1607 utor-

170 1653 233 1722 illa
263 1673 324 1718 seu
349 1644 607 1736 Imperatorum
638 1640 772 1718 edicta,
806 1659 866 1706 seu
891 1631 1059 1724 Ulpiani,
1094 1631 1165 1700 imo
1218 1640 1264 1706 do
1279 1651 1441 1708 motuum
1455 1638 1679 1723 coelestium,
1705 1638 1768 1730 qui
1783 1638 1876 1706 vices
1895 1649 2114 1727 temporum,
2141 1641 2218 1710 di„

170 1752 327 1832 Bartoli,
352 1745 478 1828 Baldi,
504 1758 538 1813 et
554 1742 723 1811 similium
741 1739 889 1808 callidae
904 1733 1167 1825 interpretatio·
1219 1753 1253 1809 et
1268 1753 1405 1825 noctes,
1430 1753 1577 1810 aestates
1600 1755 1633 1811 et
1656 1735 1799 1834 hyemes
1814 1738 1935 1824 elficit,
1961 1739 2037 1807 sine
2053 1740 2127 1810 ulla
2143 1745 2218 1811 du.

172 1879 235 1925 nes
249 1855 293 1922 ad
311 1852 421 1939 legem
437 1845 528 1917 Dei?
553 1842 628 1913 Cur
644 1843 778 1925 misces,
801 1839 949 1932 inquiet,
970 1860 1066 1906 sacra
1083 1859 1166 1927 pro·
1218 1841 1431 1912 himioma
1454 1837 1531 1912 Deo
1556 1842 1720 1912 conditu,
1742 1854 1793 1912 e„
1823 1855 1859 1911 ,t
1881 1854 2121 1910 conservatur:
2159 1844 2211 1914 ἦα

173 1952 326 2049 Phfflli?
357 1950 451 2021 ‘licei
470 1943 699 2018 Rhelffllfflffl
723 1946 899 2014 f⁰f²¹¹⁸⁰¹¹¹
924 1962 1016 2022 ⁰⁸⁸0,
1052 1937 1167 2032 qualis
1218 1955 1331 2013 totum
1353 1939 1449 2013 hunc
1470 1944 1633 2013 ordinem
1658 1944 1862 2035 politicum,
1893 1943 2014 2012 foedus
2039 1944 2211 2035 coniugii,

169 2059 278 2129 fuisse
304 2051 448 2126 Coracis
479 2063 513 2118 et
538 2046 674 2118 Ctesiae
701 2057 867 2114 narratur
897 2040 1167 2134 praestigiatrix,
1218 2045 1386 2137 imperia,
1418 2046 1646 2117 dominorum
1682 2046 1967 2129 distinctionem,
2000 2060 2216 2134 contractus,

173 2156 382 2239 ⁰³Vil¹³ffl¹=
400 2154 527 2223 ludens
543 2150 580 2218 5¹¹
591 2151 708 2219 verbis
722 2145 1013 2235 ambiguedlclit·
1040 2138 1076 2211 0
1092 2165 1166 2210 rem
1218 2147 1360 2231 iudicia,
1381 2171 1526 2240 poenas,
1539 2148 1719 2217 verissime
1733 2161 1865 2218 statuas
1881 2173 1901 2216 a
1917 2143 1993 2216 Deo
2011 2147 2214 2221 institutum

173 2261 338 2330 miseram
362 2270 396 2327 ct
412 2249 688 2345 deplorandam!
745 2247 969 2326 Vernmest‚
999 2242 1167 2334 resopti-
1220 2271 1309 2318 erse:
1347 2263 1381 2319 er
1407 2274 1610 2343 quanquam
1638 2250 1773 2319 diaboli
1800 2264 1834 2320 ,t
1859 2244 2048 2319 hominum
2076 2251 2216 2323 summ

173 2386 249 2434 mas
273 2358 375 2454 quasi
400 2355 549 2444 caligine
573 2354 726 2445 quadam
754 2362 881 2429 tectas,
916 2348 955 2416 in
987 2341 1052 2415 hec
1074 2349 1167 2414 vilae
1219 2375 1320 2444 saepe
1345 2376 1426 2422 eum
1452 2355 1619 2437 turbant,
1644 2368 1759 2422 tamen
1783 2352 1955 2421 immensa
1976 2354 2134 2425 bonitate
2147 2353 2215 2425 Dei

173 2462 382 2536 conlusione
399 2474 432 2529 et
448 2454 503 2526 his
519 2450 706 2525 hominum
722 2452 903 2523 erroribus
918 2463 952 2519 et
968 2448 1074 2537 vitiis,
1091 2470 1165 2515 non
1219 2454 1440 2539 conservari,
1473 2478 1518 2523 ne
1549 2468 1663 2527 rogum
1689 2476 1800 2543 gem„
1826 2449 2022 2524 humanum
2049 2457 2214 2527 summu⁸

172 2561 417 2660 propeaspici.
456 2558 558 2629 Bona
576 2570 610 2627 et
624 2555 788 2626 salutaris
801 2577 856 2622 res
874 2566 926 2622 est
942 2551 1066 2621 foedus
1081 2573 1167 2617 con·
1219 2557 1391 2628 deleatur.
1445 2554 1488 2624 ln
1502 2552 1714 2628 hacordine
1734 2581 1816 2626 cum
1837 2558 1966 2649 praesit
1983 2559 2215 2646 gubernator,

109 2692 113 2700 '
171 2665 452 2758 iutilsfflfflfflss
475 2674 569 2730 ⁶⁸fl0
593 2660 712 2730 ¹¹¹0d0·
764 2652 812 2727 El
833 2670 949 2725 lamen
972 2678 1051 2722 tum
1071 2651 1166 2742 Peri·
1219 2683 1281 2728 seu
1303 2659 1527 2749 magistratus
1551 2659 1717 2750 politicus
1743 2658 1969 2755 (nuncenim
1986 2660 2126 2730 dicode
2147 2684 2214 2749 gn.

173 2772 252 2842 cula
273 2781 307 2839 et
325 2787 515 2838 aerumnae
531 2786 604 2831 non
623 2784 753 2852 paucae
769 2759 804 2826 id
830 2779 939 2847 genus
951 2755 1043 2825 vitae
1057 2754 1168 2822 corni·
1218 2761 1427 2831 bemarione
1441 2757 1794 2858 propriassccqegiae)
1810 2763 1996 2854 praecipua
2012 2757 2119 2833 habet
2133 2763 2213 2833 offi-

174 2886 315 2955 teutur,
347 2867 489 2939 bonitas
512 2879 563 2935 est
583 2863 785 2944 obscurior,
818 2858 976 2930 etmulti
999 2870 1165 2948 tanquam
1219 2863 1271 2932 cin
1288 2876 1451 2955 quatuor,
1472 2886 1624 2955 quorum
1639 2863 2211 2956 ,ineulladubimioneprimum

172 2977 309 3047 tristem
326 2992 501 3041 carcerem
521 2965 725 3056 coniugium
740 2961 894 3052 fugiunt.
940 2957 992 3030 lta
1008 2981 1064 3028 res
1079 2959 1167 3027 aliae
1219 2979 1253 3036 et
1268 2988 1446 3035 summurn
1461 2977 1530 3050 est,
1554 2978 1594 3035 ut
1608 2980 1710 3035 sonet
1725 2966 1762 3037 in
1777 2990 1904 3057 genere
1916 2962 2070 3036 humano
2085 2990 2210 3036 vocem

172 3079 288 3146 bonae
303 3074 423 3142 minus
438 3083 632 3141 cernuntur
648 3082 723 3138 tum
741 3078 886 3158 propter
901 3057 1091 3131 hominum
1109 3061 1165 3129 in·
1218 3067 1396 3157 decalogi,
1421 3078 1456 3136 et
1476 3066 1541 3149 gig,
1568 3081 1608 3138 ut
1628 3048 1677 3138 if,
1700 3069 1833 3154 dicam,
1858 3094 1927 3139 vox
1949 3068 2034 3155 Dei,
2058 3068 2119 3163 qui
2133 3069 2210 3139 vult

173 3176 333 3257 scitiam,
364 3188 441 3243 tum
465 3185 608 3261 propter
624 3172 753 3238 abusus
776 3166 839 3259 qui
862 3166 1044 3235 accedunt.
1096 3162 1166 3234 Sed
1218 3192 1330 3259 genus
1362 3163 1561 3239 humanum
1594 3164 1740 3241 honesta
1773 3172 1963 3261 disciplina
1995 3172 2089 3262 regi,
2123 3194 2211 3264 quae

173 3290 336 3348 nostrum
365 3272 521 3341 osticium
552 3282 603 3338 est
633 3270 834 3338 iunioribus
864 3266 1037 3336 instillare
1068 3286 1167 3333 veras
1220 3283 1390 3360 congruat
1414 3274 1459 3341 ad
1479 3271 1591 3362 legem
1612 3285 1772 3353 naturae,
1799 3296 1890 3362 quac
1915 3286 1967 3342 est
1987 3296 2147 3364 expressa
2172 3274 2211 3343 in

174 3376 377 3456 sententias,
408 3387 443 3445 et
456 3395 592 3441 errores
610 3370 771 3438 eximere.
803 3366 857 3437 Ac
873 3369 985 3435 sciant
1000 3388 1166 3454 magnum
1220 3373 1406 3461 decalogo,
1446 3386 1486 3444 ιη
1512 3395 1633 3442 omn„
1659 3371 1788 3440 ,ffldffi
1814 3386 1962 3442 norunt.
2024 3373 2110 3444 Non
2136 3376 2212 3447 vult

173 3485 311 3553 bonum
333 3500 406 3549 esse
421 3476 467 3544 de
491 3474 596 3543 rebus
616 3470 820 3541 necessariis
835 3483 955 3539 tenere
971 3490 1070 3535 veras
1086 3490 1167 3535 sen·
1219 3473 1421 3567 Lycurgum
1451 3499 1515 3545 ,00
1538 3473 1682 3544 „giptio
1713 3472 1806 3562 lege,
1832 3474 1985 3543 condere
2014 3491 2213 3567 pugnam

173 3585 323 3666 tentias,
363 3602 451 3671 quae
484 3589 620 3647 mentes
654 3573 798 3644 flectant
830 3573 874 3640 ad
916 3569 1165 3639 celebrandum
1220 3600 1299 3645 cum
1326 3589 1468 3647 naturas
1494 3576 1610 3670 quatis
1628 3588 1680 3645 est
1702 3575 1777 3660 lex,
1800 3578 2212 3669 quaeconceditpacisci

171 3685 310 3768 Deum,
335 3683 377 3751 ad
395 3682 509 3750 bonos
525 3699 660 3761 mores,
684 3678 779 3746 etad
797 3673 1103 3766 tranquillitatem.
1219 3680 1264 3748 de
1277 3678 1423 3749 alterius
1434 3682 1595 3769 coniuge.
1645 3675 1727 3748 Non
1742 3679 1819 3748 vult
1834 3701 1895 3769 per
1907 3678 2033 3746 ludum
2058 3680 2211 3750 interfici

189 3821 194 3843 ι
278 3784 410 3855 Verum
426 3796 490 3866 est,
514 3777 720 3850 discrimina
734 3777 838 3866 Legis
855 3789 888 3845 et
904 3771 1100 3862 Evangelii,
1127 3796 1167 3843 ac
1218 3775 1403 3865 homines,
1427 3793 1467 3850 ut
1482 3780 1620 3853 Romae
1636 3781 1741 3850 liebat
1754 3779 1792 3848 in
1815 3780 1940 3870 pugnis
1954 3779 2181 3868 gladiatoriis.

173 3892 304 3963 deinde
320 3886 479 3957 iusticias
494 3896 656 3954 aeternae
667 3892 701 3949 et
717 3879 876 3950 iusticiae
890 3875 1066 3968 politicae,
1083 3875 1166 3945 item
1321 3881 1525 3953 Secundum
1542 3883 1698 3953 officium
1717 3895 1779 3952 err,
1831 3878 1924 3952 Cum
1939 3881 1993 3950 lex
2007 3879 2102 3949 [scite
2116 3904 2211 3950 con.

172 3997 291 4085 legum
307 3989 511 4058 divinarum
526 3997 560 4054 et
578 3978 839 4066 humanarum,
864 3979 1105 4069 cognoscenda
1133 3990 1167 4045 et
1220 3997 1400 4055 temnatur
1422 3986 1490 4054 nisi
1519 3999 1614 4055 metu
1638 4008 1831 4076 poenarum
1853 3984 1988 4053 munita
2005 3982 2069 4066 sit,
2094 3984 2214 4073 magi.

173 4089 482 4189 P¹⁰lllefssl⁰fiam
496 4082 715 4157 Delfflfflffl
733 4107 816 4155 ⁶⁰¹⁸
833 4083 964 4152 luenda
980 4104 1063 4150 0⁸⁵³·
1090 4077 1167 4149 Ho-
1219 4098 1349 4157 stratus
1371 4086 1417 4157 sit
1436 4101 1600 4157 executor
1619 4087 1794 4174 decalogi,
1818 4098 1973 4155 exerceat
1997 4082 2153 4169 iudicia,
2179 4100 2213 4157 et

171 4224 252 4270 rum
271 4215 440 4286 generum
456 4188 618 4260 confusio
641 4186 809 4255 omnibus
826 4183 1001 4255 aetatibus
1017 4206 1092 4251 non
1108 4205 1167 4253 so·
1218 4211 1337 4258 severe
1366 4189 1490 4280 puniat
1519 4204 1761 4278 contemptum
1791 4187 1886 4256 vocis
1909 4187 2066 4258 divinae.
2125 4183 2211 4258 Iden

171 4303 248 4370 lum
261 4318 398 4366 errores
412 4294 451 4360 in
465 4287 635 4370 Ecclesia,
658 4289 719 4357 sed
737 4289 841 4357 etiam
859 4285 1031 4356 tumultus
1045 4285 1084 4352 in
1098 4284 1167 4352 im·
1219 4290 1314 4360 enim
1335 4314 1469 4382 poenae
1492 4293 1530 4360 in
1555 4288 1620 4361 hac
1643 4291 1715 4360 vig,
1738 4289 1890 4359 ,antipae
1917 4294 2021 4373 sun-2,
2054 4288 2211 4380 primum

172 4400 281 4494 9²¹3ss
304 4393 450 4489 P⁰Pelll
502 4390 785 4463 &dividendum
808 4401 878 4472 0⁵12
903 4386 1166 4479 qull⁰t¹1³cui
1218 4392 1301 4486 quia
1326 4390 1516 4465 vultDeus
1540 4393 1691 4482 intelligi
1713 4391 1904 4462 discrimen
1930 4386 2161 4461 honestarum
2179 4403 2213 4461 et

171 4501 293 4596 generi
315 4495 529 4570 tribuendus
556 4490 613 4563 sit,
676 4487 770 4559 Ante
793 4512 907 4558 annos
928 4488 999 4556 fere
1022 4487 1165 4577 triginta
1218 4494 1377 4586 turpium
1392 4497 1583 4580 actionum,
1604 4496 1698 4587 quod
1716 4493 1856 4564 illustre
1868 4494 1909 4563 fit
1923 4516 2118 4584 poenarum
2134 4515 2212 4586 rpe-

170 4607 297 4696 vulgus
321 4599 482 4672 audierat
503 4595 597 4686 leges
619 4588 794 4663 humanas
810 4589 965 4660 discerni
986 4614 1006 4659 a
1022 4589 1165 4675 divinis,
1218 4596 1378 4667 craculis:
1400 4599 1530 4667 deinde
1543 4597 1657 4666 sancit
1670 4591 1735 4666 has
1751 4619 1893 4687 poenas,
1920 4595 2002 4688 quia
2020 4595 2137 4666 iustus
2153 4608 2213 4680 est,

170 4725 205 4779 et
226 4708 399 4802 quaedam
417 4700 549 4770 viriosa
567 4700 706 4769 decreta
728 4691 915 4764 hominurn
942 4715 1084 4784 prorsus
1101 4693 1165 4761 ab·
1217 4722 1299 4768 vere
1333 4699 1497 4771 irascitur
1531 4699 1733 4770 sceleribu,
1795 4697 1950 4790 vuum„
1982 4691 2046 4764 h„
2079 4720 2214 4789 pom

170 4811 251 4894 ilci,
289 4809 358 4879 ³¹5³
387 4828 471 4874 ΜΟ
498 4799 693 4873 extenuari·
747 4795 890 4868 Accidit
919 4811 1036 4866 autem
1067 4797 1162 4887 quod
1216 4801 1571 4871 commonefactiones
1597 4825 1671 4872 esse
1693 4803 1818 4871 desua
1842 4799 1991 4871 iusticia.
2045 4795 2215 4870 Consulit

168 4934 270 5002 saepe
293 4910 382 4980 solet
402 4906 491 4979 fieri.
552 4900 671 4975 Etiam
695 4927 774 4971 cum
801 4903 922 4970 dextra
949 4897 1165 4968 offerebatur
1215 4916 1251 4972 et
1273 4903 1349 4996 paci
1371 4903 1572 4987 communi,
1609 4928 1690 4974 cum
1712 4902 1883 4994 praecipit
1906 4901 1985 4971 tolli
2014 4915 2216 4992 grassantes

166 5011 349 5093 doctriua,
377 5023 494 5079 tameo
506 5007 668 5078 rudiores
684 5029 760 5074 eam
774 5003 917 5073 sinistre
931 5000 1161 5092 accipiebant.
1215 5006 1383 5076 adversus
1403 5005 1492 5076 alios
1517 5007 1628 5090 cives,
1654 5018 1688 5075 et
1710 5020 1807 5077 metu
1831 5027 2025 5096 poenarum
2045 5002 2141 5074 alios
2157 5029 2215 5076 co·

166 5114 277 5188 Multi
296 5133 419 5182 omues
440 5110 533 5197 leges
555 5104 729 5178 humanas
746 5105 857 5175 deleri
876 5104 1062 5186 volebant,
1088 5126 1162 5171 non
1215 5101 1362 5179 bercer-i,

165 5234 305 5292 tantum
323 5211 582 5294 ecclesiasticas,
600 5211 658 5279 sed
680 5210 785 5278 etiam
802 5202 867 5276 has
881 5205 1055 5297 politicas,
1072 5228 1162 5296 quae
1314 5206 1497 5280 Postremo
1512 5204 1579 5279 hae
1596 5221 1794 5302 praesentes
1808 5221 1845 5279 et
1858 5208 1984 5280 breves
2005 5232 2148 5300 poenae
2165 5225 2215 5283 re.

163 5334 293 5413 regunt
305 5314 467 5409 imperia.
522 5309 631 5382 Multi
649 5313 746 5403 quod
763 5309 874 5400 magis
888 5309 1081 5377 dolendum
1097 5319 1161 5391 est,
1211 5322 1351 5380 stantur
1377 5324 1508 5382 restare
1532 5312 1630 5383 aliud
1663 5311 1855 5389 iudicium,
1890 5311 1928 5379 in
1957 5335 2028 5404 quo
2055 5315 2216 5408 neqmti,

161 5423 390 5519 disciplinam
404 5416 606 5493 universam
622 5413 670 5485 ita
684 5412 859 5497 laxarunt,
879 5424 919 5484 ut
933 5433 1061 5501 magna
1074 5408 1159 5480 leri·
1211 5414 1452 5506 compensatio
1466 5414 1536 5486 fiet.
1587 5413 1683 5504 Quia
1697 5413 1828 5487 violata
1847 5426 1898 5484 est
1914 5413 2092 5487 immensa
2107 5417 2214 5489 boui·
