4732 6030
181 242 253 318 1s1
668 233 830 312 ouen.
864 236 938 312 nn
964 219 1200 312 srunus
1231 229 1731 312 anonuscuurutu
2034 252 2037 257 ¹
2143 253 2216 327 102

171 438 284 508 prope
298 412 402 484 etiam
414 413 627 505 probrosum
644 410 689 482 sit
702 413 796 502 apud
814 411 899 482 istos
914 411 1079 481 lurcones
1094 410 1167 481 dici
1216 405 1326 475 trium
1350 418 1386 475 et
1408 420 1648 497 pervetustum
1673 404 1946 480 Academiarum
1967 436 2122 505 morem,
2147 448 2212 496 nec

175 516 333 588 sobrium
350 516 538 587 etsiccum.
582 512 654 583 Sed
667 537 731 582 vos
747 514 868 585 audite
883 538 1003 582 vocem
1021 527 1166 583 naturae
1216 508 1294 577 sine
1318 508 1525 597 gravissimo
1550 509 1699 578 consilio
1727 535 1747 579 a
1775 512 1971 583 maioribus
2000 517 2232 613 institutum,-

175 618 326 709 optimae
344 617 514 708 parentis,
539 640 646 709 quam
662 615 721 685 isti
737 619 926 705 degeneres
940 615 1006 682 lilii
1021 617 1166 705 adsper-
1215 621 1420 679 revocatum
1437 635 1476 679 ac
1491 623 1668 680 retentum
1684 627 1862 703 cuperent.
1898 610 2210 704 Quemadmodum
2309 692 2312 698 .

170 730 323 803 uantur,
348 743 388 788 ea
402 742 465 788 vos
481 720 525 791 ad
542 716 766 787 sobrietatem
783 730 902 801 vocat,
923 730 1025 786 vocat
1040 720 1164 786 eodem
1213 711 1311 781 enim
1341 711 1479 802 primis.
1495 713 1567 781 illis
1597 706 1799 783 scholarum
1822 720 2028 806 parentibus
2052 748 2211 797 necessa-

169 820 369 892 etverbum
382 818 469 907 Dei,
493 819 649 889 invitant
670 819 831 889 omnium
856 821 1035 889 bonorum
1052 842 1163 889 acsa-
1211 813 1306 883 rium
1325 813 1439 882 visum
1462 828 1529 900 est,
1563 809 1649 884 baec
1678 816 1837 885 examina
1861 830 1895 887 et
1928 820 2087 893 discendi
2111 831 2210 899 ordi·
2241 868 2245 875 ·

167 946 299 993 norum
329 917 518 992 bominum
541 921 661 990 fidelia
681 932 787 1013 atque
801 921 1007 1011 gravissima
1028 922 1163 992 monita
1211 938 1293 984 nem
1315 915 1519 1002 instituere,
1553 917 1602 986 ita
1627 918 1739 986 nostri
1770 934 2011 1010 praeceptores
2038 921 2102 997 bas
2127 954 2208 1003 suas

170 1037 205 1095 et
228 1038 425 1116 praecepta.
485 1022 524 1095 Si
556 1045 639 1112 ergo
663 1022 765 1093 vobis
798 1024 899 1092 cordi
921 1035 974 1091 est
996 1024 1162 1094 valetudo
1212 1041 1284 1087 esse
1308 1031 1423 1108 partes
1446 1018 1713 1103 iudicaverunt,
1747 1044 1891 1111 operam
1909 1023 2011 1110 dare,
2046 1053 2091 1098 ne
2108 1037 2219 1124 quod'

165 1139 283 1197 vestra
300 1126 463 1218 stralus,
487 1148 593 1218 quam
613 1148 719 1194 nemo
739 1147 845 1195 sanae
864 1123 995 1195 mentis
1020 1146 1163 1217 compos
1209 1120 1278 1190 tale
1302 1119 1458 1187 exercitii
1484 1143 1594 1208 genus
1617 1121 1656 1188 in
1675 1116 1795 1191 schola
1816 1125 2092 1216 desideraretur,
2119 1147 2153 1203 et
2172 1137 2204 1205 si

166 1252 330 1322 unquam
360 1222 616 1320 proiiciendam
646 1225 802 1310 censuit,
837 1226 868 1297 si
896 1226 1013 1296 studia
1034 1240 1161 1312 vestra,
1209 1221 1353 1314 quidex
1371 1216 1486 1290 laisad
1511 1233 1646 1311 tempus
1662 1223 1865 1314 prolapsum
1880 1240 1941 1297 aut
1960 1229 2201 1306 intermissum

167 1354 260 1424 quae
276 1352 360 1399 sane
376 1332 506 1401 debent
520 1351 594 1399 esse
609 1329 800 1414 carissima,
825 1328 855 1398 si
872 1329 985 1399 virtus
1000 1341 1034 1401 et
1047 1323 1161 1399 bone-
1207 1324 1318 1407 foret,
1350 1335 1391 1393 ut
1415 1322 1453 1391 id
1482 1345 1623 1392 rursum
1652 1325 1925 1413 instauraretur,
1964 1344 1998 1401 ct
2027 1350 2201 1427 quantum

167 1445 256 1516 stas,
279 1432 307 1500 si
329 1432 483 1525 denique
502 1430 613 1522 pietas
637 1454 678 1500 ac
701 1431 795 1501 salus
810 1431 1009 1502 animarum
1024 1436 1161 1501 vestra·
1208 1425 1284 1494 eins
1299 1424 1375 1493 fieri
1390 1438 1524 1516 posset,
1545 1438 1823 1501 conservaretur.
1876 1429 2040 1519 Quorum
2055 1460 2200 1511 uosau-

165 1557 269 1618 rum,
296 1534 494 1624 cogitabitis
517 1527 574 1603 bis
595 1532 763 1602 omnibus
786 1527 879 1604 nibil
901 1555 975 1609 esse
998 1531 1160 1604 infestius
1208 1526 1386 1597 toritatem
1407 1526 1536 1613 secuti,
1561 1551 1635 1597 non
1658 1529 1861 1599 curiositate
1884 1534 2056 1624 quadam,
2083 1564 2199 1634 neque

165 1634 349 1707 ebrietate.
397 1629 1159 1727 1111111111111111111111111111-
1206 1629 1301 1699 enim
1318 1629 1368 1699 ita
1384 1629 1462 1698 ocio
1480 1629 1723 1715 abundamus,
1747 1654 1813 1700 nec
1829 1648 1975 1724 propter
1991 1647 2199 1713 ostentatio.

165 1736 253 1807 sima
275 1738 423 1808 nomina
445 1733 537 1807 nihil
561 1749 725 1817 movent,
751 1735 782 1806 ie
803 1737 849 1807 ad
870 1761 994 1808 eorum
1020 1759 1157 1826 gregem
1206 1753 1289 1799 nem
1311 1743 1372 1800 aut
1394 1731 1646 1817 ambitionem,
1671 1756 1751 1823 curn
1775 1747 1896 1804 nostra
1917 1737 2071 1809 tenuitas
2094 1745 2199 1816 nobis

165 1839 331 1931 pertinet,
356 1842 401 1909 de
417 1840 548 1933 quibus
563 1862 583 1906 a
599 1862 655 1906 me
670 1839 741 1907 iam
755 1837 889 1908 dictum
905 1851 977 1922 est,
1001 1861 1067 1907 nec
1081 1860 1159 1907 mea
1206 1854 1281 1899 non
1303 1832 1352 1901 sit
1369 1831 1508 1918 ignota,
1531 1834 1593 1901 sed
1615 1847 1656 1903 ut
1675 1834 1820 1904 utilitati
1842 1831 1983 1909 scholae
2005 1855 2038 1912 et
2058 1844 2198 1925 discen-,-

164 1941 326 2012 oratione
342 1940 466 2011 mitior
480 1940 552 2013 fiet.
585 1936 742 2008 Gravius
761 1939 857 2006 enim
879 1934 948 2007 boc
963 1939 1081 2006 morbi
1098 1961 1160 2026 ge·
1206 1932 1296 2004 tium
1319 1933 1515 2001 commodis
1537 1957 1601 2024 pro
1625 1948 1745 2005 nostra
1764 1937 1860 2006 virili
1882 1956 1979 2030 parte
1996 1947 2199 2021 consulere-

162 2032 234 2111 nus
250 2054 322 2126 est,
350 2065 458 2134 quam
471 2054 512 2112 ut
526 2039 649 2109 multis
663 2039 833 2133 anticyris
848 2034 1026 2110 exhaustis
1040 2039 1157 2109 sanari
1205 2056 1300 2115 111111,
1324 2028 1393 2103 hoe
1415 2034 1570 2105 officium
1591 2036 1732 2127 publice
1741 2044 1986 2129 promovendi
2006 2045 2198 2121 Baccalau-

163 2143 286 2236 possit.
339 2138 502 2213 Cbristus
525 2153 660 2210 mentes
685 2154 824 2211 nostras
845 2165 910 2232 pro
933 2165 995 2212 sua
1018 2141 1157 2212 infinita
1204 2158 1282 2206 reos
1294 2134 1497 2207 liberalium
1514 2137 1644 2209 artium
1658 2140 1884 2230 suscepimus
1913 2142 2087 2233 Quamvis
2101 2153 2196 2223 enim

162 2245 325 2317 bonitate
347 2245 537 2333 gubernet,
561 2256 595 2314 et
618 2244 663 2313 ab
683 2237 750 2312 bac
766 2242 952 2325 execrabili
966 2256 1072 2335 atque
1087 2244 1157 2313 im·
1204 2232 1262 2307 bic
1290 2238 1426 2331 primus
1452 2241 1582 2327 gradus
1602 2241 1721 2312 verius
1744 2245 2055 2339 puerilisquidam
2080 2252 2197 2341 ludus,

164 2346 222 2438 pia
249 2340 422 2416 beluandi
447 2344 723 2423 consuetudine,
759 2344 805 2413 ad
831 2345 1079 2430 sobrietatem,
1112 2348 1156 2417 ad
1204 2363 1310 2433 quam
1333 2363 1389 2410 res
1411 2340 1507 2428 scria·
1526 2342 1640 2411 videri
1661 2343 1788 2434 possit,
1813 2370 1880 2416 ttsu
1900 2360 2018 2419 tamen
2036 2377 2198 2446 comper-

162 2448 418 2541 poenitentiam
448 2471 490 2517 ac
518 2447 682 2540 pietatem
714 2444 833 2517 flectat
857 2460 962 2541 atque
987 2449 1157 2519 traducat.
1203 2455 1280 2511 tum
1304 2455 1376 2532 est,
1402 2455 1536 2512 tantam
1557 2443 1633 2513 eius
1655 2444 1844 2515 utilitatem
1863 2471 1957 2534 esse,
1982 2469 2112 2523 utnon
2135 2483 2197 2548 pa-

162 2549 258 2629 Dixi.
1202 2567 1283 2612 rum
1297 2546 1342 2612 ad
1358 2543 1513 2613 officium
1528 2557 1563 2614 et
1576 2545 1681 2616 fidem
1696 2569 1820 2615 corum
1837 2549 1900 2641 qui
1914 2567 2095 2639 praesunt,
2116 2580 2199 2646 per-

1204 2645 1317 2715 tinere
1339 2646 1519 2731 videatur,
1552 2671 1696 2738 operam
1720 2649 1823 2733 dare,
1854 2664 1896 2720 ut
1918 2652 1956 2720 in
1978 2648 2097 2726 schola
2122 2684 2196 2729 non

1085 2787 1088 2791 <
1203 2747 1396 2818 retineatur
1418 2748 1547 2832 modo,
1581 2750 1642 2818 sed
1666 2762 1701 2819 et
1721 2775 1829 2843 quarn
1853 2754 2003 2824 maxime
2025 2758 2139 2847 vigeat
2156 2786 2197 2831 11

176 2873 243 2947 ΝΟ.
260 2877 322 2946 22·
357 2924 360 2929 ἱ
943 2877 1010 2956 (m.
1021 2876 1157 2957 15293)
1202 2851 1459 2943 frequentetur.
1509 2847 1599 2918 Nam
1617 2851 1771 2941 primum
1794 2853 1826 2920 si
1844 2858 2079 2944 spectabimus
2095 2863 2197 2932 utili-

171 2969 344 2999 wv
977 2967 1148 2994 Μ
1202 2964 1329 3036 tatem,
1355 2974 1461 3043 quam
1484 2949 1587 3019 affert
1607 2953 1826 3023 consuetudo
1851 2959 2072 3046 examinum,
2093 2988 2197 3055 prae-

334 3036 411 3121 De
440 3035 607 3122 studiis
627 3037 983 3124 adolescentum.
1202 3052 1323 3121 sertim
1346 3046 1431 3120 huic
1452 3051 1575 3136 aetati,
1601 3051 1641 3121 in
1662 3053 1764 3124 cuius
1779 3058 1966 3149 praecipue
1989 3064 2138 3151 gratiam
2156 3066 2197 3136 bi

232 3191 1112 3335 11111
1127 3175 1156 3248 '⁵⁰
1201 3153 1308 3324 tt*
1322 3153 1744 3347 {retraetata
1758 3167 2197 3336 tttttffttttfflt·

1202 3355 1248 3425 sit
1270 3308 1355 3429 e’sse.
2079 3294 2198 3362 apos.

1303 3455 1439 3545 Quanti
1464 3458 1559 3528 enim
1583 3462 1707 3545 refert,
1733 3466 1829 3555 quod
1854 3469 2014 3536 examina
2036 3471 2198 3543 discendi

1202 3582 1322 3628 curam
1356 3574 1507 3646 acuunt,
1538 3562 1716 3643 studium,
1750 3565 1971 3653 vigilantiam
2001 3595 2040 3640 ac
2062 3574 2197 3645 sollici-

1201 3661 1363 3730 tudinem
1380 3674 1527 3749 augent,
1551 3664 1647 3731 etad
1664 3664 1785 3733 omnia
1802 3692 1892 3759 quae
1907 3675 2099 3743 traduntur
2112 3676 2196 3747 dili-

158 3742 364 3831 Mirabitur
379 3757 527 3825 fortasse
544 3756 694 3848 aliquis,
720 3758 807 3850 quid
825 3756 929 3827 nobis
946 3756 985 3825 in
1000 3771 1154 3828 mentem
1201 3762 1340 3850 gentius
1368 3764 1589 3833 observanda
1617 3787 1657 3832 ac
1686 3767 1916 3854 perdiscenda
1946 3772 2134 3842 alacriores
2163 3791 2197 3849 et

158 3860 315 3944 venerit,
339 3871 379 3928 ut
396 3853 492 3926 hunc
508 3881 643 3926 morem
661 3859 802 3947 publice
818 3860 1031 3928 decernendi
1046 3859 1153 3929 istum
1202 3862 1422 3932 excitatiores
1438 3864 1605 3931 reddunt.
1637 3862 1769 3932 Metuit
1786 3867 1881 3933 enim
1899 3892 1963 3956 pro
1982 3893 2018 3939 se
2034 3876 2198 3968 quisque,
2267 3886 2277 3905 “

178 2743 373 2756 -a——un

160 3404 291 3474 Orutt‘o
323 3398 371 3471 de
399 3398 540 3472 11111111
568 3399 869 3488 adolescentum,
904 3401 1038 3475 habitu
1069 3425 1156 3476 cum

157 3505 298 3577 titulus
325 3504 675 3579 Baeculuureorum
706 3504 977 3578 decerneretur
1008 3505 1156 3599 quibus-

235 3606 349 3694 dom,
375 3615 416 3677 et
437 3610 583 3698 scripto
608 3630 632 3678 o
658 3612 760 3681 Vite
787 3606 1079 3682 Wtoshemr'o.

159 3962 316 4055 primum
341 3955 591 4030 scholasticum
616 3960 783 4048 gradum,
809 3972 864 4030 tot
886 3961 955 4028 iam
977 3983 1154 4029 annorum
1203 3962 1350 4052 nequid
1368 3985 1404 4029 se
1418 3961 1546 4049 fugiat,
1572 3963 1668 4054 quod
1685 3976 1804 4034 tenere
1819 3982 1990 4058 oporteat.
2046 3974 2140 4045 Tum
2157 3995 2197 4050 ut
2314 4002 2317 4007 ·

162 4064 278 4152 spacio
308 4061 548 4132 intermissum
577 4086 616 4129 ac
641 4063 739 4131 velut
765 4062 961 4138 exoletum,
998 4055 1067 4128 hoc
1090 4084 1155 4150 po·
1202 4061 1400 4131 accuratius
1420 4062 1678 4155 perfectiusque
1701 4066 1820 4137 omnia
1844 4072 2050 4145 excutiatur
2072 4102 2198 4169 perve-

163 4164 336 4235 tissimum
359 4177 517 4254 tempore
544 4163 582 4231 in
612 4156 769 4232 scbolam
796 4184 1054 4234 revocaremus.
1108 4157 1157 4231 Et
1203 4163 1324 4252 stiget,
1349 4165 1470 4233 eadem
1489 4158 1573 4233 haec
1592 4166 1794 4238 sollicitudo
1809 4172 1987 4261 stimulat,
2014 4203 2093 4248 cum
2110 4183 2199 4255 sciat

161 4267 255 4335 forte
270 4289 343 4336 non
355 4267 504 4336 deerunt
519 4265 582 4357 qui
597 4265 786 4334 consilium
805 4259 871 4333 hac
886 4264 924 4331 in
940 4287 978 4332 re
993 4277 1154 4334 nostrum
1202 4265 1274 4335 sibi
1293 4265 1413 4334 omnia
1436 4266 1565 4337 dictata
1596 4269 1777 4340 reddenda
1800 4273 1841 4341 in
1864 4278 2022 4346 examine
2054 4297 2089 4352 et
2117 4309 2199 4375 per-

161 4381 204 4439 ut
222 4368 370 4436 ociosam
387 4361 620 4464 περιεργίαν,
649 4367 705 4435 vel
723 4367 865 4435 inanem
884 4366 1154 4435 ostentationem
1203 4368 1323 4458 spicue
1341 4367 1547 4458 explicanda
1566 4392 1649 4439 esse.
1700 4370 1769 4442 Hic
1791 4390 1905 4448 metus
1928 4382 2121 4455 acerrimus
2146 4402 2198 4457 est

162 4470 385 4555 irridebunt,
411 4470 540 4563 quibus
565 4470 606 4536 in
628 4468 825 4560 praesentia
843 4463 936 4536 nibil
952 4467 1079 4537 attinet
1099 4491 1156 4535 re-
1204 4461 1449 4567 ἕργοδιιόκτης
1474 4472 1518 4537 ad
1540 4471 1699 4541 discendi
1715 4474 1893 4559 laborem,
1919 4504 1960 4549 ac
1975 4483 2198 4571 vigilantiam

160 4572 357 4667 spondere,
381 4596 461 4641 cum
480 4570 566 4639 viris
591 4566 747 4640 honestis
769 4595 809 4639 ac
831 4565 1155 4660 prudentibusghoc
1204 4572 1341 4641 animos
1365 4573 1561 4640 accendens
1583 4596 1801 4668 urgensque,
1827 4580 1938 4670 quisi
1963 4585 2073 4671 absit,
2098 4592 2199 4660 vide-

159 4687 326 4745 nostrum
345 4671 544 4762 institutum
564 4672 709 4764 probari
728 4697 801 4742 non
817 4672 1032 4742 dubitemus.
1085 4669 1155 4740 Sed
1205 4697 1283 4742 mus
1301 4696 1407 4764 quam
1435 4673 1563 4762 frigide
1586 4699 1626 4744 ac
1650 4679 1885 4749 somniculose
1908 4686 2024 4754 studia
2046 4704 2200 4760 tracten-

113 4862 118 4869 .
160 4768 1156 4865 pamenupgdolesoentesetdegraduipsobonorificen-
1205 4789 1279 4859 tur3
1322 4798 1447 4843 verum
1476 4777 1676 4846 examinum
1702 4804 1785 4849 cura
1812 4795 1847 4851 et
1875 4785 2080 4861 sollicitudo
2104 4798 2201 4883 apud

161 4879 235 4950 tius
251 4877 424 4958 sentiant,
449 4890 484 4946 et
499 4871 584 4946 haec
599 4877 715 4946 studia
737 4877 847 4965 magis
862 4890 992 4958 ament,
1018 4898 1058 4943 ac
1075 4874 1156 4964 plu·
1205 4877 1358 4968 aliquem
1383 4878 1576 4961 excubans,
1609 4903 1683 4947 non
1705 4881 1792 4949 sinit
1816 4907 1896 4952 eum
1928 4888 2201 4981 obdormiscere,

163 4970 215 5050 ris
242 4980 403 5051 iacienda
432 4981 581 5063 ducant,
616 4977 836 5047 decrevimus
862 4991 1013 5070 utraque
1038 4976 1083 5044 de
1107 4999 1157 5057 re,
1205 4979 1265 5047 sed
1290 4978 1539 5069 expergefacit,
1564 5003 1604 5047 ac
1620 4981 1718 5052 velut
1733 4984 1877 5054 sedulus
1899 5000 1935 5057 et
1948 5012 2028 5061 acer
2047 4999 2201 5088 paterfa-

163 5105 293 5172 nempe
308 5083 352 5150 de
369 5077 438 5149 hoc
453 5081 563 5167 gradu
588 5094 622 5150 et
638 5080 790 5151 utilitate
805 5079 1027 5163 examinum,
1053 5090 1158 5171 atque
1206 5079 1321 5148 milias
1336 5080 1443 5150 instat
1461 5075 1495 5150 et
1513 5094 1631 5170 urget,
1655 5094 1695 5151 ut
1712 5106 1815 5154 suum
1833 5090 2031 5163 studiorum
2052 5123 2200 5189 pensum

162 5185 209 5255 de
224 5177 280 5253 bis
296 5183 421 5274 primis
435 5181 570 5250 artibus
586 5182 705 5273 paucis
721 5182 758 5249 in
773 5175 1016 5251 hocconscssu
1030 5180 1158 5275 dicere.
1206 5181 1395 5272 persolvat.
1447 5180 1676 5274 Quapropter
1697 5180 1783 5255 11111
1807 5214 1846 5257 0¹
1862 5192 1984 5262 multis
2000 5203 2114 5269 causis
2130 5225 2201 5270 ¹1⁰³

161 5283 246 5357 Non
268 5286 364 5357 enim
390 5285 484 5353 leves
506 5297 566 5351 aut
595 5284 824 5374 negligendae
853 5282 999 5379 fuerunt
1026 5305 1159 5366 causae,
1206 5283 1276 5353 fnit
1300 5284 1477 5353 veteribus
1501 5285 1713 5356 instituendi
1738 5291 1896 5362 examina
1922 5310 1955 5365 et
1983 5302 2128 5385 gradus,
2161 5316 2202 5371 ut

165 5413 256 5482 quae
272 5388 368 5459 viros
382 5389 496 5457 bonos
510 5410 550 5456 ac
566 5388 688 5457 doctos
701 5397 901 5471 moverunt,
926 5399 966 5454 ut
982 5378 1078 5454 hunc
1095 5409 1159 5476 pa·
1180 5400 1185 5485 1
1208 5381 1265 5455 his
1284 5385 1381 5457 velut
1407 5386 1603 5459 calcaribus
1635 5389 1826 5462 incitarent
1852 5396 2034 5467 discentes.
2091 5400 2203 5473 Recte

1487 5482 1567 5562 ta*
