4732 6030
66 314 141 390 605
485 313 648 389 DECL.
688 313 762 389 DE
794 311 1250 390 CONIUNCTIONE
1284 311 1660 391 SCHOLARUM.
2009 319 2083 391 606

167 493 297 558 Verum
328 481 418 555 hanc
447 483 1238 589 obstrusioreminterpretationemqffiNo73.
1906 498 2066 561 ιι.1543.

64 589 209 659 omitto:
258 611 340 655 nam
377 580 560 655 historiam
591 599 727 656 tantum
758 571 1074 657 considerandam
1101 583 1237 609 Μ
1902 584 2070 612 Μ

65 712 261 780 proponere
292 686 391 755 volui
414 685 713 772 adolescentibus,
746 701 788 758 ιιι
809 690 920 759 sciant
940 688 1049 778 perti·
1424 739 1433 757 .
1548 739 1557 757 .

65 813 148 858 nere
173 785 262 856 hanc
286 786 493 855 sententiam
515 789 557 855 ad
583 800 689 857 totam
715 785 905 858 Ecclesiam
929 787 1048 857 omni·
1196 739 1299 822 'De
1329 748 1639 821 mmumlwlle
1669 736 1945 823 mmmm·

64 892 131 958 hus
151 889 378 979 temporibus.
435 883 482 955 Et
504 902 543 958 ut
569 889 618 977 pii
640 885 723 957 hinc
746 902 864 977 petant
888 890 1048 957 consola·
1167 924 1331 978 innectam
1345 923 1376 976 q
1392 923 1437 976 qv
1456 925 1633 994 Ρ4.44,.,
1659 921 1737 976 nich
1749 923 1815 978 TN,
1834 925 1913 993 ,75
1927 923 2075 976 ..5.

66 991 216 1072 tionem,
258 1013 325 1080 qua
364 1010 435 1063 sese
468 1001 663 1057 sustentent
699 1005 802 1079 atque
831 992 1048 1057 confirment.
1200 991 1495 1063 ιι·ει.Ί.1ι’.ρ.ιιι.
1532 994 1576 1047 ct.
1597 961 1727 1050 Μἰιιιιιιι
1747 991 1829 1061 apin
1849 991 1954 1045 vol..v
1973 1013 1999 1057 ρ.
2016 994 2074 1044 177.

64 1090 185 1161 Sciant
208 1088 337 1158 servari
359 1084 571 1170 Ecclesiam,
602 1087 677 1156 Deo
699 1090 907 1160 mirabiliter
931 1102 1047 1178 prote·
1196 1062 1249 1182 {3¹⁸
1262 1062 1405 1182 ‘ssiffih‘
1408 1061 1811 1185 Mffiffl'lli,ff⁰3⁸35³¹¹·'
1731 1013 1811 1130 ¹⁵⁴⁹
1835 1062 2074 1114 ⁵²⁶⁰¹¹⁶⁰¹¹¹³¹¹⁰

63 1204 166 1279 geute
200 1214 261 1258 sua
299 1212 426 1270 manu,
465 1189 503 1254 in
536 1182 590 1255 his
621 1191 746 1258 mundi
775 1191 1048 1281 tempestatibus,

62 1288 141 1359 D⁰0
169 1302 370 1359 transeunte
392 1309 502 1377 us‘tue
524 1291 567 1356 ad
591 1313 671 1358 0⁰¹⁰
694 1291 809 1373 diem,
844 1315 914 1383 (1¹1⁰
938 1290 1047 1378 elffii·
1096 1307 1225 1373 Oratio
1254 1300 1301 1370 de
1328 1308 1545 1372 necessario
1575 1304 1829 1373 coniunctione
1852 1301 2074 1374 scholarum

63 1391 198 1473 ὓιιιιιΙι
217 1404 278 1459 ιιι·
1145 1425 1231 1474 cum
1244 1405 1458 1473 Ministerio
1472 1404 1682 1496 Evangelii,
1708 1425 1732 1472 α
1748 1406 1852 1473 Dect.
1878 1408 2023 1473 Bern-

167 1488 258 1558 Vere
280 1501 314 1556 et
335 1510 429 1556 nunc
445 1487 570 1558 velut
559 1513 598 1557 m
613 1491 748 1561 deserto
763 1504 909 1608 vagatur
923 1485 1046 1558 Eccle-
1294 1501 1437 1574 kardo
1465 1494 1675 1599 2509ler0'
1701 1509 1872 1574 recitata

63 1592 133 1671 sia,
164 1591 242 1658 exul
267 1602 300 1657 et
324 1610 444 1656 errans
467 1588 543 1656 sine
568 1605 658 1660 certa
675 1592 774 1675 sede,
799 1592 876 1661 sine
892 1585 1046 1659 humana

62 1691 276 1761 defensione.
337 1686 500 1771 luterim,
532 1702 571 1758 ut
592 1691 628 1758 in
653 1691 715 1759 illo
738 1693 887 1782 populo,
920 1713 1045 1779 magna
1096 1667 1193 1753 Cum
1214 1679 1282 1752 hoc
1303 1685 1379 1752 loco
1403 1678 1489 1750 mihi
1515 1682 1732 1750 consuetudo
1753 1680 1991 1751 necessitatem
2008 1707 2074 1749 nn

63 1792 252 1859 multitudo
288 1789 421 1873 deficit,
462 1802 496 1857 et
523 1792 594 1861 ruit
624 1792 661 1859 in
691 1805 867 1862 aeternam
899 1790 985 1859 iram
1012 1805 1046 1860 et
1095 1794 1243 1873 poneret
1271 1786 1314 1852 de
1341 1797 1545 1898 argumento
1570 1781 1796 1851 ecclesiastico
1820 1782 2028 1861 dicendi,
2019 1806 2076 1851 m·

61 1906 222 1959 aeternas
253 1911 395 1980 poenas.
450 1886 618 1959 Videmus
645 1888 760 1978 Reges
792 1904 825 1959 et
854 1890 1047 1981 Principes,
1096 1907 1163 1977 quc
1189 1897 1285 1952 tanta
1305 1883 1533 1949 maximarum
1556 1882 2075 1970 rerumcopiamultisdecau-

62 2003 95 2058 et
119 1991 306 2059 maximam
330 1988 591 2057 multitudinem
614 1986 798 2059 hominum
820 2004 1046 2059 contemnere
1094 1986 1141 2054 sis
1158 1984 1382 2052 electioesset
1399 1981 1567 2053 difficilis:
1588 2004 1719 2073 sumpsi
1710 1982 1876 2050 tandem
1894 1985 2075 2053 materiam

62 2091 259 2158 doctrinam
282 2086 486 2175 Evangelii,
513 2102 546 2155 et
568 2112 741 2157 accersere
765 2090 831 2157 sibi
858 2085 1046 2158 horribiles
1094 2082 1244 2153 maxime
1276 2084 1475 2170 vulgarem,
1510 2084 1609 2152 cuius
1638 2082 1870 2151 consideratio
1892 2096 2008 2152 tamen
2031 2087 2074 2152 ad

33 2189 192 2279 'poenas
228 2202 262 2257 et
299 2187 454 2257 exitium.
515 2185 565 2257 Et
599 2190 762 2277 eiiguum
796 2203 932 2258 coetum
971 2212 1044 2258 esse
1095 2185 1273 2253 excitanda
1289 2183 1405 2252 studia
1420 2183 1601 2255 literarum
1619 2185 1839 2267 conduceret,
1864 2197 1897 2253 et
1911 2208 1976 2252 nos
1991 2209 2077 2254 con-

60 2290 301 2380 profitentium
326 2312 401 2354 eam
425 2288 640 2370 doctrinam,
666 2291 829 2358 orbatum
854 2290 1046 2379 praesidiis,
1093 2286 1246 2353 firmaret
1268 2285 1311 2352 ad
1338 2279 1403 2353 hoc
1424 2286 1514 2354 vitae
1537 2308 1646 2373 genus
1667 2286 1775 2373 magis
1799 2289 2008 2367 amandum,
2042 2301 2077 2356 et

62 2405 96 2478 et
118 2389 376 2457 conflictantem
398 2387 503 2454 variis
522 2388 709 2457 aerumnis.
759 2388 829 2460 Sed
845 2389 1046 2459 intueamur
1092 2386 1219 2454 fortius
1244 2386 1428 2454 ferendum
1454 2387 1591 2454 labores
1614 2386 1760 2454 militiae
1783 2381 1900 2458 huius.
1951 2384 2074 2455 Dicam
2111 2394 2116 2405 '

61 2490 139 2557 illas
167 2488 335 2576 imagines
362 2487 557 2578 propositas
580 2489 617 2555 in
640 2483 787 2559 historia
814 2491 935 2579 populi
961 2491 1043 2561 Dei:
1094 2487 1188 2554 enim
1211 2487 1254 2554 de
1277 2482 1405 2554 scholis
1428 2485 1627 2553 literarum:
1654 2510 1692 2553 ac
1715 2486 1913 2568 ostendam,
1939 2509 2075 2574 semper

61 2592 210 2660 sciamus
242 2612 336 2656 nunc
361 2611 502 2681 quoqne
522 2589 605 2656 duci
630 2585 818 2658 Ecclesiam
844 2615 905 2679 per
927 2593 1045 2660 deser·
1093 2587 1240 2655 consilio
1256 2584 1323 2655 Dei
1337 2587 1471 2655 additas
1485 2586 1591 2654 fuisse
1605 2581 1740 2653 scholas
1752 2580 1935 2662 Ecclesiis,
1962 2598 1995 2653 et
2009 2587 2074 2652 ad-

61 2705 158 2773 tnm‚
183 2702 215 2757 et
239 2690 305 2776 tegi
331 2689 424 2756 nube
447 2702 481 2758 et
503 2688 653 2757 flammis
677 2690 902 2775 coelestibus,
927 2707 960 2762 et
980 2693 1044 2760 ad·
1093 2688 1193 2775 iungi
1219 2699 1392 2776 oportere.
1450 2682 1544 2754 Mihi
1571 2687 1713 2778 quidem
1736 2706 1880 2772 magnae
1903 2685 2076 2774 voluptati

60 2815 133 2859 esse
149 2791 271 2857 ducem
289 2783 491 2871 Christum,
516 2803 556 2858 ιιι
571 2789 643 2856 illis
660 2792 783 2862 adfuit.
1092 2802 1163 2876 est,
1189 2810 1268 2855 cum
1292 2788 1414 2855 omnia
1427 2782 1602 2856 Ecclesiae
1621 2799 1794 2876 tempora,
1820 2798 1852 2853 et
1874 2785 2074 2853 universam

162 2887 281 2976 Quare
303 2888 549 2956 confirmemus
569 2888 724 2970 animos,
755 2903 788 2957 et
810 2903 904 2958 certo
925 2903 1044 2959 tenea·
1093 2884 1319 2957 historiarum
1351 2888 1476 2955 seriem
1503 2887 1621 2956 animo
1651 2899 1788 2976 repeto,
1829 2885 1928 2975 quasi
1957 2911 2074 2953 coram

60 3012 139 3059 mus
165 2984 255 3056 hanc
277 2986 505 3066 sententiam,
538 2988 633 3077 quod
654 2984 748 3054 Deus
773 2989 819 3056 sit
844 3003 1043 3059 servaturus
1092 2989 1211 3056 videre
1236 3001 1286 3056 tot
1311 2988 1445 3056 lumina
1463 2987 1599 3074 generis
1613 2982 1778 3067 humani,
1805 2982 1938 3068 Adam,
1963 2982 2075 3068 Nolle,

59 3087 273 3167 Ecclesiam,
314 3109 403 3173 quae
440 3084 567 3153 retinet
601 3086 795 3154 doctrinam
828 3090 992 3156 traditam
1023 3113 1042 3158 a
1092 3085 1195 3175 Sem,
1219 3082 1418 3170 Abraham,
1446 3081 1591 3177 loseph,
1616 3084 1751 3163 Ellam,
1778 3083 1953 3168 Eliseum,
1977 3084 2076 3175 Apo-

58 3187 220 3268 Christo,
259 3177 445 3272 Prophetis
474 3196 509 3253 et
541 3183 735 3271 Apostolis:
775 3188 865 3259 sicut
899 3202 1044 3259 testatur
1092 3187 1211 3259 stolos.
1264 3184 1429 3256 Arbitror
1452 3201 1486 3256 et
1505 3187 1606 3256 vobis
1627 3187 1915 3255 iucundissimam
1935 3209 2076 3254 essere-

58 3286 261 3357 dnlcissima
291 3282 474 3372 promissio
503 3287 596 3373 apud
620 3281 782 3369 Esaiam,
814 3312 894 3356 cum
926 3289 1043 3380 inquit
1091 3288 1332 3357 cordationem
1361 3302 1396 3357 et
1422 3289 1582 3356 virorum
1613 3287 1755 3377 talium,
1786 3298 1820 3353 et
1843 3287 2074 3354 maximarum

59 3390 175 3458 Deus:
202 3385 280 3454 Hoc
300 3384 424 3451 foedus
439 3407 561 3451 meum
584 3386 749 3469 cumeis,
773 3384 926 3476 Spiritus
944 3413 1042 3457 meus
1091 3409 1209 3454 rerum
1226 3409 1311 3478 quas
1326 3402 1515 3475 gesserunt
1571 3383 1675 3456 Etsi
1666 3389 1773 3474 igitur
1789 3412 1826 3454 m
1843 3387 2002 3475 eligendo
2017 3412 2074 3454 ar

59 3488 122 3578 qui
148 3501 197 3555 est
223 3488 259 3552 iu
284 3497 338 3566 te,
367 3496 401 3552 ct
427 3485 531 3551 verba
556 3509 650 3565 mea,
684 3510 773 3578 quae
796 3488 898 3575 posui
919 3490 956 3556 in
980 3514 1041 3558 ore
1090 3501 1267 3574 gumento,
1292 3489 1462 3557 suavitate
1477 3482 1601 3555 harum
1618 3512 1735 3555 rerum
1753 3488 1929 3569 intuebar
1957 3501 2073 3556 tamen

58 3582 184 3668 TUO,
216 3584 288 3653 non
315 3584 475 3652 recedent
498 3585 542 3650 de
566 3579 671 3654 ORE
696 3576 822 3667 TUO,
849 3612 892 3655 ne
915 3590 958 3656 de
981 3613 1040 3657 ore
1091 3587 1152 3654 illa
1177 3588 1411 3655 mainrcausa
1437 3588 1513 3659 fnit.
1565 3586 1646 3655 Scio
1669 3583 1978 3656 nosscholasticos
2001 3613 2097 3655 ιιιιιι,

58 3688 200 3756 seminis
227 3684 297 3761 tui,
323 3683 406 3752 drcrt
425 3679 618 3771 Dominus,
644 3707 662 3751 a
689 3685 851 3754 modoet
875 3709 1039 3778 usquein
1090 3686 1250 3752 solnm
1240 3711 1351 3757 iacere
1387 3701 1541 3776 spretos,
1580 3689 1640 3755 sed
1672 3688 1775 3755 etiam
1810 3687 1847 3753 in
1878 3689 1958 3754 odio
1990 3711 2073 3757 esse.

58 3789 321 3877 sempiternum.
373 3781 530 3851 Sciamus
554 3785 660 3871 igitur
679 3782 1041 3855 ctuostrisEcclesiis
1091 3781 1198 3853 Multi
1224 3801 1359 3854 nostras
1379 3809 1520 3873 operas,
1544 3810 1616 3853 non
1636 3810 1709 3853 rem
1727 3786 1954 3854 necessariam
1973 3788 2074 3869 vitae,

58 3889 261 3960 adiuturum
274 3879 476 3965 Christum,
498 3884 675 3952 sedentem
689 3886 732 3952 ad
749 3885 903 3955 dextram
914 3885 1041 3971 Patris,
1090 3887 1150 3952 sed
1175 3886 1339 3971 ignavum
1366 3886 1479 3951 otium
1502 3907 1574 3951 esse
1595 3899 1752 3952 censent:
1787 3880 1966 3971 theologos
1991 3910 2073 3953 vero

53 4002 92 4067 ,et
113 4001 316 4075 regnantem
338 3984 441 4052 etiam
459 3983 553 4053 inter
568 3984 703 4053 medios
719 3978 854 4068 hostes,
875 3999 910 4053 et
924 4008 1041 4055 serva·
1091 3984 1214 4061 etiam,
1246 3995 1286 4050 ut
1311 3976 1542 4074 καθάρματα
1564 3996 1597 4049 et
1620 3998 1733 4073 pestes
1757 3982 1970 4073 Rerempub.
1995 4010 2075 4054 ene-

57 4104 177 4161 turum
193 4087 328 4177 aliquas
341 4083 507 4175 reliquias
521 4085 656 4173 piarum
673 4079 884 4168 scholarum,
904 4088 1040 4155 etiamsi
1089 4098 1245 4153 arantur.
1294 4080 1365 4150 Nec
1381 4107 1443 4171 ego
1460 4085 1546 4151 adeo
1562 4084 1660 4150 rudis
1675 4098 1708 4154 et
1722 4085 1904 4175 imperitus
1923 4109 1998 4154 sum
2020 4112 2074 4155 re-

58 4188 231 4257 mundum
247 4185 448 4275 oppriment
465 4208 596 4273 poenae
613 4197 647 4252 et
662 4184 882 4257 calamitates.
1090 4207 1169 4256 rum
1194 4178 1447 4262 humanarum,
1471 4198 1510 4252 ut
1526 4184 1676 4253 arbitrer
1693 4186 1897 4277 cuiusquam
1914 4191 2074 4257 oratione

160 4283 271 4353 Modo
288 4309 353 4352 nos
369 4285 559 4373 cogitemus
574 4286 618 4353 de
635 4297 753 4353 nostro
772 4286 904 4369 officio,
931 4285 1040 4354 simus
1091 4285 1205 4354 sanari
1232 4307 1330 4371 posse
1352 4308 1474 4355 omnes
1497 4286 1555 4376 qui
1579 4285 1627 4352 sic
1650 4287 1818 4355 sentiunt.
1871 4284 1937 4356 Sed
1955 4303 2071 4357 tamen

56 4386 148 4476 grati
178 4408 240 4474 pro
270 4387 348 4453 data
380 4385 457 4452 lnce
479 4381 684 4474 Evangelii,
720 4386 931 4453 retineamus
954 4410 1040 4454 con·
1063 4385 1190 4456 'error
1218 4385 1277 4452 ille
1309 4388 1478 4455 taxandus
1506 4401 1574 4469 est,
1606 4401 1646 4456 ut
1668 4411 1732 4456 nos
1753 4389 1844 4456 vitae
1868 4411 1996 4475 genus,
2029 4392 2073 4456 ad

55 4485 243 4557 sessionem
263 4508 368 4572 purae
385 4485 581 4568 doctrinae,
607 4486 736 4555 nostris
752 4486 894 4570 studiis,
920 4487 991 4555 vita
1006 4501 1040 4556 et
1089 4486 1184 4579 quod
1203 4484 1372 4555 divinitus
1390 4486 1501 4555 vocati
1522 4509 1661 4570 sumus,
1685 4488 1811 4557 melius
1827 4487 2074 4576 intelligamus,

57 4588 216 4656 moribus
247 4607 412 4653 ornemus
440 4579 651 4668 Ecclesiam,
690 4586 895 4655 adiuvemus
924 4588 1038 4655 studia
1089 4599 1125 4656 et
1147 4600 1286 4656 nostros
1307 4589 1443 4654 animos
1468 4587 1505 4652 in
1530 4582 1597 4655 hoc
1622 4612 1725 4656 cursu
1746 4602 1867 4657 nostro
1890 4590 2075 4681 confirme-

55 4700 92 4758 ει
112 4683 259 4757 scholas.
312 4684 455 4753 Interim
474 4682 607 4751 etiamsi
625 4687 896 4756 conflictandum
914 4701 963 4756 est
979 4712 1038 4756 va·
1090 4710 1185 4771 mus,
1211 4701 1245 4755 et
1267 4687 1445 4778 aliquibus
1466 4687 1569 4754 bonis
1592 4687 1742 4774 ingeniis
1761 4689 1798 4754 in
1816 4683 1882 4755 hoc
1899 4703 1999 4757 coetu
2019 4693 2075 4759 iu-

56 4788 120 4858 riis
144 4786 339 4868 aerumnis,
365 4785 568 4851 invocemus
590 4778 684 4851 hrruc
699 4802 857 4857 nostrum
873 4811 1038 4877 magnum
1090 4810 1236 4868 venum,
1266 4788 1325 4879 qui
1355 4809 1419 4854 nos
1448 4787 1566 4870 audit,
1600 4783 1779 4865 honestas,
1807 4801 1840 4856 et
1870 4813 1949 4857 vere
1971 4792 2074 4859 utiles

55 4892 180 4959 dncern
201 4901 234 4956 et
249 4887 473 4953 liberrtorem
489 4882 600 4950 lilium
620 4880 702 4967 Dei,
728 4902 761 4954 et
776 4912 944 4957 rrnasoce
961 4913 1037 4978 pre
1089 4888 1275 4976 opiniones
1303 4886 1507 4955 inseramus.
1582 4886 1679 4974 Quid
1710 4887 1896 4975 gloriosius
1923 4894 2075 5011 ..cogitni

55 5010 194 5065 cernur,
221 5000 260 5054 ut
278 4983 373 5052 Deus
390 4983 491 5052 Pater
513 4997 674 5051 aeternus
699 5004 901 5058 misereatur
916 4985 1038 5057 Eccle·
1091 4999 1221 5077 potest,
1253 5011 1357 5078 quam
1382 5010 1465 5069 nos,
1492 4987 1555 5057 etsi
1579 4989 1758 5071 doctrina,
1782 4989 1973 5078 sapientia,
2001 4995 2074 5061 vir-

54 5090 128 5157 siae
150 5111 250 5169 suae,
276 5100 309 5155 et
330 5110 405 5153 eam
424 5099 536 5153 servet
551 5099 695 5173 propter
710 5084 837 5153 rllnm
827 5113 940 5178 ipsum
957 5087 1038 5157 Me·
1089 5102 1162 5158 tute
1188 5087 1292 5174 lonve
1312 5088 1497 5157 inferiores
1520 5111 1658 5171 sumus,
1692 5104 1806 5159 tamen
1832 5114 1953 5160 revera
1980 5094 2073 5165 idem

55 5189 227 5258 dratorem
243 5201 276 5256 et
291 5185 495 5255 Pontificem
512 5182 710 5253 nostrum(
713 5180 884 5271 hristum
909 5203 943 5258 et
958 5204 1037 5260 tan
1087 5210 1217 5257 munus
1230 5189 1402 5257 sustinere
1416 5214 1453 5257 m
1466 5144 1719 5272 Ecclesiallei,
1745 5193 1841 5281 quod
1856 5193 2075 5265 sustinebant

54 5293 137 5357 dem
169 5300 325 5356 conterat
346 5285 509 5356 Satanam
535 5286 773 5355 adversarium
798 5290 863 5357 sub
887 5289 1036 5377 pedibus
1088 5290 1141 5357 illi
1166 5290 1293 5358 summi
1316 5290 1405 5369 viri,
1437 5286 1555 5371 Nohe,
1581 5290 1681 5372 Sem,
1705 5245 1910 5378 harabam,
1937 5292 2073 5379 lesaias,

54 5390 194 5459 nostris.
246 5388 339 5457 Dixi.
1088 5388 1269 5470 Ieremias,
1306 5389 1484 5482 Baptista,
1518 5387 1707 5484 Apostoli?
1757 5389 1833 5481 Ego
1865 5395 1909 5461 de
1940 5393 2074 5461 nullius
