4732 6030
67 279 146 363 225
653 272 814 353 DECL.
854 273 928 350 DE
961 270 1186 351 lOANNE
1222 270 1375 347 DUCE
1409 269 1553 351 SAX.
2029 280 2107 355 226

70 462 201 527 essem.
246 444 300 521 Ac
314 472 398 519 vero
415 449 618 522 nonsolum
634 447 773 520 inimici
787 449 863 520 eius
878 448 1064 519 autoritate
1115 441 1214 534 Quid
1232 457 1351 515 autem
1366 444 1482 515 dicam
1504 443 1646 516 deeius
1663 446 1853 517 domestica
1875 446 2105 519 administra·

70 569 110 627 et
124 552 314 624 moderatis
331 552 489 622 consiliis
506 552 658 643 repressi
671 564 767 639 sunt,
782 555 843 621 scd
856 551 942 620 socii
957 551 1063 621 etiam
1113 548 1229 631 tione,
1270 570 1359 640 quae
1390 560 1462 619 tota
1491 546 1697 619 clementiae
1728 563 1835 643 atque
1871 542 2104 621 humanitatis

71 654 283 740 ferociores,
317 676 410 748 quos
440 654 624 724 continere
652 656 757 723 etad
784 652 1063 722 moderationem
1111 649 1217 741 plena
1239 649 1315 719 est?
1357 646 1535 719 Homerus
1563 651 1630 733 ait,
1663 648 1824 743 Ulyssem
1849 650 1945 721 velut
1966 665 2104 744 patrem

71 758 213 829 flectere
233 755 361 848 quanti
380 756 451 827 suit
474 755 629 845 negocii,
655 779 730 826 non
752 766 868 849 potest
893 749 961 825 hoc
983 754 1062 823 loco
1112 751 1246 823 bonum
1281 750 1411 821 rexisse
1437 746 1677 836 Thracenses,
1716 766 1750 823 et
1775 747 1997 843 Xenophon,
2038 754 2102 848 qui

73 858 155 931 dici.
206 856 377 927 Vidimus
397 848 495 928 arma
518 869 674 948 sumpta,
706 870 741 927 et
756 856 904 928 victoria
927 870 1004 927 crat
1023 856 1062 923 in
1112 851 1255 944 quidem
1288 853 1490 923 absolutum
1523 854 1700 946 exemplar
1732 853 1819 923 boni
1853 853 2030 945 Principis
2061 856 2101 924 in

72 982 200 1044 mauu,
225 960 288 1029 uhi
312 972 430 1029 tamen
457 959 631 1051 aequitate
651 956 761 1028 Ducis
784 957 958 1029 Saxouiae
981 980 1063 1049 per·
1113 950 1206 1047 Cyro
1232 956 1431 1044 proposuit,
1454 955 1592 1048 inquit,
1615 957 1750 1026 bonum
1768 952 1970 1047 Principem
1987 957 2103 1025 simil-

69 1060 202 1133 lsctum
225 1072 295 1143 est,
325 1073 368 1131 ut
388 1061 584 1153 quamlibet
608 1059 690 1129 irati
715 1061 841 1131 caeteri
869 1060 1063 1130 abiicerent
1113 1054 1238 1123 limum
1252 1077 1325 1123 esse
1342 1056 1451 1147 patris
1467 1057 1568 1126 boni.
1621 1055 1712 1144 Quis
1727 1070 1842 1126 autem
1865 1080 2023 1149 unquam
2043 1056 2102 1128 ul-

72 1184 190 1245 arma,
216 1177 251 1232 et
275 1163 441 1253 componi
462 1161 539 1230 sine
561 1163 665 1231 caede
684 1173 904 1254 paterentur:
931 1159 1060 1254 quain
1112 1158 1188 1226 lum
1209 1156 1333 1225 durius
1357 1158 1491 1226 dictum
1516 1170 1578 1226 aut
1601 1159 1760 1247 asperius
1786 1159 1900 1228 nostri
1924 1155 2102 1250 Principis

70 1263 185 1333 revel
206 1263 394 1355 praecipue
412 1262 541 1333 enituit
559 1264 598 1332 in
612 1286 656 1333 eo
672 1264 879 1352 magnitudo
893 1286 976 1331 vere
999 1257 1063 1330 he·
1113 1271 1236 1327 notare
1264 1257 1420 1348 potuit?·
1445 1254 1603 1327 Tantum
1625 1259 1741 1342 abest,
1772 1272 1812 1329 ut
1831 1259 2020 1353 quicquam
2041 1284 2102 1331 su-

70 1364 187 1445 roica,
214 1388 294 1434 cum
310 1376 464 1455 parceret
479 1364 634 1434 inimicis
648 1388 689 1433 eo
703 1379 880 1455 tempore,
906 1389 977 1457 quo
994 1387 1062 1432 no·
1113 1359 1220 1450 perbe
1233 1371 1295 1429 aut
1308 1358 1498 1429 crudeliter
1509 1382 1667 1452 unquam
1681 1358 1812 1428 lecerit.
1846 1355 2003 1429 Aemilii
2018 1387 2100 1431 vere

73 1465 320 1535 cerelacilime
336 1479 487 1557 poterat,
508 1468 700 1559 etquidem
723 1467 871 1553 talibus,
896 1466 1062 1558 aquibus
1113 1460 1209 1529 visus
1241 1474 1295 1530 est
1326 1483 1470 1551 prorsus
1504 1474 1688 1552 paternum
1715 1461 1873 1529 animum
1900 1484 1979 1549 erga
2005 1463 2099 1534 cives

72 1566 184 1635 variis
202 1566 345 1637 iniuriis
364 1567 510 1638 affectus
523 1582 625 1653 erat,
650 1581 686 1639 et
707 1569 872 1661 aquibus
896 1568 1062 1658 deinceps
1113 1585 1235 1631 omues
1248 1557 1390 1636 habere.
1441 1560 1689 1632 Animadverti
1713 1561 1808 1631 enim
1831 1561 2102 1650 significationes

73 1668 269 1759 plurimum
288 1669 437 1761 periculi
454 1682 555 1741 esset.
605 1667 665 1739 An
683 1693 756 1739 non
773 1670 928 1740 ostendit
941 1664 1008 1737 hac
1023 1668 1061 1736 iu
1114 1688 1195 1733 suae
1218 1659 1448 1736 humanitatis
1462 1686 1550 1735 cum
1582 1664 1621 1731 in
1642 1686 1820 1748 sermone,
1852 1674 1929 1732 tum
1960 1664 1997 1731 in
2023 1667 2102 1736 aliis

73 1792 114 1841 re
130 1769 292 1839 animum
313 1769 486 1840 invictum
508 1773 676 1841 adversus
689 1794 812 1841 omnes
832 1760 987 1861 privatas
1000 1792 1063 1839 cu·
1114 1764 1234 1832 multis
1249 1764 1385 1836 officiis.
1421 1758 1506 1833 Vidi
1523 1765 1597 1857 ipse
1611 1789 1717 1857 quam
1735 1788 1816 1833 vere
1828 1763 1999 1835 induebat
2014 1765 2103 1836 alio-

73 1871 261 1962 piditates?
298 1870 387 1940 Nam
402 1884 587 1964 postquam
602 1896 680 1965 spes
695 1884 835 1941 ostensa
850 1884 1063 1960 estcompo-
1113 1889 1193 1934 rum
1211 1865 1374 1949 affectus,
1399 1864 1529 1957 siquid
1545 1866 1618 1935 suis
1635 1867 1798 1951 deberet,
1823 1879 1857 1937 et
1874 1877 1993 1936 tamen
2009 1862 2102 1937 hanc

72 1973 212 2042 nendae
235 1972 305 2056 rei,
338 1994 415 2040 non
438 1973 604 2061 expetivit
626 1972 829 2057 victoriam,
861 1994 937 2040 non
957 1970 1063 2060 gessit
1114 1967 1293 2036 lenitatem
1323 1966 1398 2035 iure
1426 1968 1661 2057 temperabat;
1700 1961 1887 2038 cohercere
1918 1968 2102 2060 improbos

68 2096 210 2142 morem
230 2072 453 2157 iracundiae,
484 2075 544 2146 sed
566 2068 622 2143 his
644 2077 750 2144 rebus
772 2074 938 2143 omnibus
961 2095 1062 2163 prae-
1114 2069 1265 2140 volebat.
1316 2064 1369 2137 Ac
1386 2069 1415 2135 si
1429 2070 1586 2139 fortassis
1599 2069 1637 2137 in
1655 2092 1694 2139 ea
1711 2093 1750 2138 re
1766 2069 1861 2138 visus
1876 2083 1927 2140 est
1944 2066 2103 2142 homini·

70 2173 160 2245 tulit
195 2172 484 2265 tranquillitatem
518 2172 672 2265 Reipub.
734 2173 830 2243 Haec
863 2186 915 2242 est
949 2174 1062 2243 virtus
1114 2171 1179 2241 bus
1195 2169 1366 2260 imperitis
1381 2172 1620 2254 cunctantior,
1641 2171 1717 2241 laus
1732 2184 1783 2241 est
1798 2172 1987 2258 honitatis,
2012 2198 2103 2266 quae

72 2296 201 2363 magno
225 2274 303 2343 viro
326 2299 367 2345 ac
387 2276 536 2365 sapienti
561 2278 747 2366 praecipue
768 2277 891 2365 digna,
917 2276 1061 2344 iracun-
1113 2284 1205 2341 certe
1229 2272 1384 2339 eminere
1408 2273 1564 2341 debetin
1581 2271 1758 2363 Principe.
1810 2271 1894 2341 Vita
1913 2274 1988 2343 eius
2008 2274 2103 2345 inte-

73 2375 169 2445 diam
188 2375 344 2460 vincere,
368 2388 403 2446 et
427 2376 573 2466 privatis
595 2377 777 2448 affectibus
798 2378 974 2447 anteferre
996 2400 1063 2467 pu·
1112 2374 1187 2441 rior
1209 2373 1485 2452 modestissima,
1520 2374 1642 2443 nullus
1666 2375 1789 2453 luxus,
1815 2376 1935 2443 nullae
1955 2376 2102 2447 deliciae

70 2476 202 2547 blicam
219 2476 418 2550 utilitatem.
470 2477 725 2565 Praedicentur
741 2478 779 2547 in
801 2478 881 2547 aliis
895 2502 950 2548 res
968 2478 1061 2547 bello
1113 2474 1189 2543 viro
1218 2473 1406 2563 indignae,
1437 2474 1557 2543 nullae
1585 2473 1756 2543 libidines
1782 2488 1900 2559 erant,
1931 2477 2101 2568 quicquid

72 2590 206 2667 gestae,
232 2572 348 2647 hostes
364 2579 489 2648 inscie
505 2579 608 2663 victi,
634 2594 776 2671 paratae
791 2582 899 2650 armis
914 2581 1062 2671 provin·
1112 2599 1133 2644 a
1147 2576 1302 2665 negociis
1317 2575 1419 2645 vacui
1435 2575 1602 2667 temporis
1619 2570 1763 2656 habuit,
1789 2574 1826 2644 id
1843 2588 1957 2647 totum
1972 2590 2101 2648 contu-

72 2679 165 2764 ciae,
190 2679 252 2748 illa
272 2681 369 2748 enim
390 2694 472 2750 sunt
493 2705 638 2771 magna,
669 2697 704 2752 et
727 2706 829 2772 saepe
851 2682 1062 2766 necessaria3
1112 2678 1154 2747 lit
1187 2678 1227 2747 in
1254 2676 1440 2746 lectionem
1473 2701 1651 2748 sacrarum
1681 2676 1882 2763 literarum,
1915 2693 2101 2771 propterea

72 2782 225 2853 sednon
248 2784 387 2852 minora
405 2797 489 2851 sunt
505 2777 612 2861 haec,
638 2784 777 2852 ratione
798 2797 832 2851 et
855 2784 964 2851 animi
984 2807 1063 2852 mo-
1112 2780 1208 2872 quod
1224 2778 1407 2868 religionis
1419 2776 1642 2849 Christianae
1656 2779 1918 2849 amantissimus
1934 2792 2018 2849 erat.
2057 2778 2102 2849 ln

72 2882 256 2952 deratione
273 2884 438 2952 excitatos
454 2894 571 2948 motus
588 2882 709 2949 sedare
725 2906 765 2948 ac
781 2882 952 2969 mitigare,
978 2906 1063 2950 con·
1113 2876 1181 2949 hoc
1203 2880 1309 2950 etiam
1334 2866 1510 2971 postremo
1527 2894 1685 2970 tempore
1702 2882 1813 2949 multa
1829 2879 1931 2968 legit,
1956 2895 1989 2952 et
2004 2894 2045 2951 ut
2060 2906 2101 2950 ex

72 2982 154 3052 silio
170 2978 371 3074 prohibere,
397 3001 441 3045 ne
457 3001 514 3046 res
528 2979 573 3046 ad
588 3002 686 3048 arma
700 2982 905 3053 deducatur.
941 2978 1064 3073 ltaque
1113 2980 1317 3050 certissimis
1346 2980 1494 3050 testibus
1519 2982 1687 3069 cognovi,
1714 3004 1815 3071 saepe
1841 2996 1952 3052 certas
1982 3005 2102 3073 preces

72 3098 168 3154 recte
184 3085 287 3151 liceat
304 3102 473 3170 usurpare
490 3079 597 3150 illud:
1113 3082 1268 3151 interdiu
1290 3081 1472 3172 repetivit:
1505 3106 1594 3174 quae
1618 3082 1773 3172 pericula
1800 3106 1906 3174 quam
1927 3085 2102 3174 patienter

1115 3197 1257 3273 propter
1276 3183 1433 3253 studium
1449 3179 1638 3272 Evangelii
1661 3184 1797 3268 tulerit,
1822 3208 1928 3253 nemo
1950 3185 2101 3274 ignorat.

1113 3280 1159 3355 Et
1183 3284 1271 3354 favit
1297 3282 1393 3354 Deus
1419 3279 1475 3353 his
1495 3284 1705 3366 virtutibus,
1738 3298 1790 3356 tot
1818 3287 1922 3355 annis
1942 3287 2103 3358 defendit

69 3382 280 3479 praesertim
295 3380 325 3447 si
338 3377 417 3471 quis
431 3379 537 3449 etiam
553 3381 764 3461 consideret,
790 3396 961 3475 quantum
976 3378 1062 3453 haec
1112 3407 1212 3469 eum,
1249 3398 1284 3455 et
1310 3387 1406 3455 varia
1430 3386 1584 3478 pericula
1610 3386 1791 3471 discussit,
1826 3412 1866 3457 ac
1893 3412 1995 3479 saepe
2018 3413 2100 3460 eum

69 3483 270 3556 moderatio
286 3481 373 3549 boni
388 3479 546 3550 attulerit
561 3483 744 3551 universae
758 3478 935 3553 Ecclesiae
953 3480 1063 3553 Chri·
1112 3488 1369 3577 propemodum
1387 3511 1461 3556 non
1479 3510 1577 3556 secus
1594 3500 1698 3579 atque
1712 3483 1901 3557 Ezechiam
1914 3490 2101 3560 obsidione

72 3586 217 3659 stianae.
272 3580 369 3669 Quid
396 3581 491 3650 euim
515 3583 677 3652 futurum
693 3597 800 3664 esset,
826 3585 941 3677 qualis
958 3586 1062 3654 dissi·
1111 3588 1265 3657 cinctum
1288 3589 1462 3657 liberavit.
1513 3586 1617 3657 Nunc
1634 3583 1886 3660 nostraadlauc
1906 3593 2100 3683 tranquilla

71 3687 167 3782 patio
190 3682 430 3754 Ecclesiarum
458 3707 498 3751 ac
522 3686 736 3772 religionum
757 3700 938 3770 secutura,
972 3711 1060 3777 quae
1113 3689 1235 3777 patria,
1259 3711 1340 3755 eum
1354 3712 1396 3756 ex
1411 3683 1477 3756 hac
1491 3688 1564 3758 vita
1579 3691 1736 3759 evocavit
1748 3690 1837 3758 bene
1852 3706 2100 3781 praeparatum

70 3788 293 3859 sacerdotum
308 3785 344 3852 in
363 3800 512 3877 utruque
528 3799 625 3874 parte
641 3788 774 3866 caedes,
796 3798 825 3855 si
841 3789 973 3856 bellum
988 3789 1062 3858 ori·
1111 3790 1155 3858 ad
1176 3802 1346 3871 mortem,
1373 3801 1449 3856 tum
1474 3790 1553 3857 aliis
1574 3791 1730 3873 casibus,
1762 3804 1837 3859 tum
1860 3791 1965 3858 etiam
1981 3791 2100 3859 morbi

71 3888 194 3961 retur?
227 3900 364 3957 etcum
390 3886 483 3954 inter
510 3909 607 3955 arma
635 3886 763 3956 sileant
785 3888 894 3975 leges,
928 3904 1060 3981 quanto
1111 3889 1266 3960 saevitia.
1319 3887 1401 3955 lure
1428 3888 1537 3973 igitur
1560 3888 1739 3966 dolemus,
1770 3888 1886 3956 orbati
1907 3890 1969 3959 tali
1991 3888 2096 3961 Prin·

71 3990 186 4075 magis
221 3987 409 4077 disciplina
447 3986 676 4056 ecclesiastica
709 4002 744 4057 et
777 3990 960 4077 religionis
996 3992 1063 4057 do·
1111 3989 1205 4076 cipe,
1237 3999 1290 4056 tot
1314 3986 1471 4075 praedito
1493 3986 1701 4073 virtutibus,
1731 4001 1830 4058 tanto
1853 3990 1948 4081 pacis
1970 3993 2100 4078 studio,

74 4089 191 4161 ctrina
211 4089 468 4178 consilesceret,
495 4102 570 4157 tum
587 4089 892 4180 armisoppressa,
918 4090 1063 4159 tumfa-
1112 4101 1207 4160 tanta
1221 4086 1382 4157 bonitate
1398 4110 1479 4176 erga
1490 4110 1589 4172 suos,
1613 4102 1653 4159 ut
1667 4113 1741 4159 non
1756 4090 1875 4161 minus
1890 4115 1972 4161 vere
1987 4107 2101 4183 pater,
2172 4170 2177 4177 ,

72 4189 204 4261 naticis
235 4189 456 4274 doctoribus,
493 4189 623 4282 quibus
657 4190 799 4260 licentia
830 4189 1059 4259 bellilocum
1111 4212 1216 4283 quam
1237 4187 1405 4279 Princeps
1421 4189 1491 4257 dici
1514 4190 1633 4280 possit.
1685 4189 1791 4261 Nunc
1806 4193 1936 4284 quibus
1950 4193 1988 4262 in
2004 4195 2100 4285 peri·

70 4291 274 4386 praebitura
298 4304 397 4365 esset.
454 4291 578 4381 Itaque
603 4291 744 4383 quidvis
772 4313 909 4382 semper
937 4291 1063 4361 maluit
1111 4290 1218 4375 culis,
1244 4291 1280 4358 in
1296 4305 1429 4385 quanto
1445 4291 1649 4360 discrimine
1662 4302 1862 4379 versamur,
1886 4319 1960 4365 non
1973 4296 2101 4381 dicans,

69 4392 364 4477 DuxSaxouiae,
390 4416 495 4485 quam
519 4388 582 4460 has
603 4391 785 4482 religionis
807 4393 1063 4464 controversias
1112 4416 1156 4462 ne
1173 4391 1264 4460 male
1278 4392 1432 4461 ominari
1447 4392 1549 4462 vobis
1566 4394 1697 4463 videar.
1731 4392 1827 4464 lllud
1842 4420 1967 4488 precor
1982 4395 2099 4467 Deum

71 4494 183 4567 armis
207 4494 416 4574 diiudicari,
441 4495 537 4586 quod
563 4493 638 4562 eius
664 4493 834 4564 iudicium
860 4496 984 4587 quanti
1009 4494 1064 4563 fa·
1112 4490 1197 4586 Opt.
1219 4492 1317 4563 Max.
1338 4505 1380 4564 ut
1399 4494 1571 4564 foeliciter
1593 4496 1817 4589 conquiescat
1837 4495 1919 4567 Dux
1938 4497 2101 4583 loannes,

71 4596 240 4668 ciendum
256 4597 320 4680 sit,
345 4596 401 4664 vel
415 4620 456 4663 er
474 4619 515 4663 eo
537 4595 729 4665 existimari
750 4608 880 4685 potest,
903 4597 1000 4689 quod
1023 4595 1061 4665 in
1111 4609 1146 4666 et
1167 4608 1207 4665 ut
1224 4595 1395 4664 familiam
1418 4607 1577 4677 tucatur,
1599 4610 1632 4666 et
1649 4596 1722 4667 lilio
1738 4622 1819 4667 vere
1836 4621 2039 4673 successuro
2059 4600 2099 4669 in

71 4699 195 4771 eadem
211 4699 391 4769 voluntate
404 4692 522 4767 adhuc
539 4695 682 4788 quidem
699 4698 828 4768 videtis
841 4696 948 4766 fuisse
969 4698 1063 4787 opti·
1112 4697 1260 4789 patriam
1274 4695 1615 4767 administrationem
1630 4700 1757 4782 faveat,
1781 4722 1932 4792 eumque
1949 4713 2101 4788 tueatur,

72 4824 174 4872 mum
203 4798 407 4889 Principem
438 4796 607 4869 Carolum
636 4795 821 4869 Caesarem
851 4795 1062 4889 Augustum,
1111 4822 1151 4866 ac
1166 4799 1352 4882 defendat,
1377 4798 1471 4867 inter
1491 4794 1577 4867 haec
1597 4800 1751 4888 pericula
1768 4824 1858 4893 quae
1881 4802 2099 4892 impendent,

70 4914 115 4973 ut
128 4901 198 4972 alia
211 4901 355 4972 mitiora
370 4899 522 4969 remedia
539 4898 657 4990 potius
672 4912 838 4985 tentaret,
863 4924 969 4994 quam
987 4899 1063 4970 bel·
1112 4912 1147 4969 et
1160 4913 1202 4970 ut
1215 4898 1284 4990 ipsi
1301 4922 1341 4969 ac
1355 4896 1507 4990 Reipub.
1528 4924 1646 4989 pacem
1666 4924 1706 4968 ac
1724 4902 2018 4995 tranquillitatem
2034 4906 2101 4975 do·

71 5002 150 5074 lum
173 5016 341 5074 moveret.
399 4999 488 5073 Cum
514 5001 623 5090 igitur
646 4998 822 5092 Principis
850 5003 964 5071 nostri
986 5014 1062 5072 tum
1112 5013 1192 5084 net,
1224 5000 1269 5069 ad
1296 5000 1483 5071 utilitatem
1510 4998 1686 5070 Ecclesiae
1719 5016 1754 5073 et
1776 5002 1920 5073 laudem
1943 5007 2102 5076 nominis

70 5104 264 5190 foelicitas,
303 5118 380 5174 tum
410 5102 598 5187 autoritas,
631 5104 838 5173 tumeliam
864 5103 1062 5174 moderatio
1112 5098 1264 5187 Christi;
1288 5102 1324 5172 id
1342 5102 1436 5172 enim
1452 5102 1673 5192 agnoscimus
1690 5118 1724 5175 et
1740 5106 2000 5197 praedicamus,
2025 5132 2101 5177 non

72 5206 188 5277 animi
206 5206 400 5298 plurimum
414 5204 567 5274 valuerit
585 5198 756 5274 hactenus
772 5206 817 5274 ad
839 5205 1062 5275 retinendam
1113 5227 1213 5296 posse
1225 5202 1385 5295 Respub.
1401 5206 1506 5287 tueri,
1527 5205 1596 5272 nisi
1614 5203 1688 5274 Deo
1703 5223 1945 5278 conservante.
1979 5208 2100 5297 Quare

72 5330 208 5399 pacem,
228 5321 400 5402 quantum
418 5305 450 5375 ei
465 5306 618 5376 debeant
632 5329 755 5376 omnes
770 5306 942 5387 nationes,
960 5330 1064 5398 prse-
1113 5307 1158 5375 ah
1178 5306 1255 5397 ipso
1270 5330 1372 5397 opem
1396 5307 1647 5397 imploramus,
1671 5309 1715 5376 ad
1733 5309 1849 5401 ipsum
1864 5310 2099 5399 confugimus,

70 5409 176 5501 cipue
206 5432 290 5480 vero
325 5403 391 5479 hae
431 5407 613 5497 regiones,
649 5430 734 5481 ‚non
775 5421 827 5478 est
859 5409 1062 5480 obscurum.
1113 5408 1176 5502 qui
1205 5407 1347 5502 quidem
1383 5420 1548 5493 testatur,
1581 5429 1618 5478 se
1651 5410 1855 5482 auditurum
1882 5432 1954 5479 esse
1979 5431 2100 5498 preces

122 5516 303 5584 Μιιιιιτιι.
321 5514 423 5579 Orsa.
451 5513 534 5577 Vos..
551 5512 615 5581 xl.
1410 5505 1457 5579 16

182 3235 296 3300 Cedant
310 3255 390 3295 arms
402 3247 506 3315 togae,
534 3235 677 3298 concedat
690 3240 790 3298 laurea
807 3238 936 3319 linguae.
