4732 6030
262 258 338 335 916
676 245 837 321 DECL.
872 243 950 318 DE
981 242 1193 318 LEGUM
1226 240 1523 319 FONTlBUS
1555 241 1629 318 ET
1656 240 1885 335 ‚CAUSlS
2061 236 2069 243 ’
2233 240 2320 316 stu

270 434 337 513 sit,
364 439 515 500 moneat.
575 421 691 494 Discis
714 418 884 491 iustitiam
911 417 1157 512 aequalitatem
1182 439 1266 486 esse.
1418 414 1557 488 llarum
1576 416 1758 487 simiarum
1776 440 1857 486 cum
1874 414 2008 485 similes
2022 416 2094 485 sint
2106 413 2224 498 multi,
2252 416 2319 509 qui

271 532 338 606 Est
358 555 439 621 ergo
465 541 499 597 et
512 526 607 595 Deus
622 522 802 593 verissime
824 521 1000 614 aequalis,
1028 520 1266 589 alienissimus
1318 518 1384 591 boc
1400 519 1644 592 Romanorum
1661 519 1716 591 ius
1731 517 2070 608 sapientissimorum
2086 529 2121 587 et
2135 517 2318 608 peritissi-

273 621 623 729 οπροσωποληψίᾳ,
650 640 684 697 et
700 627 744 694 ab
759 624 927 694 omnibus
946 622 1139 716 tyrannicis
1154 621 1266 690 mori·
1317 648 1458 693 morum
1483 617 1679 691 bominum
1708 620 2025 690 deliberationibus
2050 620 2245 710 scriptum,
2282 635 2319 693 et

273 743 352 810 bus.
385 731 482 802 llaec
497 731 622 818 ingens
637 722 833 798 consolatio
848 738 908 795 est.
934 724 1024 795 Nam
1040 748 1120 794 cum
1136 746 1267 816 aequa-
1317 726 1447 795 deinde
1470 724 1685 795 illustratum
1704 723 1925 814 vituperant,
1951 736 1986 792 et
2006 721 2114 792 stulte
2130 722 2318 794 somniant

274 840 318 908 lis
335 839 398 925 sit,
425 832 658 903 certissimum
676 844 727 899 est
743 829 833 897 velle
850 851 931 897 enm
948 850 1072 895 omnes
1090 828 1135 895 ad
1152 825 1266 894 lilium
1318 851 1355 897 se
1368 827 1550 896 meliorem
1565 826 1727 917 politiam
1753 826 1906 894 condere
1930 846 2030 915 posse
2038 876 2051 908 ,
2078 848 2206 894 eorum
2221 825 2319 896 deli-

274 938 517 1027 conlugientes
531 933 697 1024 recipere,
714 954 779 1000 nec
788 930 879 1000 velle
895 928 1082 1017 imaginari
1098 942 1266 1020 tanquam
1319 943 1477 998 ramenta
1497 928 1716 1018 explodenda
1732 940 1831 996 sunt:
1858 950 2011 1019 quorum
2028 939 2163 1019 quanta
2187 926 2233 997 sit
2253 951 2316 999 va-

276 1047 320 1112 de
341 1055 513 1135 tyranno,
545 1049 579 1104 et
605 1036 636 1103 si
658 1035 747 1103 alios
770 1033 914 1124 recipit,
947 1044 980 1101 te
1005 1043 1124 1101 tamen
1143 1028 1268 1097 reiicit.
1320 1033 1432 1113 nitas,
1466 1030 1603 1100 etiamsi
1636 1029 1794 1097 iuniores
1821 1029 1985 1098 nondum
2014 1031 2158 1114 vident,
2193 1042 2319 1101 tamen

275 1141 368 1214 Cum
392 1140 479 1230 legis
499 1137 683 1207 veritatem
708 1136 874 1205 virtutem
897 1157 988 1213 esse,
1018 1155 1087 1224 qna
1112 1154 1210 1200 mens
1233 1141 1268 1198 et
1320 1133 1520 1203 senioribus
1540 1145 1574 1201 et
1587 1130 1711 1221 peritis
1725 1132 1882 1213 credant,
1908 1153 1982 1200 non
1999 1145 2132 1200 temere
2146 1130 2237 1222 leges
2256 1155 2317 1202 sa-

278 1246 390 1316 oratio
407 1253 625 1330 congruunt,
656 1251 691 1307 et
705 1237 798 1308 dicta
812 1260 851 1305 ac
866 1249 964 1326 pacta
981 1245 1182 1303 constanter
1195 1255 1269 1300 ser·
1321 1236 1482 1325 picotum
1517 1248 1551 1303 et
1583 1233 1777 1323 peritorum
1810 1232 1953 1302 iudiciis
1985 1234 2094 1318 latas,
2139 1247 2318 1325 receptas,

278 1361 423 1417 vantur:
450 1341 620 1431 cogitabis
632 1338 747 1410 Deum
762 1361 922 1407 veracem
938 1359 1029 1418 esse,
1054 1358 1119 1402 nec
1131 1335 1270 1402 dissert·
1321 1338 1576 1425 comprobatas,
1597 1335 1784 1402 mutandas
1798 1356 1883 1404 esse.
1917 1331 1994 1403 Hae
2010 1334 2085 1425 ipsa
2101 1336 2145 1405 de
2159 1360 2199 1405 re
2213 1359 2317 1429 saepe

278 1450 346 1518 tire
361 1473 380 1517 a
397 1470 459 1516 sua
475 1440 728 1536 promissione,
754 1463 845 1531 quae
858 1437 1067 1508 universalis
1082 1450 1143 1508 est.
1177 1434 1269 1504 Cum
1322 1437 1545 1528 gravissimas
1564 1435 1918 1507 commonefactioncs
1933 1437 2137 1508 audivimus
2152 1433 2222 1509 hoc
2238 1439 2316 1530 ipso

226 1567 233 1581 ·
280 1550 367 1640 legis
394 1569 525 1638 poenas
545 1544 733 1621 scelerum,
766 1565 840 1610 non
868 1535 953 1624 has,
987 1535 1135 1630 Epicuri
1162 1560 1271 1619 more,
1322 1541 1361 1608 in
1380 1541 1459 1609 loco
1481 1562 1501 1606 a
1522 1538 1717 1607 clarissimo
1743 1537 1819 1606 viro
1842 1535 1888 1611 D.
1913 1536 2134 1633 Hieronymo
2158 1534 2316 1625 Schurff,

279 1664 416 1722 tantiam
440 1659 585 1739 propter
611 1643 903 1736 tranquillitatem
934 1635 1091 1709 humano
1120 1639 1271 1708 consilio
1323 1654 1547 1733 praeceptore
1573 1653 1696 1709 nostro
1729 1653 1895 1730 perpetua
1924 1642 2121 1712 reverentia
2144 1642 2318 1712 colendos

280 1752 458 1832 institutas
474 1769 548 1817 esse
566 1759 684 1836 putes,
711 1768 833 1814 verum
851 1743 1001 1812 sancitas
1016 1741 1208 1823 divinitus,
1231 1752 1273 1810 ut
1324 1745 1423 1813 cuius
1435 1741 1624 1824 iudicium,
1649 1764 1729 1811 cum
1747 1742 1969 1828 eruditione,
1985 1757 2116 1826 aetate,
2141 1767 2232 1829 usu,
2260 1767 2319 1814 aa·

281 1856 353 1923 sint
369 1846 909 1936 commonefactionesdeipsius
925 1843 1073 1915 iusticia.
1109 1840 1272 1934 Denique
1323 1845 1457 1935 pientia
1472 1843 1628 1926 excellat,
1652 1866 1756 1935 quem
1772 1844 1917 1935 quidem
1933 1843 2318 1915 utIlensincolnrnem

281 1955 386 2048 plena
402 1965 453 2021 est
469 1947 555 2019 haec
573 1961 645 2018 tota
659 1949 819 2018 doctrina
836 1946 1039 2037 sapientiae,
1066 1969 1171 2036 quam
1189 1967 1271 2042 pro·
1322 1945 1478 2039 Reipub.
1494 1945 1557 2014 din
1575 1958 1688 2013 servet
1702 1957 1777 2014 toto
1792 1959 1933 2036 pectore
1945 1959 2038 2038 opto,
2056 1948 2161 2036 longe
2173 1949 2318 2017 anteie-

281 2059 361 2149 pius
374 2053 559 2146 aspicietis,
581 2075 660 2120 cum
678 2051 844 2119 accedent
859 2063 963 2127 aetas,
990 2046 1154 2127 eruditio,
1176 2068 1272 2118 usus.
1324 2071 1443 2118 ramus
1458 2048 1585 2118 stultae
1600 2045 1781 2116 iuniorum
1795 2048 2002 2119 curiositati.
2049 2050 2119 2120 Sed
2133 2041 2319 2120 dehacre

281 2158 385 2229 Nunc
401 2154 553 2223 multum
570 2153 755 2241 proiecisse
770 2142 927 2219 iuniores
944 2173 980 2217 se
994 2149 1123 2231 sciant,
1149 2148 1178 2215 si
1193 2148 1272 2214 illas
1324 2151 1410 2221 alias
1424 2150 1525 2242 plura
1541 2149 1709 2218 dicemus.

281 2257 482 2328 barbaricas
498 2253 683 2343 opiniones
705 2276 747 2320 ex
768 2252 894 2319 animis
912 2251 1071 2329 elicient,
1099 2273 1188 2341 quae
1205 2249 1272 2316 fin·
1425 2251 1617 2344 Postquam
1642 2266 1757 2319 antem
1780 2274 1860 2334 vos,
1891 2262 1933 2320 ut
1954 2251 2064 2321 officii
2087 2253 2203 2324 nostri
2227 2254 2317 2325 ratio

282 2377 370 2450 gunt
386 2358 499 2447 leges,
524 2368 559 2425 et
582 2350 678 2423 bunc
702 2355 865 2422 ordinem
883 2353 1085 2444 politicum,
1112 2351 1272 2444 tyranni·
1326 2354 1495 2447 postulat,
1528 2352 1780 2422 commonefeci
1802 2353 1846 2421 de
1866 2350 2065 2423 reverentia
2089 2356 2236 2445 politico
2258 2380 2315 2426 or·

282 2486 363 2533 cum
388 2480 562 2529 carcerem
588 2480 680 2540 esse,
709 2479 774 2526 nec
796 2452 873 2524 Deo
892 2478 996 2523 curae
1014 2476 1097 2523 esse.
1125 2465 1158 2521 et
1181 2451 1273 2520 inci·
1326 2457 1403 2524 dini
1418 2456 1551 2538 debita,
1577 2477 1645 2546 qua
1660 2453 1763 2522 etiam
1779 2450 1856 2523 Deo
1872 2456 2125 2543 gratitudinem
2138 2471 2319 2547 praestare

283 2565 381 2657 pient
406 2562 444 2629 in
466 2555 532 2630 ltac
552 2559 716 2626 miranda
742 2557 1008 2625 conservatione
1032 2569 1179 2625 naturae
1204 2548 1273 2622 bu·
1325 2558 1475 2628 debetis:
1508 2581 1572 2625 oro
1599 2579 1696 2624 nunc
1720 2568 1794 2625 toto
1826 2570 1965 2648 pectore
1986 2555 2100 2626 Deum
2128 2571 2318 2630 aeternum

282 2688 407 2735 manae
423 2676 457 2734 et
473 2660 727 2752 gubernatione
743 2659 975 2751 praesentiam
992 2654 1060 2726 Dei
1075 2679 1273 2746 agnoscere,
1325 2673 1460 2751 patrem
1491 2655 1638 2726 Domini
1665 2658 1777 2727 nostri
1801 2655 1881 2728 lesu
1904 2653 2056 2743 Cbristi,
2094 2661 2321 2732 conditorem

281 2761 474 2838 abhorrere
487 2788 508 2834 a
523 2761 794 2832 conturbatione
807 2759 961 2829 ordinis:
988 2773 1022 2828 et
1031 2759 1144 2828 Deum
1160 2781 1272 2838 orare,
1326 2762 1414 2832 coeli
1431 2774 1466 2830 et
1477 2773 1607 2854 terrae,
1633 2770 1665 2826 et
1681 2753 1870 2829 hominum
1884 2775 1918 2831 et
1931 2758 2111 2832 Ecclesiae
2124 2787 2220 2849 suae,
2246 2785 2318 2833 una

280 2884 320 2942 ut
329 2866 511 2960 suioperis
520 2865 687 2934 internos
696 2870 1088 2933 custoset‘conservator
1097 2883 1170 2929 esse
1179 2859 1274 2929 velit.
1326 2888 1406 2933 cum
1422 2863 1495 2931 lilio
1511 2858 1742 2930 suoDomino
1757 2876 1880 2933 nostro
1892 2861 1969 2933 lesu
1977 2858 2128 2942 Christo,
2144 2865 2317 2933 crucifixo

380 2969 565 3041 Postremo
588 2968 693 3038 etiam
710 2988 838 3034 moneo
860 2964 1037 3047 iuniores,
1062 2974 1104 3031 ut
1121 2961 1274 3030 insulsos
1326 2989 1391 3056 pro
1409 2963 1513 3032 nobis
1529 2977 1561 3032 et
1583 2963 1807 3049 resuscitato,
1827 2978 1862 3035 et
1878 2963 2017 3056 Spiritu
2032 2977 2166 3044 sancto,
2191 2978 2235 3035 nt
2250 2987 2317 3035 sua

282 3088 317 3144 et
341 3071 525 3142 seditiosos
548 3071 718 3139 clamores
740 3091 864 3138 eorum
888 3065 1093 3155 explodaut,
1126 3063 1189 3157 qui
1206 3058 1274 3133 ltoc
1326 3069 1497 3137 immensa
1514 3065 1755 3134 misericordia
1775 3080 1918 3158 propter
1931 3068 2045 3137 tilium
2065 3077 2232 3160 perpetuo
2255 3067 2318 3135 in·

281 3172 529 3245 Romanorum
545 3171 601 3238 ius
616 3171 837 3260 vituperant,
865 3182 899 3238 et
916 3167 1096 3237 somniant
1111 3189 1147 3235 se
1162 3188 1273 3234 novas
1328 3184 1459 3239 ternos
1476 3167 1620 3256 colligat
1636 3180 1814 3238 aeternam
1829 3163 2082 3240 haereditatem
2096 3168 2189 3255 filio,
2213 3181 2248 3238 et
2259 3192 2316 3238 re-

281 3276 376 3364 leges
390 3273 541 3341 condere
557 3291 668 3359 posse.
719 3267 857 3338 Horum
881 3270 1070 3338 stulticiam
1088 3292 1162 3337 non
1178 3269 1273 3337 refu·
1327 3285 1384 3361 gat
1399 3294 1464 3341 nos
1478 3268 1616 3362 Spiritu
1637 3282 1758 3338 sancto
1780 3293 1862 3353 suo,
1887 3285 2004 3340 servet
2019 3267 2179 3363 hospicia
2195 3265 2317 3341 Eccle-

282 3378 366 3448 tabo
387 3374 492 3462 longa
510 3370 690 3452 oratione,
715 3393 795 3438 cum
818 3369 961 3461 quidem
980 3394 1079 3452 vera,
1108 3371 1224 3457 gravis
1240 3383 1274 3438 et
1327 3374 1416 3457 siae,
1440 3386 1568 3442 etcum
1584 3371 1762 3442 verissime
1774 3370 1818 3438 sit
1831 3369 1911 3439 fons
1927 3372 2125 3461 sapientiae
2140 3386 2177 3445 et
2190 3373 2317 3462 legum,

282 3477 468 3571 splendida
491 3473 658 3542 refutatio
681 3470 815 3562 opponi
845 3470 965 3560 possit.
1022 3469 1092 3539 Sed
1116 3494 1211 3538 nunc
1235 3470 1274 3537 in
1327 3476 1372 3543 sit
1389 3488 1504 3544 custos
1520 3470 1913 3564 internosdisciplinae
1937 3471 2076 3563 legum,
2102 3473 2317 3545 iudiciorum

281 3576 348 3650 bac
363 3578 529 3669 temporis
544 3574 703 3664 angustia
726 3596 803 3642 eam
818 3573 956 3645 omitto.
981 3584 1117 3641 tantum
1135 3570 1273 3664 Apolo-
1327 3590 1362 3648 et
1385 3577 1547 3661 virtutis,
1577 3590 1612 3647 et
1633 3573 1761 3645 efficiat
1783 3587 1824 3644 ut
1847 3597 1986 3665 semper
2002 3574 2099 3646 inter
2121 3598 2188 3645 nos
2202 3576 2319 3646 luceat

283 3704 365 3773 gum
383 3680 559 3760 recitabo,
583 3677 644 3770 qni
663 3675 793 3747 illustri
812 3674 968 3763 imagine
987 3675 1159 3753 ostendit,
1186 3699 1273 3767 qua·
1325 3702 1408 3748 vera
1425 3679 1535 3769 ipsius
1550 3678 1695 3769 agnitio,
1719 3689 1760 3747 ut
1775 3699 1856 3748 eum
1869 3676 1909 3745 in
1922 3677 2023 3747 omni
2037 3678 2250 3749 aeternitate
2265 3701 2319 3748 cc·

281 3786 333 3853 les
357 3785 430 3854 sint
451 3782 506 3850 illi
527 3780 613 3849 novi
628 3772 875 3848 Nomothetae.
928 3774 1040 3846 Simia
1061 3800 1151 3868 qnae
1174 3789 1272 3866 capta
1327 3781 1514 3853 lebremus.
1565 3780 1660 3853 Dixi.

282 3888 327 3955 ab
342 3881 572 3965 hominibus,
597 3879 819 3973 aliquamdiu
832 3878 969 3948 viderat
986 3879 1110 3961 urbes,
1136 3880 1273 3962 domos,
1643 3898 1646 3903 ·

281 3984 470 4058 hominum
486 4005 711 4072 congressus,
736 3975 892 4064 theatra,
916 3979 1128 4070 spectacula,
1151 3979 1272 4050 ludos:

281 4104 399 4184 postea
413 4088 528 4178 elapsa
543 4085 648 4155 rediit
663 4085 708 4152 ad
723 4083 855 4164 simias,
881 4105 921 4150 ac
937 4095 1057 4150 narrat
1073 4083 1159 4174 quid
1175 4083 1274 4151 vide-
1325 4128 1358 4198 N
1359 4155 1380 4196 0
1417 4130 1488 4199 ¹17
2088 4127 2146 4207 (an
2176 4132 2266 4197 1550
2286 4131 2316 4213 ²)

282 4193 345 4264 rit:
366 4187 533 4260 hortatur
552 4200 592 4257 ut
614 4181 800 4254 hominum
821 4183 1019 4251 imitatione
1035 4185 1190 4254 condant
1208 4186 1274 4252 do·
1332 4182 1505 4253 »02⁸2
2097 4224 2310 4261 Μ

281 4315 377 4375 mos,
403 4290 533 4384 quibus
557 4299 720 4376 tegantur
743 4300 866 4356 contra
887 4298 1124 4376 tempestates:
1151 4301 1184 4356 et
1207 4287 1273 4354 ad·
1445 4318 1496 4403 D
1546 4321 1568 4404 ι
1785 4314 1938 4401 πίω
1987 4324 2007 4398 t
2152 4318 2162 4335 ·

281 4396 368 4463 dant
400 4391 539 4460 moenia
573 4389 741 4456 adversus
771 4388 910 4470 leones,
943 4388 1065 4480 lupos,
1099 4382 1272 4460 homines.
1497 4346 1522 4403 e
1566 4345 1626 4429 eg
1629 4345 1706 4407 um
1725 4313 1763 4433 f
1757 4345 1783 4401 ⁰
1840 4344 1856 4400 ⁸
1960 4340 1985 4398 θ
2030 4340 2196 4422 cmm·

281 4493 354 4566 Nec
378 4504 515 4564 tantum
534 4485 619 4559 haec
633 4489 769 4558 utilitas
789 4488 1016 4579 proponitur,
1041 4491 1101 4557 sed
1118 4513 1271 4557 comme·
1395 4495 1425 4548 tn
1440 4495 1532 4550 select.
1546 4491 1794 4549 Declamat.T.1V.
1807 4510 1835 4560 p.
1846 4491 1973 4562 ttanqq,
1990 4489 2315 4567 Servor.T.tV.p.1oet

193 4642 198 4661 ι
279 4609 469 4669 morantur
490 4587 624 4664 theatra
651 4605 684 4660 et
705 4591 912 4684 spectacula.
962 4589 1102 4661 Horum
1121 4590 1272 4662 imitatio
1425 4562 1795 4632 etRietndJrJtpaso,

279 4724 425 4790 magnas
440 4696 639 4819 voluptates
652 4695 809 4815 paritura
825 4693 1036 4812 videbatur..
1068 4690 1186 4810 lJlacet
1206 4693 1274 4812 igi·
1324 4725 1451 4794 Oratio
1467 4723 1626 4794 deveris
1641 4723 1771 4817 lem,
1784 4716 1956 4815 pontt-hm
1969 4729 2008 4792 et
2024 4727 2178 4806 cml-33
2201 4726 2316 4818 πρὸ..

280 4818 338 4873 tur
359 4802 569 4884 consrlrum,
594 4812 628 4868 et
644 4798 830 4868 drmrttunt
845 4796 982 4864 vetulae
1008 4819 1132 4865 srmrae
1153 4818 1272 4864 tunm-
1324 4847 1416 4896 cam
1433 4827 1548 4896 simul
1575 4834 1614 4896 et
1636 4823 1737 4895 hm
1759 4826 2037 4918 quaestionem,
2069 4825 2132 4895 A„
2155 4828 2315 4900 nm

279 4927 336 4974 res
353 4908 397 4973 ad
413 4902 601 5023 ‘materiam
624 4902 859 4978 caedendam,
875 4912 920 5016 fl
933 4920 1013 4967 saxa
1032 4891 1272 5016 convellenda.
1322 4933 1407 5000 im
1425 4935 1464 4998 ey
1478 4932 1631 5021 ,cryptis
1644 4949 1789 5015 emm,
1817 4930 1882 5021 qm·
1899 4923 1943 4999 id
1956 4930 2210 5020 interpretati
2223 4936 2315 5019 Μ,

280 5005 352 5078 Sed
384 5000 442 5074 luc
475 4997 751 5094 deprehendunt
785 5001 972 5070 stultrttam
999 5022 1099 5067 snam
1134 5023 1268 5071 srmrae.
1689 5029 1872 5102 mendum
1888 5033 1951 5099 mv

277 5106 434 5179 Deerant
447 5129 604 5187 secures,
630 5118 664 5173 et
679 5105 768 5173 ratio
785 5103 886 5171 nulla
906 5116 981 5172 erat
996 5102 1051 5170 vel
1072 5105 1270 5171 caedendae
1320 5133 1406 5219 Etsi
1425 5175 1520 5217 meae
1537 5140 1789 5219 conmfionpsv

276 5211 463 5296 materiae,
490 5207 546 5278 vel
560 5205 829 5295 coagmentandi
845 5203 990 5295 lapides.
1033 5201 1197 5296 Denique
1213 5228 1270 5272 ars
1322 5254 1329 5268 .
1530 5252 1539 5267 .
1789 5143 1872 5242 >¹¹¹
1890 5140 2091 5216 ¹⁰⁰h⁰³¹¹d³
2113 5142 2186 5220 hac
2210 5152 2316 5243 ,ΨΜ

274 5328 346 5386 tota
364 5307 637 5385 architectonica
654 5308 786 5378 deerat.
837 5303 911 5378 Res
926 5305 1035 5394 igitur
1050 5306 1143 5395 cogit
1157 5329 1214 5375 m
1232 5306 1268 5376 id
1320 5265 1610 5342 interpretatione
1625 5251 1756 5320 multae
1769 5250 1914 5320 suerunt
1929 5273 2063 5334 causae,
2079 5263 2210 5324 tamen
2225 5276 2316 5348 prae·

273 5419 369 5511 quod
388 5416 495 5489 stulte
509 5408 756 5522 instituerant,
777 5408 951 5482 omittere.
1322 5378 1743 5499 montaneam
1760 5430 1861 5502 inepte.

2358 5260 2361 5283 l
