4732 6030
261 276 332 349 451

261 451 386 523 civitas
409 456 585 516 evomeret
605 463 685 511 suas
704 437 869 524 delicias,
901 452 936 509 et
958 439 1165 527 sanguinem
1184 439 1252 507 bo-

261 575 409 633 norum,
431 569 518 638 quos
538 542 679 637 tyranni
693 540 824 610 iniuste
840 541 1117 626 trucidaverant3
1144 540 1250 658 paulo

262 669 343 748 post
359 649 493 720 Sibaris
509 646 620 714 deleta
638 660 698 714 est.
752 640 803 713 lta
821 655 985 712 evoment
1003 644 1144 712 tandem
1162 638 1251 758 Epi-

263 755 380 844 scopi,
407 749 466 840 qui
489 771 584 817 nunc
608 744 843 816 Sibaritarum
866 769 965 812 more
988 745 1128 823 vivunt,
1156 767 1252 833 rapi-

263 879 325 925 nas
357 865 391 921 et
418 851 625 938 sanguinem
649 849 789 938 piorum
813 845 1055 917 sacerdotum.
1121 843 1251 913 Mona-

262 953 348 1026 chus
366 951 510 1045 quidam
528 951 566 1018 in
582 949 752 1017 concione
768 949 928 1039 publica,
953 948 1118 1016 audiente
1135 944 1252 1061 Impe-

262 1070 380 1128 ratore
400 1050 550 1135 Carolo,
582 1051 687 1129 dixit,
712 1047 827 1119 Deum
848 1072 923 1119 non
944 1049 1106 1118 futurum
1128 1070 1251 1138 props-

263 1162 378 1237 cium,
400 1155 470 1222 nisi
494 1166 607 1222 totum
632 1151 790 1220 cubitum
815 1150 909 1219 lavet
929 1150 968 1216 in
991 1150 1160 1238 sanguine
1176 1146 1251 1264 Im-

262 1257 423 1331 therauo.
477 1249 711 1324 Perhorresco
721 1253 875 1320 referens
888 1247 978 1319 hanc
991 1274 1111 1320 vocem
1126 1251 1250 1318 auditu

263 1360 453 1431 crudelem.
506 1356 606 1444 Quae
620 1353 714 1421 enim
730 1355 796 1423 luit
808 1377 964 1445 unquam
981 1353 1066 1420 adeo
1080 1352 1157 1468 fera
1168 1351 1250 1419 bar-

262 1463 397 1540 baries,
424 1459 463 1526 in
485 1480 554 1549 qua
576 1469 672 1524 tanta
690 1454 910 1538 immanitas,
935 1466 1031 1523 tanta
1047 1454 1122 1521 sitis
1138 1464 1251 1569 extitit

263 1564 379 1634 civilis
410 1559 611 1647 sanguinis,
650 1569 779 1648 quanta
807 1570 856 1624 est
886 1557 924 1621 in
949 1554 1024 1625 istis
1045 1550 1251 1670 hypocritis,

262 1667 362 1734 nulla
378 1664 420 1730 de
438 1683 558 1740 causa,
584 1658 653 1726 nisi
669 1659 854 1749 quoduon
868 1656 1115 1747 applaudimus
1133 1679 1251 1722 omni-

262 1767 330 1835 bus
352 1787 473 1831 eorum
496 1759 747 1850 opinionibus,
785 1781 933 1849 quarum
957 1757 1087 1824 multas
1110 1756 1178 1847 ipsi
1199 1757 1251 1824 fa·

263 1879 383 1938 tentur
414 1886 486 1931 esse
521 1861 645 1951 impias
676 1872 710 1928 et
738 1860 867 1927 erroris
898 1857 1038 1948 plenas,
1073 1870 1108 1924 et
1128 1857 1250 1975 deien-

264 1970 355 2037 (lunt
377 1989 432 2033 eas
455 1978 570 2032 tamen
592 1963 743 2052 quadam
767 1959 981 2049 pervicacia,
1017 1959 1112 2050 quod
1134 1971 1251 2027 existi-

263 2082 361 2136 mant
375 2063 576 2134 labefactari
590 2062 825 2150 autoritatem,
850 2061 976 2152 siquid
995 2073 1142 2132 mutent.
1178 2059 1251 2127 Ta-

263 2171 310 2239 lia
335 2168 397 2260 qui
413 2167 554 2248 dicunt,
580 2177 699 2232 utrum
718 2160 893 2231 Ecclesiae
910 2162 1180 2250 gubernatores,
1206 2185 1252 2229 an

262 2270 376 2339 farriae
399 2283 433 2336 et
453 2267 618 2360 Erynnes
642 2264 770 2333 rectius
795 2265 865 2331 dici
887 2263 1040 2331 debent?
1090 2261 1159 2331 Sed
1175 2260 1250 2332 Deo

264 2373 400 2440 dabunt
422 2391 570 2459 poenas,
596 2366 657 2455 qni
673 2367 761 2432 solet
777 2366 976 2453 insignibus
994 2365 1160 2455 exemplis
1178 2389 1251 2432 ma·

262 2473 428 2539 nisestum
450 2466 632 2554 religionis
654 2479 893 2556 contemptum
916 2465 1053 2555 punire.
1114 2465 1251 2534 Interea

261 2594 325 2639 vos
349 2568 608 2638 commilitones
635 2560 823 2650 adhortor,
846 2612 849 2619 -
870 2579 910 2634 ut
938 2564 1061 2634 Lazari
1092 2566 1250 2658 exemplo

261 2671 346 2741 forti
370 2670 489 2738 animo
508 2663 710 2760 ⁸praesentes
731 2690 916 2736 aerumnas
937 2667 1066 2741 seratis.
1124 2664 1252 2738 Aderit

262 2773 367 2842 nobis
388 2768 505 2858 Deus,
540 2793 675 2861 nosque
698 2769 784 2853 alet,
808 2783 849 2838 ut
874 2769 1041 2859 scriptum
1065 2783 1130 2838 est:
1158 2768 1250 2845 lacta

265 2896 383 2944 curam
408 2885 505 2941 tuam
529 2871 568 2938 in
588 2870 720 2954 Deum,
754 2869 883 2961 etipse
907 2882 941 2938 te
963 2871 1127 2944 enutriet.
1179 2869 1251 2940 Nee

262 2974 433 3045 deterreri
454 2996 516 3042 vos
531 2997 549 3040 a
564 2973 667 3040 rectis
683 2971 826 3056 studiis,
845 2971 933 3062 apia
949 2972 1120 3040 sententia
1136 2973 1251 3056 sinite,

261 3077 318 3146 vel
332 3076 485 3166 inopiae,
511 3074 566 3142 vel
581 3073 728 3141 aliarum
746 3096 993 3141 aerumnarum
1009 3086 1115 3144 metu.
1157 3073 1250 3161 Qui·

261 3180 343 3248 dam
373 3173 657 3262 languidioribus
682 3173 810 3240 animis
832 3175 1000 3264 praediti,
1042 3175 1208 3244 deliciunt
1232 3198 1250 3242 a

261 3275 425 3360 Christo,
450 3288 483 3342 et
506 3275 704 3360 adiungunt
722 3296 757 3339 se
777 3268 940 3343 hostibus
955 3271 1162 3362 Evangelii,
1187 3299 1252 3343 nec.

262 3380 405 3460 rident,
433 3399 537 3468 quam
555 3373 740 3455 miserum,
768 3397 870 3463 quam
887 3387 988 3465 turpe
1004 3377 1059 3458 sit,
1084 3377 1251 3445 assentari

263 3480 436 3572 tyrannis.
488 3474 636 3544 Hesiodi
671 3473 865 3541 versiculus
900 3488 1012 3559 extat,
1054 3476 1114 3567 qui
1151 3501 1252 3567 prae-

263 3593 401 3669 ceptum
423 3576 666 3666 gravissimum
692 3575 867 3660 continet,
893 3579 986 3668 quod
1011 3599 1113 3668 saepe
1136 3578 1251 3647 incul-

263 3694 344 3750 cant
359 3693 391 3748 ct
407 3671 623 3769 Prophetae:

342 3807 423 3890 μηδὲ
444 3811 547 3870 κακῶν
567 3804 678 3889 ἕταρον
696 3801 769 3886 μηδ’
790 3803 913 3870 ἐσθλῶν
933 3806 1124 3890 νεικεστῆρα.

261 3933 314 4002 Ne
337 3933 397 4000 tias
418 3931 532 3999 socius
556 3929 821 4018 improborum,
852 3953 917 3997 nec
940 3930 1158 4000 conviciator
1184 3925 1252 3999 ho-

260 4047 453 4103 nestorum.
503 4029 572 4098 Hie
595 4030 788 4098 versiculus
813 4030 1000 4099 admoneat
1021 4055 1100 4118 vos,
1137 4056 1182 4100 ne
1205 4034 1249 4101 ad

260 4136 460 4206 societatem
476 4154 597 4199 corum
618 4152 677 4196 vos
693 4130 903 4218 adiungatis,
929 4131 991 4223 qui
1008 4157 1088 4200 cnm
1104 4133 1250 4203 veritate

261 4237 533 4322 belligerantur,
565 4253 605 4296 ac
630 4252 675 4295 ne
697 4230 919 4318 adplaudatis
943 4233 1129 4317 conviciis,
1161 4260 1251 4327 quae

262 4336 430 4403 dicuntur
452 4331 618 4397 adversus
639 4328 733 4417 piam
755 4329 970 4404 doctrinam.
1026 4329 1123 4400 Haec
1147 4347 1251 4423 petu-

260 4435 370 4504 lantia
386 4427 494 4498 habet
509 4430 624 4498 tristes
641 4428 765 4500 exitus.
813 4426 929 4497 Deum
945 4445 1061 4499 autem
1077 4456 1251 4522 rogemus,

260 4549 301 4606 ut
316 4530 463 4603 honesta
479 4543 512 4599 et
525 4530 583 4622 pia
601 4529 716 4600 studia
732 4530 905 4619 gubernet
922 4555 962 4600 ac
976 4546 1126 4606 tueatur.

276 4899 342 4970 No.
359 4898 419 4974 56.
516 4961 519 4965 .

263 4996 435 5026 m

1083 4933 1132 4979 on.
1151 4913 1247 4980 1539.

1076 5001 1248 5029 Μ

466 5104 542 5188 De
572 5099 728 5215 officio
760 5100 1043 5218 Principum.

325 5277 433 5334 Prodiit
443 5278 604 5359 separatim:
626 5276 694 5345 „De
706 5276 800 5331 ollicio
814 5277 992 5351 Principum,
1012 5282 1086 5352 quod
1099 5285 1151 5339 Dei
1160 5305 1247 5408 pne-

356 5349 438 5416 cipiat
458 5365 496 5398 ers
510 5344 718 5426 tolleresbusns
736 5346 882 5403 Ecclesiae.
921 5349 1007 5406 Viteb.
1018 5350 1092 5406 1539.
1110 5355 1137 5410 8.
1187 5350 1246 5478 pli*

361 5417 432 5481 (vid.
446 5413 566 5472 Strobel.
587 5413 652 5470 bibl.
669 5414 737 5470 Met.
752 5416 881 5487 Nimis.)
909 5417 1014 5476 Recusa
1029 5430 1068 5477 est
1082 5440 1156 5478 anno
1172 5429 1182 5480 l
1204 5428 1244 5486 ll.

812 263 969 342 DECL.
1009 261 1086 338 DE
1118 263 1365 342 OFFICIO
1399 270 1738 351 PRINCIPUM.

2220 298 2297 375 toa

1401 447 1611 578 ttattt‘t‘sst
1626 439 1738 562 pag,
1754 442 2181 590 &lisddadtttitlttz
2195 462 2299 588 diti}

1404 577 1446 626 nis
1459 575 1547 630 hausit
1557 577 1709 632 orationem
1719 578 1863 636 Gerbelius
1875 585 1903 636 in
1913 586 2054 647 Sel.Decl.
2062 591 2095 644 Τ.
2104 595 2123 649 l.
2135 617 2161 666 p.
2170 601 2288 674 otosqq.

1403 643 1430 695 in
1454 643 1571 698 Sec-sest.
1592 647 1626 701 T.
1642 647 1662 702 l.
1684 667 1710 718 p.
1725 651 1783 702 538.
1808 659 1834 702 et
1853 653 1925 723 apud
1945 653 2070 714 llicbsrd.
2093 664 2125 720 Τ,
2142 667 2173 720 ΙΙ,
2194 687 2221 739 p,
2238 643 2300 730 421:

1402 709 1441 763 Ex
1451 712 1579 782 Epistolis
1591 714 1752 785 intelligitur
1767 720 1974 777 Metantbonem
1989 727 2098 784 Zochio
2112 733 2182 792 banc
2196 743 2302 796 oratio.

1401 797 1464 832 nens
1486 782 1624 901 scripsisse
1645 784 1673 836 in
1693 787 1789 838 itinere
1813 797 1840 840 et
1856 791 1971 850 misisse.
2009 797 2301 875 Vid.Epp.V01‚111‚

1403 863 1430 915 p.
1443 849 1504 902 aas.
1519 848 1536 902 r
1553 851 1579 906 s.
1590 852 1651 905 sos.
1664 851 1725 906 esc.
1740 864 1766 907 a
1779 855 1839 913 saa.

1301 1009 1361 1077 De
1395 1001 1523 1102 officio
1557 1014 1795 1106 Principum,
1841 1021 1939 1112 qnod
1970 1026 2197 1107 mandatnm
2221 1040 2300 1113 Dei

1298 1112 1513 1200 praecipiet
1539 1117 1595 1183 eis
1628 1117 1760 1188 tollere
1787 1117 1922 1194 obsum
1948 1130 2156 1228 Ecclesiam
2196 1148 2298 1214 reci-

1300 1219 1386 1280 tato
1411 1233 1435 1280 α
1459 1213 1507 1280 D·
1533 1217 1790 1291 Laurentio
1817 1225 1962 1317 loch,
1989 1235 2153 1308 Doctore
2177 1245 2295 1332 luris,

1426 1315 1468 1383 in
1497 1324 1729 1404 promotione
1758 1325 1810 1393 D.
1838 1329 2011 1420 Casperia
2037 1341 2168 1414 Ezetis'.

1302 1427 1422 1538 Saepe
1440 1447 1477 1515 in
1494 1444 1550 1519 his
1572 1457 1779 1543 spectaculis
1795 1463 1839 1531 de
1861 1463 1978 1555 legum
1998 1469 2190 1563 dignitate,
2216 1503 2295 1568 gra-

1303 1547 1464 1617 vissimae
1482 1554 1659 1624 orationes
1677 1552 1818 1630 habitae
1837 1580 1940 1652 sunt,
1967 1586 2004 1641 ut
2022 1581 2218 1649 reverentia
2235 1580 2296 1651 lu-

1302 1649 1370 1734 ris,
1396 1663 1430 1719 et
1451 1652 1657 1746 disciplinae
1683 1659 1859 1734 inseratur
1874 1669 2002 1740 animis
2020 1673 2232 1766 iuventutis,
2259 1697 2294 1754 et

1302 1750 1454 1820 iniustae
1481 1777 1521 1824 ac
1549 1757 1710 1829 rabiosae
1737 1766 1945 1856 cupiditates
1976 1774 2169 1850 frenentur.
2223 1780 2293 1851 His

1302 1847 1622 1943 adhortationibus,
1640 1862 1669 1930 si
1683 1864 1757 1934 ullo
1770 1891 1930 1961 unquam
1943 1886 2097 1967 tempore
2109 1905 2197 1972 opus
2211 1884 2293 1969 fuit,

1301 1977 1397 2022 nunc
1417 1957 1574 2044 profecto
1593 1960 1632 2030 in
1654 1958 1719 2033 hac
1745 1984 1923 2058 postrema
1950 1989 1984 2045 et
2014 1978 2199 2074 plusquam
2219 1988 2293 2054 fer-

1302 2078 1360 2123 rea
1380 2069 1509 2144 aetate,
1535 2085 1608 2130 non
1627 2067 1734 2135 modo
1753 2094 1838 2140 voce
1862 2086 1897 2143 et
1917 2081 2102 2152 sententiis
2118 2085 2294 2155 bonorum

1302 2169 1336 2225 et
1352 2157 1555 2247 doctorum,
1582 2166 1643 2232 sed
1671 2169 1784 2239 multo
1800 2175 1910 2264 magis
1926 2182 2124 2270 autoritate,
2147 2186 2294 2277 imperio

1303 2271 1338 2326 et
1353 2260 1460 2327 armis
1475 2259 1614 2352 Regum
1633 2280 1666 2335 et
1680 2265 1885 2366 Principum
1909 2279 2003 2367 leges
2020 2289 2171 2356 tuendae
2188 2304 2222 2359 et
2237 2313 2293 2357 re-

1302 2359 1466 2429 tinendae
1482 2379 1577 2435 sunt.
1630 2366 1801 2442 Videmus
1826 2378 1919 2445 enim
1943 2376 2035 2451 hanc
2057 2399 2202 2455 aetatem
2220 2390 2294 2457 ini-

1302 2459 1429 2530 micam
1445 2486 1517 2532 esse
1533 2471 1743 2554 modestiae,
1770 2477 1992 2570 disciplinae,
2015 2487 2161 2575 pudori,
2187 2490 2294 2559 iusti-

1302 2562 1393 2646 ciae,
1426 2566 1610 2656 religioni,
1643 2598 1793 2665 quacum
1816 2602 1934 2650 rernm
1959 2588 2176 2674 custodiam,
2209 2616 2293 2660 curn

1302 2661 1398 2731 Deus
1413 2670 1557 2739 summis
1574 2676 1865 2762 gubernatoribus
1886 2690 2205 2775 commendaverit,
2232 2717 2293 2761 ro-

1301 2767 1435 2854 gandus
1458 2784 1526 2854 est,
1553 2788 1592 2842 ut
1614 2770 1802 2869 aliquando
1824 2782 1948 2854 excitet
1963 2809 2021 2855 eos
2039 2790 2082 2856 ad
2099 2786 2293 2861 cohercen-

1301 2870 1364 2934 dos
1387 2867 1545 2953 furores,
1580 2892 1613 2947 et
1637 2879 1824 2950 frenandas
1846 2884 2013 2956 libidines
2030 2888 2293 2980 improborum,

1301 2971 1345 3036 ad
1361 2971 1612 3044 restituendam
1628 2992 1661 3048 et
1677 2981 1901 3053 sanciendam
1916 2987 2148 3080 disciplinam,
2171 2999 2216 3064 ad
2232 3020 2292 3063 re-

1301 3075 1465 3140 novanda
1481 3074 1621 3148 virtutis
1642 3082 1777 3167 studia,
1802 3085 1891 3156 sicut
1911 3103 1989 3160 orat
2006 3088 2120 3164 David
2135 3096 2171 3162 in
2189 3095 2292 3165 Psal-

1302 3196 1377 3243 mo:
1413 3169 1553 3267 Exurge
1578 3179 1671 3251 Dcus
1689 3185 1732 3250 ad
1754 3190 1922 3256 tuendam
1943 3190 2076 3280 legem,
2101 3220 2206 3287 quam
2229 3200 2292 3266 de-

1302 3275 1397 3344 disti.
1424 3275 1528 3347 Nunc
1543 3280 1658 3353 iacent
1672 3284 1763 3372 leges
1778 3311 1964 3379 oppressae
1981 3295 2128 3364 audacia
2145 3311 2179 3368 et
2193 3313 2294 3389 petu-

1301 3376 1411 3444 lantia
1439 3381 1652 3468 multorom,
1685 3398 1724 3454 ut
1740 3386 1814 3455 sine
1831 3390 1953 3460 divina
1967 3417 2052 3483 ope,
2084 3410 2120 3466 et
2137 3422 2295 3469 summo÷

1301 3501 1380 3545 rum
1403 3475 1541 3569 Regum
1566 3486 1770 3573 autoritate,
1803 3506 1922 3564 nostra
1947 3518 2017 3562 vox
2046 3520 2171 3588 parum
2203 3526 2293 3592 pro-

1302 3579 1401 3647 ficere
1420 3583 1540 3671 possit.

1405 3679 1489 3751 ldeo
1504 3685 1572 3753 iam
1591 3693 1763 3781 quaedam
1780 3695 1823 3763 de
1838 3691 1976 3786 Regum
1998 3697 2110 3768 officio
2128 3700 2292 3792 disputa-

1301 3780 1436 3868 bimus,
1462 3785 1640 3859 videlicet:
1668 3789 1727 3861 An
1743 3794 1779 3861 in
1795 3809 1893 3866 tanta
1906 3799 2127 3888 religionum,
2154 3802 2293 3890 legum,

1301 3909 1458 3970 morum,
1490 3894 1526 3956 'et
1558 3891 1764 3984 disciplinae
1796 3898 2039 3990 dissipatione,
2070 3905 2291 3975 cessantibus

1301 3984 1551 4075 Pontificibus,
1585 3988 1768 4067 Romanus
1787 3995 1983 4091 imperator
1995 4000 2177 4095 Synodum
2190 4004 2294 4091 indi-

1300 4111 1387 4173 cere,
1410 4103 1443 4158 et
1457 4091 1591 4163 iudices
1606 4101 1924 4170 controversiarum
1941 4103 2086 4173 idoneos
2102 4105 2230 4194 legere,
2256 4121 2293 4178 ct

1301 4213 1358 4272 ea,
1390 4216 1479 4282 qnae
1504 4209 1597 4265 recte
1622 4212 1654 4267 et
1678 4199 1732 4288 pie
1760 4203 2038 4289 constituentur,
2067 4207 2175 4275 armis
2196 4209 2292 4278 tueri

1300 4291 1433 4364 debeat.
1485 4292 1587 4365 Hanc
1602 4300 1841 4390 quaestionem
1869 4329 1932 4373 nec
1950 4307 2132 4396 indignam
2158 4311 2292 4403 cogita-

1300 4392 1396 4461 tione
1432 4397 1778 4488 eruditorum,.imo
1815 4426 2035 4477 summorum
2070 4406 2291 4504 Principum,

1299 4518 1363 4562 nec
1384 4495 1536 4567 alienam
1562 4501 1608 4569 ab
1633 4495 1688 4569 his
1710 4506 1928 4595 temporibus
1945 4532 2018 4578 esse
2033 4510 2164 4581 iudico.
2215 4510 2290 4582 Nec

1298 4596 1455 4684 prolecto
1476 4600 1574 4668 aliud
1596 4602 1709 4671 ullum
1741 4616 1792 4675 e'st
1815 4609 1927 4678 maius
1950 4610 1987 4677 in
2014 4613 2118 4682 terris
2147 4637 2292 4699 munus,

1298 4718 1405 4786 quam
1420 4700 1601 4770 doctrinae
1614 4705 1823 4791 gubernatio
1837 4733 1876 4779 ac
1890 4711 2112 4799 diiudicatio,
2132 4729 2167 4786 et
2180 4715 2293 4791 disci-

1297 4795 1416 4886 plinae
1429 4801 1616 4872 restitutio.
1642 4803 1718 4876 Nec
1730 4811 1916 4904 qnisquam
1930 4814 1973 4881 de
1989 4837 2113 4904 genere
2128 4811 2298 4906 humano

1297 4897 1423 4967 melius
1441 4914 1475 4969 et
1490 4902 1675 4991 gloriosius
1692 4913 1817 4979 mereri
1835 4926 1967 5000 potest,
1992 4941 2096 5009 quam
2114 4917 2145 4986 si
2161 4917 2293 4989 liberet

1295 4993 1490 5071 Ecclesiam
1507 5007 1697 5091 erroribus,
1711 5024 1808 5080 sanet
1822 5013 2038 5105 ambigentes
2054 5017 2202 5103 animos,
2220 5014 2292 5090 ho-

1296 5100 1404 5170 nestis
1427 5117 1461 5173 et
1483 5110 1612 5178 sanctis
1639 5112 1776 5200 legibus
1802 5136 1841 5183 ac
1875 5119 2033 5188 moribus
2056 5122 2291 5191 consuetudi-

1297 5223 1377 5268 nem
1397 5207 1488 5276 vitae
1508 5225 1620 5282 ornet.
1671 5210 1798 5281 Nullae
1822 5215 1990 5288 victoriae
2011 5219 2292 5293 clarissimorum

1295 5296 1455 5389 Ducum,
1482 5311 1572 5379 nulli
1595 5308 1769 5404 triumphi
1790 5316 1871 5406 plus
1886 5344 1988 5390 verae
2005 5322 2121 5392 laudis
2144 5317 2290 5410 habent,

1295 5426 1402 5498 quam
1427 5413 1590 5484 salutaris
1615 5416 1815 5487 emendatio
1841 5421 2046 5511 dogmatum
2068 5448 2108 5495 ac
2132 5449 2289 5498 morum.
