4732 6030
158 280 235 360 tos
695 264 861 346 auct.
893 266 971 346 ult
1002 262 1336 345 DOROTHEA
1368 263 1657 348 patretur.
2121 270 2198 348 ⁷70

160 450 347 525 familiaris
376 446 455 522 tute
518 441 681 519 Caeteras
706 440 857 539 virtutes
880 440 959 513 sine
978 441 1151 535 pudicitia
1205 440 1334 533 scripta
1351 439 1511 512 moribus
1525 453 1560 513 et
1574 439 1695 532 pietati
1711 439 1826 518 utilia.
1865 439 2027 539 Cumque
2040 448 2197 522 remedi.

160 555 295 628 ⁸imllt⁸
316 574 389 621 ΕΜ
411 543 580 641 Ρΰὶώῐθθ
600 559 754 625 statuae,
786 567 877 639 quae
897 558 1016 616 tamen
1039 543 1153 638 eapite
1204 544 1317 613 multa
1330 544 1403 613 iere
1417 555 1493 614 toto
1508 543 1594 612 anni
1607 557 1767 634 tempore
1782 545 1981 637 adpararet,
2004 549 2197 642 multiplici
2244 606 2253 621 ,

162 669 320 729 truncata
330 653 386 737 sit,
412 650 540 741 legitur
556 646 690 719 dictstm
707 640 764 717 bis
778 645 939 718 versibus
953 647 1152 720 redditum:
1203 644 1327 715 labore
1345 644 1501 736 virgines
1525 656 1559 714 et
1578 645 1732 716 exercuit
1758 658 1792 715 et
1817 647 1959 719 erudiit.
2012 647 2195 740 Quantam

211 762 253 827 Ut
265 783 335 825 uum
351 760 388 822 da
405 772 500 823 statua
512 758 604 819 iacias
617 757 751 818 formosa
766 768 882 817 remota
894 768 951 834 est,
1203 746 1297 817 enim
1321 746 1483 817 laborum
1501 745 1705 818 varietatem
1729 748 1768 815 in
1790 748 2003 840 apparandis
2028 754 2194 823 remediis

262 862 436 930 Nondecua
450 864 483 922 tn
498 863 618 945 reliquo
634 878 760 941 corpore
772 869 895 920 rusam
908 857 1017 920 habet:
1070 888 1073 896 ·
1201 871 1276 917 esse
1299 870 1439 919 necesse
1462 847 1525 933 sit,
1566 871 1640 918 non
1662 849 1850 918 obscurum
1874 866 1935 925 est.
2005 844 2059 923 Ac
2086 855 2193 925 simul

210 964 264 1032 sa
276 970 328 1028 atii
343 986 441 1027 mores
454 963 547 1046 spreti
559 965 624 1026 stoa
639 961 755 1024 bonore
768 962 920 1041 bachum,
1203 949 1351 1042 puellis,
1376 972 1495 1020 rerum
1512 965 1655 1020 naturas
1669 964 1703 1020 et
1716 973 1821 1021 usum
1834 952 2073 1023 remediorum
2088 979 2193 1026 mon-

261 1067 303 1132 Νἱ
317 1071 377 1131 sint
396 1070 493 1128 omasi
508 1064 597 1128 tanda
616 1063 791 1146 pudicitiae.
1103 1094 1109 1107 =
1202 1054 1355 1135 strabat,
1381 1074 1509 1146 easque
1523 1052 1569 1121 ad
1586 1051 1745 1122 laborem
1771 1052 1845 1144 ipsa
1867 1054 2049 1125 doctrinae
2073 1058 2194 1126 suavi-

159 1161 234 1234 Nos
252 1187 337 1233 vero
351 1162 390 1231 in
407 1157 563 1232 Ecclesia
578 1157 776 1229 manifestis
789 1149 1001 1226 testimoniis
1020 1146 1153 1219 erudiit
1202 1167 1274 1225 tate
1288 1153 1475 1224 invitabat.
1527 1149 1627 1242 Quid
1643 1155 1688 1223 de
1702 1147 1817 1225 bortis
1832 1155 1982 1241 dicam„
1998 1157 2036 1226 in
2062 1160 2193 1253 quibu,

159 1262 276 1351 Deus,
302 1286 446 1357 prorsus
459 1260 691 1332 necessariam
706 1279 780 1329 esse
794 1255 963 1328 virtutem
980 1253 1019 1321 in
1035 1248 1153 1320 omni-
1203 1254 1270 1345 ipsi
1287 1255 1392 1324 liores
1409 1255 1529 1343 lugere
1543 1253 1733 1324 Dominam
1756 1280 1852 1326 nunc
1874 1257 2067 1328 videntur?
2116 1259 2193 1332 llos

160 1366 228 1437 bus
243 1366 458 1450 castitatem,
490 1386 556 1432 uec
570 1361 710 1454 placere
728 1359 823 1430 ullos
837 1353 914 1427 Deo
929 1353 1007 1422 tine
1021 1375 1078 1421 ea:
1112 1374 1153 1420 ac
1202 1351 1329 1425 babuit
1341 1357 1379 1423 in
1400 1349 1466 1424 bac
1482 1351 1613 1425 Arctoa
1628 1369 1663 1426 et
1677 1356 1804 1445 frigida
1819 1358 1963 1447 regione
1983 1385 2058 1431 non
2073 1362 2192 1433 minus

161 1491 207 1536 ne
221 1482 322 1560 posse
336 1465 481 1560 quidem
497 1463 537 1533 in
550 1475 668 1549 mente
684 1459 886 1553 impudica,
918 1455 1059 1525 laxante
1079 1451 1152 1522 ire-
1202 1480 1392 1540 amoenos,
1418 1480 1522 1551 quam
1540 1452 1684 1555 Alcinoi
1706 1452 1829 1527 hortos
1849 1460 1957 1529 luisse
1978 1475 2099 1533 narrat
2115 1461 2194 1533 Ho-

162 1593 249 1639 num
263 1566 446 1639 obscoenis
461 1563 726 1657 cupiditatibus,
750 1560 899 1631 existere
916 1553 1150 1627 caeterisrir·
1202 1581 1331 1629 merus.
1364 1555 1528 1651 Cumque
1543 1557 1736 1652 conquisiti
1753 1573 1866 1630 essem
1880 1584 2008 1652 magna
2023 1564 2192 1636 varietate

163 1684 273 1751 tutes,
303 1668 471 1740 fiduciam
490 1665 767 1761 acquiescentem
783 1662 823 1731 in
834 1657 933 1745 Deo,
956 1678 1079 1727 veram
1094 1655 1153 1724 iu-
1202 1659 1399 1731 salubrium
1415 1655 1616 1745 herbarum,
1632 1660 1843 1731 colebantur
1856 1685 1877 1730 a
1892 1662 2101 1752 virginibus,
2116 1689 2192 1736 non

161 1771 383 1842 vocationem
415 1782 450 1839 et
472 1766 698 1838 dilectionem
720 1761 802 1835 Dei.
858 1757 935 1831 Nec
955 1754 1153 1851 praeceptis
1203 1775 1349 1853 propter
1362 1759 1521 1851 corporis
1533 1762 1751 1851 voluptates,
1776 1762 1836 1832 sed
1851 1775 1893 1833 nt
1903 1758 2052 1837 honesto
2069 1766 2192 1837 labore

161 1886 321 1958 tantum,
346 1872 407 1940 sed
432 1869 538 1941 etiam
557 1861 794 1938 horribilibus
815 1860 941 1956 poenis
961 1857 1154 1929 declaravit
1203 1875 1464 1945 exercerentur,
1496 1885 1536 1930 ac
1557 1861 1661 1930 simul
1678 1875 1840 1932 naturam
1857 1888 1976 1935 rerum
1990 1868 2193 1937 considera-

145 1969 492 2046 Deusvoluntatem
507 1989 608 2039 suam
624 1963 690 2037 bac
704 1969 749 2036 de
765 1987 817 2048 re,
841 1975 876 2033 et
891 1960 1046 2031 declarat
1061 1982 1154 2053 qno·
1205 1975 1298 2047 rent,
1324 1975 1359 2032 et
1373 1961 1485 2033 multa
1506 1962 1662 2032 remedia
1683 1963 1871 2035 discerent.
1934 1965 1974 2036 ln
1996 1963 2053 2038 bis
2080 1965 2192 2041 bortis

161 2074 263 2145 tidie.
316 2071 443 2142 Manet
459 2069 556 2140 enim
570 2067 641 2140 Dei
662 2064 836 2136 sententia
856 2063 1019 2132 immota:
1046 2057 1154 2131 Scor·
1204 2076 1239 2133 et
1255 2062 1409 2133 Domina
1425 2075 1461 2133 et
1474 2061 1630 2151 virgines
1646 2063 1745 2134 velut
1758 2062 1929 2150 Naiades,
1957 2069 2043 2138 dum
2058 2085 2119 2142 aut
2136 2095 2194 2142 se-

162 2187 294 2246 tatores
315 2186 349 2243 et
370 2171 550 2243 adulteros
578 2167 712 2239 iudicat
735 2166 847 2237 Deus:
879 2176 921 2234 ut
942 2162 981 2231 in
1004 2160 1156 2247 diluvio,
1203 2164 1299 2233 mina
1317 2177 1432 2235 terrae
1448 2168 1630 2249 mandant,
1655 2178 1717 2234 aut
1731 2165 1907 2237 sitientem
1925 2183 2053 2241 terram
2066 2174 2193 2265 rigant,

162 2276 201 2344 in
217 2275 361 2347 excidiis
376 2271 632 2354 Sodomorum,
657 2264 885 2351 Thebarum,
910 2262 1059 2348 Troiae,
1084 2261 1153 2358 sy·
1204 2279 1265 2336 aut
1288 2265 1427 2356 plantas
1447 2260 1548 2335 bumi
1568 2279 1748 2355 serpentes
1767 2269 1928 2359 erigunt,
1972 2273 2095 2344 laudes
2120 2276 2192 2345 Dei

160 2376 277 2463 baris,
301 2390 335 2446 et
351 2374 501 2444 aliarum
524 2369 841 2441 innumerabilium
866 2365 1010 2436 urbium
1033 2376 1153 2435 osten·
1203 2361 1398 2437 condit'oris
1413 2360 1521 2436 huius
1540 2362 1797 2457 pulcherrimae
1821 2383 1968 2443 naturae
1989 2398 2106 2446 rerum
2132 2402 2194 2447 ca·

160 2478 225 2547 dit.
275 2473 368 2548 Cum
389 2475 498 2564 igitur
519 2473 739 2543 voluntatem
757 2466 828 2541 Dei
849 2479 969 2539 namt
984 2463 1153 2558 Princeps
1203 2483 1305 2539 nunt.
1358 2466 1456 2536 Haec
1472 2465 1620 2538 honesta
1637 2469 1819 2551 exercitia,
1845 2472 1949 2563 plena
1970 2478 2194 2563 eruditionis,

160 2591 298 2662 noster,
323 2602 364 2647 ac
379 2577 484 2646 sciret
498 2570 614 2644 Deum
630 2585 785 2642 mentem
799 2582 929 2640 castam
943 2589 1035 2653 esse,
1059 2582 1095 2639 et
1114 2569 1154 2637 in
1202 2568 1428 2661 disciplinam
1444 2591 1519 2638 esse
1533 2593 1613 2639 cum
1626 2569 1775 2640 aliarum
1792 2572 1964 2644 virtutum
1987 2578 2194 2664 multarum,
2240 2639 2242 2644 .

161 2679 369 2774 quotidiana
385 2674 608 2748 invocatione
630 2672 682 2744 sie
701 2672 977 2742 discernendum
997 2693 1071 2741 esse
1091 2693 1153 2740 ve-
1203 2684 1279 2742 tum
1295 2695 1381 2741 vero
1395 2670 1563 2742 castitatis
1578 2669 1797 2762 (praesertim
1815 2697 1894 2744 curn
1914 2677 2047 2747 accedit
2062 2680 2195 2749 doctri-

161 2804 242 2852 rum
259 2781 379 2850 Deum
394 2778 529 2849 amalis
543 2774 747 2867 spiritibus,
779 2788 820 2844 ut
842 2768 939 2844 bunc
960 2774 1154 2861 cogitemus
1205 2797 1250 2843 na
1267 2773 1379 2842 deira
1395 2769 1483 2855 Dei,
1508 2785 1544 2842 et
1559 2773 1604 2842 de
1618 2773 1742 2864 poenis
1757 2787 1851 2844 certo
1869 2778 2118 2850 comitantibus
2133 2781 2193 2850 in.

161 2906 236 2954 ⁶⁸¹⁸
259 2877 395 2965 Deum,
428 2901 547 2948 rerum
570 2876 809 2952 mudilfflm,
843 2873 905 2964 qui
927 2896 965 2942 se
988 2873 1158 2964 patefecit,
1203 2875 1428 2968 quinationes
1452 2872 1661 2966 corporum)
1684 2888 1959 2947 consentaneum
1991 2893 2049 2955 est.
2120 2879 2192 2953 Sed

159 2985 267 3054 misso
282 2982 369 3065 lilio,
394 2993 429 3048 et
445 2991 497 3046 est
511 2976 638 3056 iustus,
663 2996 780 3054 veras,
805 2970 995 3050 beneficus,
1021 2988 1151 3045 castus:
1202 2976 1345 3046 accessit
1359 2986 1395 3068 et
1406 2973 1476 3042 alia
1492 2974 1617 3058 virtus,
1641 2976 1812 3046 modestia
1827 2979 2003 3067 videlicet,
2025 3004 2086 3053 seu
2103 2996 2193 3053 tem·

159 3086 210 3158 ita
226 3103 342 3152 mores
358 3077 468 3160 rexit,
492 3086 533 3144 ut
548 3074 593 3143 ad
610 3072 770 3161 regulam
785 3083 983 3156 aeternam,
1007 3097 1099 3166 quae
1113 3073 1153 3143 in
1202 3074 1383 3167 perantia,
1423 3099 1529 3167 quam
1553 3072 1686 3146 Paulus
1706 3077 1868 3169 adiungit
1888 3082 2052 3169 caeteris,
2090 3085 2192 3154 ineo

160 3179 414 3254 mentedivioa
429 3176 620 3246 castitatem
635 3173 769 3258 sancit,
801 3187 1055 3262 congruerent,
1087 3198 1153 3244 nec
1204 3177 1320 3260 dicto,
1344 3178 1438 3269 quod
1455 3200 1561 3266 supra
1576 3176 1812 3254 recitavimus.
1858 3181 2057 3256 Multarum
2079 3187 2193 3255 mari-

161 3285 241 3354 labc
255 3280 328 3350 ulla
348 3276 568 3373 unquamab
585 3298 625 3344 ea
641 3273 779 3345 castitas
795 3275 925 3345 violata
940 3274 1005 3346 sir:
1050 3274 1155 3347 Sem-
1202 3301 1341 3363 marum
1358 3279 1530 3348 virtutum
1546 3279 1666 3349 nutrix
1682 3285 1974 3372 esttemperantia
1991 3287 2030 3356 in
2049 3287 2128 3357 cibo
2152 3312 2193 3358 ὃς

161 3407 226 3478 per
249 3396 283 3454 ct
296 3378 412 3452 Deum
434 3399 524 3471 pura
547 3389 582 3447 et
605 3375 791 3468 impolluta
814 3375 1026 3447 conscientia
1046 3376 1154 3448 invo-
1203 3392 1309 3470 potu,
1336 3377 1569 3448 Verissimum
1586 3393 1639 3450 est
1652 3381 1747 3449 enim
1762 3385 1864 3475 qnod,
1877 3387 2024 3457 dicitur:

162 3484 274 3566 cavit,
300 3497 335 3553 et
349 3481 455 3552 unico
470 3478 612 3568 coniugi
629 3500 693 3549 suo
707 3499 836 3570 corpus
848 3479 1003 3552 servavit
1017 3492 1152 3550 castum
1307 3483 1393 3566 Quin
1403 3508 1512 3568 corpus
1529 3501 1682 3577 qnantum,

160 3600 196 3658 el
217 3598 388 3656 fficium·
671 3666 677 3677 Ι
870 3666 874 3679 .
1255 3587 1408 3650 Hastaruis
1423 3592 1505 3649 vitiis
1518 3580 1652 3648 animum
1668 3609 1790 3672 quoque
1803 3606 1976 3672 praegravat
1990 3573 2101 3676 ipsum,

264 3684 397 3774 Magna
418 3704 502 3752 ⁰¹³³
523 3678 665 3759 00⁰¹⁰⁸2
692 3676 871 3767 linguam,
895 3689 1013 3765 aestus
1029 3700 1153 3748 omnes
1254 3689 1360 3772 Atqu.
1375 3691 1485 3769 striga
1499 3688 1585 3750 humi
1601 3689 1720 3750 avanae
1733 3695 1910 3771 peracutum
1927 3713 2025 3763 surse.

162 3791 210 3862 ita
235 3781 467 3879 gubernavit.
506 3794 549 3851 ut
578 3793 692 3850 cassae
713 3776 845 3846 mentis
866 3777 966 3866 suna
992 3779 1151 3873 conspici
1201 3780 1292 3854 Cum
1309 3797 1427 3854 autem
1444 3783 1543 3852 aedes
1556 3783 1618 3852 itta
1634 3783 1808 3854 divinitus
1822 3790 1963 3858 condita
1986 3792 2030 3859 ad
2056 3792 2190 3883 cogita.

160 3903 315 3985 possent.
366 3882 415 3956 Et
433 3897 473 3953 ut
485 3878 644 3952 honestis
659 3878 820 3968 exemplo
837 3893 926 3950 esset
938 3880 981 3948 ad
997 3882 1152 3966 gravita-
1201 3885 1335 3953 tionem
1354 3886 1400 3951 de
1416 3883 1522 3950 rebus
1534 3883 1686 3968 divinis,
1712 3902 1894 3979 quassatur
1914 3890 2032 3960 densis
2055 3907 2089 3962 et
2113 3909 2191 3966 tur-

160 4007 232 4062 tem
248 3989 436 4071 tuendam,
460 4007 535 4055 non
555 3981 647 4052 oculi
671 3991 849 4059 errantes,
881 4003 955 4050 non
974 3979 1073 4049 loeus
1094 3981 1153 4048 in·
1203 3983 1295 4052 bidis
1312 3978 1483 4051 balitibus
1500 4005 1518 4050 a
1535 3983 1616 4050 cibo
1633 3998 1665 4053 et
1683 3999 1768 4075 potu
1786 3988 1891 4068 ortis,
1924 4004 1958 4061 et
1974 3996 2117 4084 crapula
2132 4020 2189 4066 aa.

162 4092 291 4181 dignus
313 4104 494 4171 matrona,
524 4108 598 4154 non
621 4081 797 4164 tabellae,
819 4105 894 4150 non
918 4093 1034 4170 gestus
1057 4082 1152 4150 ullus
1200 4084 1338 4153 siduam
1354 4081 1562 4171 vertiginem
1584 4084 1704 4171 eflicit,
1737 4086 1902 4179 impediri
1927 4108 1961 4164 et
1984 4095 2190 4186 languefiflri

162 4192 311 4262 liberior
326 4191 366 4259 iu
380 4214 420 4260 ea
434 4182 668 4259 animadverti
693 4182 820 4273 potuit.
871 4177 918 4252 Et
941 4183 1149 4270 gravitatem
1201 4183 1435 4254 intentionem
1449 4185 1596 4272 ruentis,
1623 4186 1661 4254 iu
1680 4189 1947 4279 cogitationede
1963 4191 2039 4266 Deo
2055 4212 2089 4269 et
2109 4223 2189 4290 pre-

162 4287 654 4383 sanctitatemqueDominae,
678 4295 905 4354 totuscoetus
922 4283 960 4352 in
974 4306 1149 4378 &nacceo
1201 4286 1358 4372 catione,
1382 4285 1605 4359 manifestum
1621 4302 1683 4359 est.
1736 4287 1857 4380 Quare
1875 4296 1919 4364 ad
1943 4321 2061 4367 veram
2084 4298 2189 4371 invo-

163 4394 380 4465 imitabatur.
439 4389 520 4459 Non
537 4389 588 4458 ibi
606 4385 723 4456 ocium
747 4385 944 4475 voluptates
965 4385 1152 4472 invitabat,
1200 4388 1375 4459 rationem
1391 4383 1458 4457 Dei
1474 4390 1667 4461 necessaria
1684 4403 1735 4461 est
1750 4397 2005 4484 temperantia.
2050 4397 2190 4473 Deinde

163 4518 239 4565 non
256 4491 533 4565 admittebantur
552 4488 716 4558 illecebra
737 4485 992 4576 cupiditatum,
1028 4487 1150 4557 lectio·
1202 4504 1237 4560 et
1258 4490 1301 4559 ad
1325 4489 1519 4560 castitatem
1541 4503 1577 4561 et
1596 4493 1641 4562 ad
1659 4495 1937 4567 moderationem
1962 4499 2000 4568 in
2023 4503 2190 4575 omnibus

164 4621 227 4667 nes
249 4609 311 4665 aut
330 4593 542 4675 cautilenae,
566 4603 626 4658 aut
639 4610 819 4658 sermones
837 4587 904 4656 ulli
924 4588 1034 4677 magis
1048 4588 1151 4660 faceti
1201 4590 1399 4662 actionibus
1416 4594 1578 4682 prodest,
1603 4607 1779 4665 utomnes
1797 4598 1874 4666 sani
1889 4613 2071 4687 testantur.
2119 4603 2192 4675 lta.
2278 4580 2281 4595 .

163 4695 471 4788 autbelli,'quam
484 4690 548 4784 qui
564 4690 689 4759 decem
703 4688 924 4778 gravissimas
946 4702 980 4760 et
1001 4692 1151 4760 sanctis·
1202 4718 1272 4786 que
1295 4716 1374 4761 cum
1404 4704 1530 4761 natura
1557 4706 1757 4784 temperans
1788 4711 1895 4780 esset,
1935 4707 2192 4776 consuetudine

162 4802 269 4873 simas
305 4810 496 4866 matronas.
554 4786 626 4861 Sed
663 4789 899 4862 distribuebat
931 4787 1086 4860 Domina
1117 4809 1152 4866 et
1203 4794 1328 4877 esiam,
1353 4813 1442 4883 qnae
1461 4791 1501 4861 in
1517 4793 1641 4883 primis
1657 4796 1694 4864 5„
1711 4820 1752 4865 ω
1771 4819 1897 4886 gene„
1914 4803 2066 4876 mustum
2088 4809 2192 4894 vam,

161 4923 287 4993 operas
311 4912 346 4969 et
371 4894 612 4989 precationum
633 4912 673 4959 ac
691 4889 882 4961 lectionum
904 4906 1079 4983 tempora:
1112 4908 1153 4966 ut
1202 4894 1414 4986 perfecerat,
1440 4906 1482 4964 ut
1497 4894 1635 4964 modico
1651 4896 1730 4966 cibo
1748 4912 1781 4968 ct
1796 4914 1882 4990 potu
1897 4916 2059 4978 contenta
2083 4923 2191 4980 esset:

162 4999 279 5074 adbuc
295 5021 521 5094 gynaeceum,
545 4992 620 5085 piae
633 4988 813 5061 doctrinae
829 5007 862 5063 et
875 4994 1019 5065 virtutis
1034 4990 1152 5067 schola
1203 5019 1269 5069 nec
1287 4994 1472 5080 laborum,
1490 4995 1689 5066 studiorum
1705 5022 1745 5068 ac
1766 5001 2009 5091 precationum
2032 5023 2192 5102 tempora

162 5119 226 5178 cst.
292 5101 365 5172 Nec
393 5111 531 5170 tantum
556 5095 600 5165 ad
623 5093 741 5162 colum
765 5106 798 5161 et
824 5096 868 5162 ad
893 5118 976 5165 acus
1000 5095 1152 5168 assidere
1204 5097 1432 5189 impendebat
1448 5096 1634 5178 conviviis,
1660 5122 1724 5170 nec
1741 5101 1929 5193 splendore
1944 5111 2191 5181 conviviorum

116 5200 119 5204 Ι
161 5206 299 5301 P¹¹²¹¹³³
314 5202 447 5286 V⁰lulis
477 5200 538 5270 *θᾶ
560 5197 605 5267 td
630 5196 781 5264 duarum
804 5216 922 5270 “mm
942 5199 1154 5286 doctrinam,
1204 5211 1267 5269 aut
1291 5198 1440 5268 vestium
1467 5199 1635 5268 excellcre
1657 5203 1839 5290 studebat,
1873 5211 2034 5299 quamvis
2055 5212 2194 5305 precio.

163 5332 269 5403 quam
285 5305 361 5397 ipsa
375 5303 531 5383 colebat,
558 5320 615 5368 eas
630 5294 839 5367 adsuefecit:
865 5298 977 5386 coegit
1001 5312 1041 5369 ut
1061 5301 1155 5390 lege·
1207 5323 1261 5369 sas
1284 5312 1398 5370 vestes
1419 5300 1590 5391 plurimas
1612 5296 1766 5376 baberet.
1816 5303 1886 5378 Sed
1903 5310 2045 5381 dolebat
2063 5313 2193 5405 potina,

163 5422 243 5480 rent
281 5408 394 5479 libros
422 5396 649 5497 propheticos
675 5411 709 5468 et
740 5395 972 5490 apostolicos,
1015 5415 1049 5471 et
1085 5403 1155 5476 alia
1208 5395 1335 5474 barum
1356 5424 1477 5472 rerum
1495 5425 1579 5473 cura
1604 5402 1642 5472 in
1665 5407 1832 5479 omnibus
1850 5411 1942 5481 aulis
1964 5412 2031 5483 alia
2054 5415 2195 5506 negotia

216 5507 405 5581 Mruarra.
432 5510 538 5576 Orsa.
563 5505 648 5570 voc.
674 5501 737 5568 xl.
1369 5509 1376 5527 .
1605 5501 1656 5575 49
