4732 6030
280 278 356 358 623
851 263 1012 344 DECL
1051 266 1125 345 DE
1156 263 1354 345 PAULO
1386 262 1720 344 APOSTOLO.
2229 281 2310 358 624

285 453 390 523 docet
410 440 645 517 inchoandam
667 460 741 509 esse
753 437 1009 526 obedientiam,
1038 453 1076 513 et
1089 440 1269 535 quomodo
1317 450 1411 508 recte
1432 449 1467 507 et
1484 437 1634 509 fideliter
1645 438 1838 512 enarrabit.
1888 439 2008 513 Huius
2031 443 2127 515 enim
2144 448 2312 527 doctrina

285 554 439 644 placeat,
462 554 633 614 monstrat
646 554 776 611 certam
789 554 824 611 et
839 540 976 611 firmam
991 539 1268 614 consolationem
1318 540 1440 608 lumen
1456 552 1527 621 est,
1551 552 1592 610 ut
1614 541 1831 632 supradixi,
1855 539 2142 634 propheticarum
2166 564 2202 623 et
2223 578 2313 647 apo·

286 654 372 745 piis,
396 669 485 739 quae
507 656 559 714 est
579 636 758 711 inchoatio
774 640 866 711 vitae
879 654 1051 714 aeternae,
1100 639 1269 713 Tradun-
1318 639 1522 710 stolicarum
1537 640 1758 713 concionum.

287 766 346 824 tur
357 748 477 817 eadem
492 747 530 814 in
544 737 729 834 Prophetis
743 755 779 812 et
792 756 1007 813 caeterorum
1015 740 1268 835 Apostolorum
1419 738 1571 811 Moveor
1585 742 1748 833 equidem
1765 754 1964 834 temporum
1982 746 2167 837 periculis,
2193 766 2227 824 et
2242 755 2312 827 im-

287 847 438 940 scriptis.
487 842 569 917 Una
590 856 643 914 est
662 842 757 912 enim
781 855 948 934 perpetua
965 866 1068 914 verae
1091 839 1270 913 Ecclesiae
1320 841 1474 932 pendere
1495 842 1708 911 mutationes
1729 865 1939 932 regnorum,
1971 871 2061 938 quae
2084 866 2170 924 snut
2189 856 2313 929 fatales

288 975 370 1035 vox,
392 949 438 1016 de
452 945 630 1017 beneficiis
645 943 710 1012 filii
727 940 807 1018 Dei,
846 942 917 1013 Sed
933 945 1084 1014 multum
1100 945 1189 1014 lucis
1207 944 1272 1013 ad·
1321 963 1455 1031 poenae
1477 941 1645 1012 scelerum
1668 936 1925 1030 humanorum,
1950 943 2045 1017 nihil
2069 953 2222 1025 dubium
2242 972 2312 1031 est:

289 1053 346 1125 dit
360 1048 463 1120 Pauli
487 1044 697 1135 disputatio,
730 1044 793 1138 qui
814 1067 895 1116 vere
915 1043 1087 1138 interpres
1108 1057 1159 1116 est
1181 1042 1273 1114 Pro·
1321 1043 1381 1110 sed
1404 1054 1521 1112 tamen
1546 1042 1698 1112 servabit
1712 1038 1809 1112 Dens
1831 1040 2025 1117 Ecclesiam
2049 1074 2168 1139 suam,
2194 1071 2227 1126 et
2245 1061 2313 1129 de-

290 1149 486 1247 phegfflm,
1322 1142 1441 1210 fendet
1458 1142 1575 1234 aliqua
1592 1142 1730 1233 piorum
1747 1146 1946 1215 studiorum
1962 1150 2154 1229 domicilia.
2187 1155 2312 1247 Quare

391 1251 461 1323 Sed
487 1273 509 1317 o
534 1244 786 1337 deplorandam
818 1242 1004 1332 caliginem
1035 1240 1271 1316 humanarum
1322 1241 1493 1331 tantisper
1513 1244 1598 1312 dum
1621 1238 1706 1312 baec
1725 1240 1844 1315 schola
1863 1247 2043 1319 doctorem
2068 1252 2218 1326 Paulum
2243 1284 2310 1331 au-

292 1351 477 1424 mentium,
526 1343 605 1416 Etsi
625 1339 690 1412 bae
711 1357 827 1414 tantae
847 1367 902 1412 res
928 1343 1012 1414 satis
1030 1347 1212 1438 perspicue
1235 1346 1273 1414 in
1323 1343 1416 1428 diet,
1441 1355 1476 1411 et
1495 1337 1581 1412 haec
1602 1343 1718 1413 studia
1741 1348 1907 1417 mediocri
1928 1350 2110 1440 diligentia
2134 1362 2308 1445 regendo·

295 1454 407 1527 Paulo
423 1447 596 1539 expositae
610 1459 704 1528 sunt,
725 1457 842 1514 tamen
857 1456 891 1512 ct
904 1459 988 1515 sunt
1002 1461 1035 1516 et
1048 1448 1191 1517 fuerunt
1206 1441 1274 1515 ho·
1324 1466 1403 1512 rum
1425 1466 1565 1513 morum
1587 1442 1749 1528 ornabit,
1778 1440 1871 1516 hanc
1893 1452 2009 1519 sedem
2034 1467 2068 1522 et
2101 1450 2167 1526 hos
2190 1473 2308 1532 coetus

295 1557 408 1625 mines
424 1547 557 1640 alioqui
574 1568 648 1615 non
668 1543 820 1628 indocti,
851 1545 1008 1637 quicum
1025 1547 1185 1617 viderent
1199 1570 1274 1616 non
1324 1539 1440 1623 Deus,
1468 1557 1509 1616 ut
1529 1566 1653 1635 spero,
1685 1558 1853 1636 proteget.
1903 1547 1972 1622 Sed
2002 1555 2108 1626 redeo
2131 1560 2177 1628 ad
2202 1586 2308 1632 enco-

296 1655 468 1749 quadrare
488 1642 531 1719 τὸ
557 1638 667 1737 ῥητὸν
692 1645 729 1712 in
743 1641 854 1713 Paulo
871 1646 917 1713 ad
935 1645 1083 1715 rationis
1100 1642 1274 1716 humanae
1326 1643 1450 1716 mium.

297 1753 480 1835 iudicium,
493 1743 681 1819 demntia
697 1747 784 1814 etde
798 1744 884 1833 lege,
900 1743 1131 1817 discesserunt
1145 1745 1274 1817 „Pauli
1423 1741 1574 1812 Prodest
1594 1743 1756 1836 inprimis
1778 1743 1971 1837 Ecclesiae,
1999 1756 2142 1826 collatio
2168 1772 2210 1829 ut
2233 1761 2308 1830 dixi

250 1886 253 1891 ·
297 1855 432 1933 verbis,
459 1863 492 1920 et
508 1844 665 1917 confictis
680 1843 890 1936 quibusdam
914 1847 1137 1936 corruptelis,
1159 1859 1274 1917 trans.
1325 1842 1428 1932 Legis
1449 1856 1485 1913 et
1507 1839 1710 1935 Evangelii,
1735 1872 1823 1940 quac
1848 1850 1885 1919 in
1902 1850 2001 1923 Pauli
2022 1857 2160 1947 scriptis
2182 1861 2308 1948 copio-

295 1959 496 2028 sormamng
514 1946 666 2019 paulum
690 1945 729 2015 in
754 1939 925 2016 humanas
953 1958 989 2016 es
1014 1940 1287 2039 philosophicas
1323 1942 1396 2013 sius
1418 1956 1453 2013 et
1471 1944 1664 2031 illustrius,
1690 1971 1795 2038 quam
1816 1951 1903 2020 alibi
1925 1954 2088 2045 explicata
2104 1974 2166 2030 est.
2216 1958 2308 2029 Pos-

296 2057 494 2151 opq„;0„,s‚
1322 2057 1459 2116 sumet
1483 2045 1569 2114 alias
1591 2048 1759 2139 quasdam
1785 2052 1947 2122 materias
1970 2056 2117 2137 addere,
2150 2083 2238 2152 quae
2262 2064 2307 2130 ab

399 2152 509 2248 Atqui
536 2149 692 2243 oportuit
725 2174 790 2220 nos
814 2144 992 2222 auditores
1018 2170 1057 2219 ac
1085 2148 1276 2244 discipulos
1325 2146 1401 2238 ipso
1419 2146 1558 2238 planius
1581 2159 1793 2234 tractantur,
1815 2152 2003 2225 discrimen
2028 2157 2181 2231 iustitiae
2202 2161 2307 2251 spiri-

300 2284 393 2345 esse,
413 2279 488 2327 non
501 2253 643 2323 criticos
661 2275 723 2322 seu
735 2273 894 2321 censores
904 2250 1095 2343 sapientiae
1107 2253 1276 2337 coelestis,
1324 2261 1382 2317 tus
1394 2270 1434 2316 ac
1448 2245 1623 2337 politicae,
1648 2262 1681 2317 et
1696 2249 1884 2321 discrimen
1898 2249 2077 2327 Ecclesiae
2093 2274 2126 2329 et
2141 2261 2306 2352 imperio·

299 2385 388 2455 quae
413 2358 442 2426 si
465 2351 556 2423 nihil
580 2376 600 2421 a
621 2347 850 2442 Philosophia
870 2352 1044 2435 differret,
1075 2354 1160 2445 quid
1186 2375 1276 2444 opus
1326 2370 1416 2421 rum,
1459 2342 1613 2417 Damnat
1625 2347 1708 2418 item
1725 2352 1906 2443 perspicue
1921 2355 2239 2453 ἓθελοθρησκείας,
2267 2374 2306 2431 ιιι

298 2474 386 2531 esset
398 2451 685 2541 voceEvangelii,
700 2455 793 2544 quod
811 2451 978 2523 hliusDei
996 2474 1036 2520 ex
1048 2453 1129 2522 sinu
1142 2453 1275 2523 aeterni
1325 2448 1474 2518 sciamus
1506 2448 1635 2540 quibus
1665 2450 1790 2521 officiis
1821 2453 1953 2527 indicet
1987 2482 2022 2527 se
2047 2457 2142 2529 Deus
2168 2455 2306 2530 honore

295 2562 405 2655 patris
429 2553 601 2648 protulit?
650 2550 689 2622 Si
711 2552 946 2622 existimamus
968 2548 1155 2640 Apostolos
1180 2556 1275 2647 quod
1324 2547 1427 2617 affici.
1477 2545 1599 2620 Muuit
1614 2561 1647 2619 ct
1664 2574 1783 2639 pacem
1798 2553 1949 2642 civilem,
1973 2573 2074 2628 ornat
2088 2560 2305 2651 amplissima

296 2671 481 2733 senserunt
496 2668 532 2727 et
553 2652 705 2723 voluisse
722 2664 756 2720 et
777 2651 929 2741 potuisse
952 2652 1089 2744 eloqui,
1118 2655 1274 2745 profecto
1324 2648 1429 2717 lande
1443 2661 1556 2718 totum
1574 2650 1756 2739 politicum
1769 2655 1942 2739 ordinem,
1964 2642 2304 2751 magistratuleeges

296 2760 463 2834 convenit
478 2781 518 2827 ex
533 2754 689 2846 ipsorum
707 2752 867 2822 oratione
881 2753 1000 2822 dextre
1013 2754 1148 2823 collatis
1164 2779 1274 2825 mem·
1326 2744 1505 2833 honestas,
1536 2749 1683 2836 iudicia,
1718 2767 1930 2846 contractus,
1961 2761 2144 2846 militiam,
2177 2764 2305 2831 coniu-

296 2863 371 2935 bris
384 2851 767 2937 sumerelsententiam,
789 2865 824 2922 et
840 2865 880 2922 ut
900 2853 987 2923 dicit
999 2850 1167 2923 Basilius:
1190 2850 1276 2927 noti
1324 2850 1439 2938 glum,
1464 2851 1716 2921 ⁰⁶⁶⁰¹¹⁰ffl5⁸¹¹¹0

296 2956 464 3054 ordonn
477 2953 545 3031 τὸν
558 2950 669 3026 λίθον
680 2946 915 3048 ἐφαρμόζειν,
937 2954 1275 3026 accommodareLa-
1423 2949 1475 3020 De
1492 2946 1548 3019 his
1566 2953 1671 3022 rebus
1687 2954 1878 3028 sententias
1898 2952 2002 3030 huius
2023 2961 2174 3033 doctoris
2197 2962 2304 3052 longe

286 3062 414 3154 pidem
430 3061 472 3129 ad
488 3056 654 3145 regulam,
675 3077 749 3125 uon
763 3050 936 3145 Regulam
952 3056 996 3124 ad
1011 3049 1182 3126 humanas
1197 3056 1276 3149 opi·
1325 3051 1479 3122 antefero
1494 3049 1663 3137 Platonis,
1689 3068 1723 3125 et
1735 3053 1936 3130 Aristotelis
1953 3062 2112 3153 politicis,
2139 3063 2199 3131 etsi
2216 3058 2304 3132 baec

296 3161 422 3231 „iones
439 3158 626 3228 inflatam,
1325 3173 1467 3242 quoque
1489 3152 1662 3243 sapienter
1687 3157 1814 3247 scripta
1831 3174 1926 3235 sunt.
1976 3160 2046 3233 Sed
2062 3165 2160 3233 addit
2173 3162 2304 3234 Paulus

396 3255 552 3347 Agamus
573 3267 689 3323 autern
703 3250 779 3321 Deo
803 3254 950 3340 gratias,
973 3259 1069 3347 quod
1094 3256 1133 3327 in
1151 3253 1276 3328 Eccle.
1324 3250 1510 3320 salutarem
1544 3253 1758 3336 doctrinam,
1789 3271 1937 3327 testatur
1963 3256 2049 3331 hacc
2075 3265 2166 3333 vitae
2192 3263 2303 3334 officia

293 3361 358 3434 siis
389 3356 518 3430 nostris
542 3374 663 3424 mrsus
685 3351 832 3441 simplex
860 3365 895 3421 et
916 3374 1079 3440 germana
1104 3358 1276 3427 sententia
1324 3351 1442 3421 aDeo
1457 3352 1618 3423 ordinata
1631 3376 1713 3436 esse,
1739 3355 1888 3447 ideoque
1900 3358 1949 3426 sic
1963 3359 2058 3431 inter
2072 3386 2108 3433 se
2123 3366 2302 3434 devinctos

295 3465 407 3543 lucet,
431 3460 600 3549 adquam
621 3452 862 3536 retinendam,
887 3453 1025 3524 duabus
1041 3457 1165 3540 rebus,
1189 3460 1276 3526 ado-
1325 3473 1399 3519 esse
1415 3445 1576 3522 homines
1592 3455 1848 3544 procreatione,
1875 3459 2101 3546 educatione,
2127 3468 2302 3552 guberna-

295 3567 480 3643 1m0n102‚
504 3577 594 3647 opus
606 3566 679 3636 est,
703 3576 784 3624 vera
800 3552 910 3622 animi
926 3552 1071 3643 pietate,
1096 3569 1131 3627 et
1147 3558 1277 3627 acerri-
1326 3551 1441 3637 tione,
1466 3554 1721 3638 contractibus,
1745 3556 1843 3626 utin
1869 3552 1924 3627 his
1939 3558 2042 3628 bonis
2064 3564 2169 3631 rebus
2184 3580 2302 3633 osten·

292 3688 352 3733 mo
366 3659 484 3731 studio
497 3654 656 3725 omnium
671 3655 843 3724 honarum
858 3652 1135 3745 disciplinarum.
1167 3656 1274 3746 Quod
1324 3653 1449 3722 damus
1466 3652 1563 3737 aliis,
1594 3669 1748 3724 nostram
1773 3658 1817 3725 de
1842 3654 1916 3727 Deo
1938 3660 2165 3744 sententiam,
2201 3688 2303 3732 exer·

291 3762 425 3834 Paulus
448 3755 617 3851 praecipit
634 3748 845 3838 Timotheo,
870 3768 910 3825 ut
933 3755 1150 3847 depositum,
1176 3760 1275 3827 vide.
1324 3776 1462 3821 ceamus
1486 3752 1742 3824 invocationem
1769 3770 1804 3827 et
1829 3770 1984 3828 mutuam
2006 3760 2303 3834 benevolentiam.

292 3865 391 3947 lieet,
411 3858 645 3949 Evangelium
663 3854 774 3946 ipsius
789 3852 869 3924 fidei
883 3858 1186 3943 commendatum,
1209 3882 1273 3928 eu·
1323 3849 1435 3922 Docet
1451 3853 1534 3923 item
1557 3849 1623 3923 hos
1637 3856 1773 3927 labores
1786 3854 1863 3927 Deo
1881 3881 1962 3927 vere
1975 3860 2127 3952 placere,
2151 3873 2185 3930 ct
2201 3875 2304 3950 grata

287 3964 419 4035 stodiat
444 3975 478 4034 et
499 3973 654 4030 tueatur:
689 3956 783 4028 idem
805 3956 907 4027 vobis
927 3958 1145 4033 severissime
1171 3983 1273 4049 prae·
1323 3968 1470 4023 munera
1487 3968 1521 4024 et
1535 3954 1702 4026 sacrificis
1717 3980 1801 4031 esse·

287 4065 358 4155 εἰμί
378 4062 518 4144 statuit,
551 4080 640 4151 quo,
658 4058 701 4123 ad
714 4057 915 4127 ,ocientem
937 4058 1093 4129 eiusdem
1115 4061 1273 4130 muneris
1420 4050 1498 4123 Hae
1529 4053 1631 4125 Pauli
1664 4056 1856 4129 sentcntiae
1900 4054 1994 4128 baud
2026 4059 2133 4129 dubie
2171 4062 2301 4131 multos

288 4165 447 4245 mvn,
480 4160 575 4251 quod
608 4150 787 4238 Christus,
819 4150 1017 4246 Prophetae
1049 4173 1085 4229 οι
1108 4158 1272 4252 Apostoli
1322 4177 1443 4243 graves
1463 4155 1575 4239 viros,
1603 4156 1666 4249 qui
1688 4158 1845 4228 sentiunt
1866 4176 2039 4252 quantum,
2060 4184 2150 4230 onus
2171 4162 2218 4232 sit
2239 4185 2300 4250 gu·

289 4262 595 4332 administratum,
1323 4255 1503 4340 hernatio,
1528 4256 1681 4327 retinent
1701 4258 1740 4326 iu
1759 4282 1820 4327 sua
1837 4260 1999 4331 statione.
2049 4257 2151 4331 Certe
2168 4262 2207 4331 iu
2225 4286 2299 4330 meo

390 4358 444 4431 Ac
465 4379 566 4447 saepe
597 4348 687 4422 mihi
716 4352 882 4441 cogitanti
906 4358 952 4424 de
980 4352 1045 4426 hac
1069 4353 1272 4446 Academia,
1321 4356 1459 4441 animo,
1483 4381 1638 4427 amorem
1657 4371 1691 4428 et
1706 4359 1937 4430 reverentiam
1960 4361 2075 4448 legum
2093 4376 2128 4432 et
2143 4361 2300 4433 civilium

287 4487 393 4560 qnam
418 4457 545 4533 merito
568 4475 744 4532 amamus,
769 4465 936 4545 tanquam
956 4456 1060 4529 fidam
1084 4458 1271 4545 nutricem,
1319 4456 1516 4527 officiorum
1541 4459 1642 4527 valde
1663 4472 1803 4547 augent.
1860 4458 1913 4529 Ac
1937 4460 2033 4530 scitis
2054 4454 2111 4529 his
2134 4461 2299 4554 proximis

287 4568 437 4637 alentem
454 4582 518 4629 nos
537 4570 571 4627 et
586 4554 727 4626 coelesti
743 4554 923 4636 doctrina,
949 4571 984 4628 et
1002 4557 1168 4631 omnibus
1189 4561 1269 4631 aliis
1319 4556 1440 4641 anuis,
1476 4558 1661 4648 praecipue
1674 4555 1776 4627 Pauli
1799 4558 2006 4631 testimoniis
2029 4560 2065 4628 in
2083 4556 2150 4633 hoc
2164 4585 2301 4652 genere,

286 4662 442 4738 honestis
463 4659 617 4740 artibus,
643 4656 682 4726 iu
704 4669 856 4726 amntem
874 4658 971 4729 veuit
993 4658 1069 4729 eius
1087 4659 1203 4742 navis,
1229 4660 1268 4731 in
1318 4658 1485 4728 refutatos
1508 4680 1581 4725 esse
1602 4656 1772 4728 fanaticos
1796 4655 1958 4729 homines
1975 4662 2123 4748 multos,
2147 4662 2211 4756 qui
2229 4662 2300 4753 ple-

284 4792 354 4862 qua
376 4765 506 4838 Paulus
527 4754 670 4831 vellitur
690 4780 730 4826 ex
754 4755 880 4827 iudaea
902 4762 947 4829 ad
971 4758 1122 4830 Meliten
1145 4783 1268 4852 usqae,
1318 4780 1424 4849 caque
1446 4756 1561 4827 officia
1582 4757 1716 4846 politici
1740 4760 1876 4830 ordinis
1895 4763 2054 4831 furenter
2074 4763 2302 4846 damnabant,

280 4894 372 4963 quae
395 4866 458 4940 0133
491 4864 585 4932 inter
615 4857 778 4948 scopulos
805 4857 853 4930 ita
879 4858 1023 4944 iactata,
1054 4887 1094 4932 ac
1122 4861 1266 4931 saevitia
1317 4870 1356 4927 ut
1370 4857 1456 4925 olim
1471 4856 1604 4927 similes
1620 4856 1815 4929 Marcionis
1830 4874 1863 4931 et
1878 4857 2146 4933 Manicheorum
2163 4862 2300 4935 furores

279 4982 524 5060 “mmmmm
541 4986 581 5031 ac
598 4959 763 5031 fluctibus
778 4981 945 5028 concussa
958 4973 1058 5046 erat,¹
1081 4974 1121 5031 ut
1132 4962 1266 5037 lacera-
1315 4956 1439 5025 iisdem
1467 4959 1513 5028 de
1540 4959 1662 5043 rebus,
1695 4960 1881 5052 praecipue
1906 4960 2082 5053 suffragiis
2103 4960 2207 5035 Pauli
2237 4988 2302 5056 op·

280 5072 325 5141 tis
348 5095 389 5139 ae
411 5062 650 5137 fatiscentibus
671 5059 801 5129 tabulis
816 5060 996 5129 videretur
1014 5059 1087 5133 iarn
1107 5083 1264 5132 mersura
1315 5057 1424 5148 pressi
1441 5073 1533 5145 sunt,

277 5171 499 5261 navigantes,
533 5161 668 5249 integra
700 5172 819 5229 tamen
853 5159 892 5227 in
922 5173 1063 5251 portum
1092 5161 1263 5252 pervenit,
1412 5154 1493 5231 Huc
1506 5160 1650 5244 accedit,
1665 5160 1758 5252 qnod
1774 5157 1812 5228 in
1825 5161 2019 5252 praeceptis
2032 5163 2197 5255 politicis,
2213 5191 2304 5260 qua-

273 5274 359 5369 qnia
383 5268 534 5342 Paulum
557 5255 718 5330 vehebat.
777 5257 830 5330 lta
853 5274 890 5330 et
905 5260 1131 5332 Academiam
1158 5283 1261 5354 spero
1312 5258 1393 5327 dam
1415 5284 1490 5330 uon
1512 5259 1649 5350 vulgari
1671 5260 1858 5349 prudentia
1883 5272 2003 5333 monet
2029 5265 2302 5353 gubernatorem

273 5396 475 5447 „mmmm
508 5387 598 5449 esse,
630 5363 743 5430 donec
769 5358 919 5432 Paulum
945 5354 1067 5448 vehet,
1099 5355 1167 5432 hoc
1193 5375 1259 5449 est,
1311 5381 1386 5428 uon
1400 5355 1562 5432 hebetem
1578 5374 1639 5432 aut
1654 5360 1789 5443 rudem,
1803 5365 1847 5434 de
1860 5363 1965 5435 rebus
1981 5387 2053 5433 non
2070 5366 2222 5455 levibus,
2241 5370 2303 5439 sed
