4732 6030
767 190 939 283 ¹DECL.
966 197 1043 279 ΒΕ
1074 199 1454 282 NATIVITATE
1484 203 1740 286 CHRISTI.

237 217 333 295 10⁸1
2170 221 2276 299 1082

241 392 353 485 maggs
373 409 497 460 omnes
512 377 662 473 Angeli,
684 393 792 475 quam
813 402 934 449 rerum
953 377 1115 450 omniurn
1133 401 1230 448 crea-
1276 378 1465 470 praecipuo
1481 377 1661 452 Ecclesiae
1675 406 1882 475 congressu,
1905 380 1974 458 hae
1991 403 2110 481 partes
2125 391 2274 464 dicendi

238 486 377 567 ¹tionem
406 487 647 568 admirantur,
673 483 840 576 quodque
869 481 935 572 ipsi
959 502 1148 572 praecones
1171 502 1230 568 ge·
1277 482 1379 550 datae
1393 496 1496 563 suut,
1521 487 1719 555 verecunde
1732 489 1952 580 obtempero.
2001 489 2074 563 Sed
2089 518 2131 563 ex
2147 496 2272 571 animo

242 597 321 667 neri
350 589 505 662 humano
536 584 801 655 annunciarunt
830 577 897 651 hac
919 581 1108 651 laetissima
1135 603 1231 664 voce,
1277 594 1318 651 ut
1348 581 1474 651 iisdem
1504 584 1549 653 de
1577 586 1684 656 rebus
1710 588 1772 657 alii
1794 590 1916 661 dicant
1937 593 2148 665 eruditiores
2170 612 2274 688 opto.

244 719 348 792 quam
377 691 462 782 ipsis
490 689 595 759 etiam
626 684 814 754 admiratio
842 696 958 754 tantae
981 683 1032 753 rei
1053 681 1231 772 expressit.
1277 679 1385 752 Nulla
1415 685 1459 752 de
1483 687 1667 756 reaudire
1689 691 1811 758 malim
1834 691 2148 768 bonosetdoctos
2172 700 2273 771 viros

241 795 333 871 Ecce
356 791 537 863 annuncio
560 786 662 856 vobis
686 786 854 874 gaudium
876 784 1020 874 ingens,
1045 785 1142 878 quod
1164 783 1233 852 erit

242 899 409 971 universo
432 890 583 984 populo,
600 885 705 981 ‘quod
731 901 835 955 natus
856 885 903 957 sit
923 881 1029 954 hodie
1046 885 1148 954 vohis
1161 885 1230 1000 sal:

244 1014 365 1081 vator,
389 996 451 1089 qui
467 1006 519 1063 est
527 985 690 1061 Christus
699 985 885 1060 Dominus.
936 984 986 1058 Ut
999 987 1108 1076 igitur
1122 985 1231 1053 animi

237 1096 533 1173 'scholasticorum
556 1092 600 1160 ad
617 1085 723 1159 huius
737 1088 850 1157 divini
871 1087 1033 1158 beneficii
1049 1087 1232 1175 cogitatio-

246 1226 327 1274 nem
356 1224 395 1268 ac
424 1191 743 1266 considerationem
772 1190 829 1257 vel
861 1202 1154 1280 praepararentur
1176 1187 1233 1255 vel

246 1302 539 1379 accenderentur,
561 1293 721 1362 instituta
742 1305 794 1361 est
815 1285 901 1359 haec
922 1289 1066 1359 dicendi
1086 1312 1233 1359 consue-

245 1406 345 1477 tudo.
396 1397 445 1471 Ut
476 1396 570 1466 enim
601 1394 640 1463 in
666 1392 763 1462 coelo
787 1405 933 1461 nonest
956 1392 1053 1461 aliud
1076 1390 1233 1460 studium
1282 1425 1291 1443 ·

245 1507 380 1587 maius,
406 1523 512 1594 quam
532 1493 638 1567 liuius
652 1495 835 1562 mirandae
849 1491 1024 1563 societatis
1041 1492 1185 1561 divinae
1200 1502 1235 1560 et

242 1604 421 1677 humanae
443 1615 589 1669 naturae
610 1593 877 1684 contemplatio,
902 1606 936 1663 et
959 1593 1151 1662 immensae
1168 1592 1234 1659 mi-

246 1705 456 1780 sericordiae
471 1723 552 1789 erga
566 1693 729 1773 homines
743 1694 976 1785 praedicatio,
1000 1694 1049 1764 sic
1063 1695 1101 1762 in
1112 1688 1236 1764 Eccle-

247 1810 309 1879 siis
333 1832 372 1876 ac
388 1799 544 1885 Schulis,
567 1822 656 1892 quae
677 1797 861 1890 praecipue
882 1811 966 1868 sunt
987 1797 1102 1887 imago
1123 1793 1236 1884 agmi-

249 1933 336 1980 num
348 1903 562 1985 coelestium,
587 1903 708 1970 eadem
722 1899 839 1969 studia
851 1899 1044 1985 excitanda,
1066 1912 1100 1968 et
1114 1899 1235 1968 eadem

248 2034 333 2081 voce
347 2032 426 2079 cum
445 2001 590 2092 Angelis
604 2001 812 2073 celebranda
829 2014 882 2072 est
897 1999 965 2071 Dei
981 2001 1115 2071 aeterni
1129 1999 1237 2070 honi-

249 2126 320 2197 tas,
357 2107 561 2202 praesertim
591 2127 672 2173 cum
704 2102 913 2172 beneficium
943 2103 987 2173 ad
1021 2126 1087 2172 noi
1118 2101 1236 2170 verius

249 2237 357 2308 quam
379 2211 422 2280 ad
439 2204 594 2294 Angelos
613 2203 801 2296 pertineat.
850 2199 929 2275 Etsi
947 2218 1062 2275 autem
1078 2227 1143 2274 nec
1159 2200 1237 2272 An·

250 2314 338 2404 geli,
369 2335 434 2379 nec
453 2320 587 2376 mentes
609 2300 785 2376 humanae
806 2298 899 2374 hanc
920 2306 1117 2376 societatem
1143 2303 1237 2374 divi-

168 2390 171 2395 .
249 2439 317 2486 nae
337 2426 370 2483 et
386 2407 563 2481 humanae
579 2419 725 2476 naturae
739 2406 936 2498 perspicere
951 2430 991 2477 ac
1006 2401 1238 2498 comprehen-

250 2520 334 2588 dere
352 2524 517 2606 possunt,
543 2523 661 2579 tamen
677 2507 759 2602 quia
774 2508 935 2600 patefecit
950 2532 1027 2576 earn
1040 2503 1137 2578 Deus
1153 2506 1237 2576 illu-

251 2619 382 2689 stribus
413 2610 644 2695 testimoniis,
678 2633 718 2679 ac
747 2609 922 2679 celebrare
947 2608 1066 2694 iussit,
1097 2630 1237 2678 necesse

251 2733 303 2790 est
327 2741 393 2787 nos
417 2711 502 2785 haec
519 2735 663 2796 arcana,
689 2734 779 2804 quae
794 2711 961 2803 patefacta
974 2723 1074 2791 sunt,
1101 2709 1236 2782 etiamsi

250 2818 400 2891 infantia
423 2828 545 2885 nostra
568 2811 687 2905 eloqui
708 2835 748 2882 ea
772 2835 846 2881 uon
872 2825 1003 2902 potest,
1034 2812 1180 2881 recitare
1204 2823 1238 2881 et

251 2944 432 3017 spargere,
464 2934 505 2988 ut
526 2911 592 2985 Dei
620 2913 789 2983 beneficia
814 2914 935 3005 plures
958 2927 1170 3005 agnoscant,
1204 2926 1238 2982 et

251 3024 358 3116 gratis
370 3018 549 3090 mentibus
564 3015 832 3105 amplectantur.
871 3012 912 3082 ln
927 3014 1068 3084 Psalmo
1082 3016 1237 3085 secundo

242 3104 371 3216 inquit
398 3123 472 3210 ipse
506 3118 600 3188 lilius
630 3114 716 3203 Dei,
752 3114 969 3186 Praedicaho
997 3130 1237 3209 praeceptum:

198 3219 200 3223 ⁴
251 3223 428 3298 Dominus
450 3219 539 3287 dixit
561 3222 605 3286 ad
629 3241 703 3303 me,
735 3215 850 3287 Filius
870 3241 969 3288 meus
992 3242 1028 3287 es
1051 3232 1101 3288 tu.
1160 3215 1238 3309 lpse

251 3328 361 3418 igitur
386 3317 479 3390 hanc
500 3340 621 3385 vocem
641 3317 679 3383 in
701 3312 857 3386 Ecclesia
883 3332 1002 3398 sonat,
1034 3320 1109 3409 ipse
1130 3320 1240 3389 mittit

249 3425 407 3517 Angelos
427 3439 634 3513 praecones,
661 3415 735 3506 ipse
758 3409 943 3484 hominum
961 3432 1100 3507 pectora
1119 3432 1152 3488 et
1167 3420 1239 3485 lin-

252 3553 337 3623 guas
367 3518 543 3602 accendit,
576 3530 616 3588 ut
644 3510 712 3587 hoc
740 3529 878 3587 tantum
903 3517 1107 3610 mysterium
1130 3519 1239 3609 profi-

252 3643 393 3705 teantur
419 3649 460 3693 ac
486 3620 676 3691 eelebrent.
735 3614 813 3708 lpse
835 3618 976 3687 diabolo
997 3619 1159 3691 irascitur
1181 3620 1238 3690 in-

251 3729 389 3805 videnti
408 3723 532 3808 nobis,
556 3715 624 3791 hoc
646 3743 726 3789 cum
750 3732 876 3789 natura
897 3719 1019 3791 divina
1033 3721 1177 3803 foedus,
1203 3736 1238 3793 et

248 3829 457 3908 memoriam
473 3825 549 3895 eius
564 3822 682 3892 delere
697 3820 865 3914 cupienti.

352 4036 431 4129 lpse
450 4029 661 4102 ludaeorum
676 4039 710 4098 et
725 4020 923 4097 Mahometi
937 4027 1075 4096 furores
1091 4026 1235 4097 refutari

252 4143 345 4225 vult,
370 4136 433 4232 qui
456 4132 563 4223 impie
587 4129 779 4198 reclamant
803 4128 1011 4197 testimoniis
1026 4128 1092 4198 Dei
1109 4142 1142 4198 et
1159 4128 1236 4198 voci

248 4240 403 4325 Christi,
426 4260 467 4306 ac
481 4246 611 4323 negant
627 4230 752 4300 factam
769 4252 841 4298 esse
856 4224 947 4298 hanc
962 4229 1105 4298 divinae
1119 4243 1152 4299 et
1166 4224 1237 4298 hu-

249 4367 377 4415 manae
392 4352 537 4408 naturae
553 4333 765 4404 societatem.
816 4328 936 4418 Quare
952 4331 1016 4400 etsi
1032 4355 1152 4401 sumus
1168 4331 1236 4400 im·

247 4445 409 4526 becilles,
444 4451 561 4507 tamen
591 4430 783 4502 excitemur
810 4456 895 4500 voce
924 4427 1078 4516 Christi,
1110 4455 1237 4550 sequa-

246 4574 340 4632 mur,
360 4542 557 4621 recitemus,
575 4556 848 4625 propugnemus,
867 4533 1061 4651 inseramus
1074 4558 1234 4604 omnium

246 4650 375 4730 animis
389 4654 562 4740 quantum
577 4658 775 4730 possumus.
822 4631 894 4704 Nec
908 4646 1147 4705 existimemus
1158 4635 1236 4706 fru-

247 4774 317 4829 stra
345 4751 393 4821 ali
415 4771 457 4816 eo
479 4741 612 4812 dictum
634 4759 724 4807 esse:
756 4734 974 4806 Praedicabo
999 4750 1235 4829 praeceptum.

247 4856 335 4926 Vult
352 4867 467 4923 extare
484 4840 592 4914 huius
609 4839 699 4910 tanti
717 4837 876 4907 muneris
888 4839 1105 4908 memoriam.
1156 4835 1234 4907 Hoc

245 4954 432 5056 praecipue
445 4946 563 5018 officio
579 4942 646 5012 coli
663 4940 777 5012 Deum
791 4939 960 5024 affirmat,
985 4965 1063 5010 euni
1080 4964 1161 5009 vere
1176 4963 1234 5010 ce-

244 5063 404 5136 lebratur
423 5048 491 5120 hoc
512 5042 742 5126 beneficium,
767 5065 848 5135 cuni
866 5035 952 5110 haec
969 5067 1035 5110 vox
1050 5043 1118 5111 late
1134 5065 1232 5161 spar-

241 5168 354 5258 gitur,
381 5166 415 5223 et
429 5151 514 5218 fides
527 5171 567 5217 ac
580 5144 757 5235 gratitudo
773 5142 811 5212 in
827 5144 1004 5212 mentibus
1019 5145 1231 5216 accenditur.

241 5270 456 5359 Quanquam
479 5248 588 5338 igitur
608 5246 796 5317 infantiam
815 5269 928 5315 meam
946 5268 1096 5334 agnosco
1111 5268 1152 5314 ac
1167 5248 1231 5315 de.

1278 807 1384 877 quam
1400 786 1444 853 de
1459 779 1525 855 hac
1542 810 1645 859 causa
1660 792 1815 879 graviter
1829 792 2051 868 disserentes.

1380 916 1477 989 llaec
1506 943 1653 1010 operum
1675 923 1881 994 divinorum
1905 950 2083 1000 summum
2101 947 2135 1005 et
2150 937 2274 1005 maxi-

1278 1041 1377 1088 mum
1405 1021 1590 1111 proponit:
1621 1017 1707 1094 haec
1730 1027 2011 1114 magnitudinem
2035 1032 2178 1105 divinae
2197 1039 2271 1106 mi-

1279 1122 1489 1190 sericordiae
1507 1146 1586 1211 erga
1602 1146 1666 1192 nos
1683 1126 1849 1197 illustrat:
1876 1125 1962 1200 haec
1978 1132 2187 1222 dignitatem
2201 1133 2272 1209 liu-

1279 1246 1403 1292 manae
1427 1236 1573 1293 naturae
1594 1226 1791 1298 restitutam
1808 1242 1843 1299 et
1856 1244 1993 1301 auctam
2010 1258 2084 1305 esse
2098 1240 2274 1312 ostendit:

1280 1317 1366 1392 haec
1390 1325 1492 1393 docet
1513 1328 1693 1418 quomodo
1718 1353 1758 1397 ex
1783 1343 1924 1401 aeterna
1949 1350 2063 1405 morte
2085 1342 2131 1409 ad
2156 1339 2276 1412 lucem

1280 1425 1450 1494 iustitiam
1464 1438 1498 1495 et
1512 1428 1620 1497 vitain
1636 1442 1813 1500 aeternam
1828 1434 2048 1508 reducamur.
2089 1439 2173 1511 Sint
2188 1466 2275 1514 sane

1280 1526 1343 1595 alii
1365 1526 1557 1616 sapientes,
1580 1528 1642 1620 qui
1666 1526 1962 1623 philosophantur
1981 1538 2025 1607 de
2043 1539 2181 1630 legiliiii
2194 1569 2275 1616 mo-

1282 1641 1383 1698 tuum
1402 1628 1627 1709 coelestium,
1658 1632 1720 1724 qui
1743 1635 1929 1724 explorant
1951 1632 2140 1715 herbarum
2164 1660 2275 1718 natu-

1280 1751 1358 1814 ras,
1399 1742 1435 1798 et
1465 1730 1620 1799 remedia
1649 1731 1814 1804 salutaria
1846 1730 1901 1805 his
1930 1737 2082 1812 infirmis
2112 1750 2276 1839 corpori·

1280 1832 1349 1900 hus
1378 1842 1552 1923 querunt,
1581 1832 1643 1923 qui
1668 1845 1797 1904 terram
1821 1838 1925 1908 certis
1947 1864 1987 1911 ar
2010 1843 2119 1916 linitis
2141 1851 2275 1939 spaciis

1282 1931 1482 2003 includunt.
1530 1930 1612 2002 Non
1636 1934 1795 2028 vitupero
1814 1932 1900 2010 haec
1918 1943 2047 2021 studia.
2095 1946 2166 2020 Sed
2184 1946 2276 2024 haec

1282 2033 1443 2127 quamvis
1458 2034 1597 2125 elegans
1614 2050 1648 2107 et
1661 2038 1779 2108 suavis
1791 2041 1973 2128 doctrina,
1996 2060 2114 2119 tamen
2129 2064 2274 2124 tautum

1281 2131 1366 2206 huic
1390 2137 1533 2208 mortali
1556 2137 1648 2209 vitae
1670 2141 1797 2227 seruit,
1828 2168 1902 2214 nun
1925 2144 2098 2223 monstrat
2114 2150 2183 2224 Dei
2206 2180 2274 2226 na·

1283 2251 1398 2308 tiirani
1415 2252 1450 2308 et
1464 2239 1682 2310 voluntatem
1699 2265 1779 2333 erga
1797 2267 1881 2337 nos,
1905 2271 1980 2318 non
1996 2255 2149 2326 restituit
2167 2258 2274 2329 nobis

1283 2339 1397 2409 lucem
1427 2340 1598 2411 iustitiam
1627 2357 1663 2414 ct
1685 2344 1794 2415 vitam
1813 2360 2002 2428 aeternam.
2052 2354 2274 2430 Tribuamus

1284 2464 1366 2529 ergo
1397 2455 1432 2512 et
1455 2437 1540 2512 huic
1559 2444 1696 2514 utiliori
1718 2447 1901 2520 doctrinae
1924 2454 1968 2522 de
1988 2456 2094 2527 rebus
2114 2461 2271 2533 aeternis

1283 2540 1419 2637 aliquid
1453 2544 1578 2614 studii:
1620 2570 1697 2616 nou
1725 2548 1962 2626 existimemus
1990 2558 2145 2629 fabulosa
2178 2557 2271 2633 haec

1283 2665 1374 2724 esse,
1400 2668 1489 2737 quae
1513 2647 1557 2714 de
1579 2647 1744 2719 societate
1763 2651 1902 2722 divinae
1917 2669 1950 2723 et
1968 2650 2146 2730 humanae
2160 2677 2273 2735 natu-

1283 2769 1342 2814 rae
1362 2741 1524 2815 Christus
1553 2748 1801 2838 concionatur,
1829 2777 1910 2823 cum
1933 2781 2032 2827 suam
2060 2763 2271 2835 concionem

1283 2859 1335 2918 tot
1358 2846 1567 2918 testimoniis
1590 2850 1807 2924 confirmarit
1828 2856 2087 2930 resuscitatione
2105 2879 2272 2936 mortuo·

1284 2971 1382 3034 rum,
1406 2970 1470 3017 sua
1492 2951 1765 3041 resurrectione,
1789 2969 1823 3027 et
1838 2969 1941 3028 testes
1957 2954 2079 3030 harum
2095 2966 2270 3036 marima-

1284 3073 1362 3118 rum
1385 3073 1522 3135 rerum,
1544 3065 1617 3122 tam
1640 3055 1745 3125 multi
1767 3058 1901 3130 fuerint
1916 3059 2080 3152 Apostoli
2102 3081 2135 3136 et
2159 3067 2272 3138 colle-

1283 3174 1363 3241 gae,
1394 3150 1466 3219 imo
1496 3152 1697 3225 testimonia
1728 3160 1849 3229 omnia
1879 3161 2010 3255 quihus
2041 3188 2077 3234 se
2099 3168 2144 3237 ab
2166 3168 2271 3240 initio

1283 3252 1378 3323 Deus
1401 3252 1579 3343 patefecit:
1615 3256 1766 3328 servatio
1789 3255 1913 3332 Nohae
1933 3263 1971 3332 in
1994 3266 2150 3356 diluvio,
2183 3273 2273 3341 edu-

1283 3354 1353 3423 ctio
1376 3350 1616 3424 Israelitarum
1647 3380 1688 3424 ex
1715 3354 1893 3453 Aegypto,
1926 3365 2084 3462 denique
2112 3371 2270 3442 defensio

1283 3455 1390 3523 totius
1406 3452 1555 3526 Politiae
1573 3454 1753 3546 iudaicae,
1777 3464 1822 3532 ad
1841 3457 1910 3535 hoc
1931 3470 2162 3563 praecipuum
2181 3497 2272 3565 opus

1283 3556 1492 3626 referantur.

1385 3685 1519 3762 Omnia
1536 3688 1623 3765 haec
1636 3695 1725 3768 facta
1741 3711 1932 3789 testantur,
1953 3730 2072 3778 veram
2089 3733 2163 3781 esse
2178 3707 2275 3784 hanc

1284 3793 1491 3862 concionem
1515 3795 1560 3863 de
1584 3796 1658 3866 filio
1683 3795 1768 3886 Dei,
1803 3826 1931 3875 arcano
1956 3809 2105 3880 consilio
2132 3815 2270 3882 aeterni

1284 3894 1413 3984 patris,
1439 3893 1521 3980 filii,
1546 3909 1579 3967 et
1600 3897 1756 3989 Spiritui
1779 3906 1888 3974 sancti
1912 3909 2086 3980 decretum
2109 3933 2203 3994 esse,
2227 3930 2272 3986 iit

1285 3990 1342 4064 liic
1380 3996 1475 4065 filius
1512 4015 1703 4072 assumeret
1732 3998 1923 4076 humanam
1950 4025 2107 4080 naturam
2134 4027 2172 4082 et
2202 4038 2270 4105 pro

1284 4096 1387 4166 nobis
1408 4097 1550 4169 victima
1573 4099 1690 4185 lieret,
1714 4118 1754 4173 ut
1775 4104 1826 4176 ira
1841 4104 1908 4177 Dei
1923 4109 2007 4179 iusta
2024 4113 2183 4200 placata,
2209 4139 2274 4200 ge-

1284 4223 1351 4267 niis
1365 4192 1560 4268 humanum
1576 4226 1698 4272 cursus
1713 4205 1909 4294 ingratiam
1924 4213 2154 4304 reciperetur.
2193 4215 2272 4289 Nec

1284 4324 1369 4368 vero
1391 4301 1466 4369 lieri
1484 4301 1586 4372 aliter
1603 4318 1736 4394 potest,
1762 4310 1851 4401 quin
1864 4311 1915 4402 pii
1930 4315 2163 4386 admiratione
2178 4321 2272 4391 tanti
2298 4381 2301 4384 i

1283 4402 1441 4469 muneris
1464 4403 1624 4490 attoniti,
1655 4429 1675 4474 a
1699 4403 1774 4476 Deo
1796 4426 1938 4499 petant,
1966 4416 2068 4486 utin
2088 4422 2272 4492 mentibus

1282 4502 1413 4572 nostris
1435 4503 1540 4574 fidem
1563 4519 1597 4575 et
1617 4507 1869 4596 gratitudinem
1891 4519 2066 4591 accendat.
2117 4518 2219 4592 Idem
2236 4538 2273 4595 et

1282 4604 1356 4695 ipse
1370 4618 1445 4674 toto
1462 4620 1599 4697 pectore
1613 4630 1688 4676 oro.
1737 4605 1785 4682 Et
1800 4615 1969 4708 quoniam
1985 4614 2070 4690 haec
2083 4623 2129 4692 ad
2144 4622 2274 4694 iuven-

1280 4719 1392 4776 tutem
1410 4709 1523 4777 oratio
1537 4708 1723 4799 praecipue
1737 4706 1906 4801 habetur,
1931 4745 1994 4791 vos
2008 4746 2150 4818 qnoque
2164 4722 2273 4797 scho-

1280 4806 1394 4877 lastici
1417 4804 1603 4894 adhortor,
1628 4824 1669 4881 iit
1691 4806 1761 4884 huc
1779 4819 1946 4891 adferatis
1967 4818 2010 4894 et'
2025 4826 2165 4897 animos
2181 4829 2273 4920 pios,

1280 4922 1315 4978 et
1329 4934 1411 4980 vera
1426 4921 1526 4998 vota,
1551 4925 1593 4981 <ut
1606 4909 1703 4983 Deus
1717 4939 1778 4985 sua
1794 4944 1880 4991 voce
1894 4940 2034 5013 pectora
2051 4942 2172 5000 nostra
2188 4955 2274 5001 eru-

1280 5010 1353 5081 diat
1369 5027 1402 5080 et
1417 5012 1582 5082 exuscitet
1596 5016 1640 5083 ad
1656 5017 1903 5104 cogitationem
1920 5021 2027 5099 liuius
2041 5028 2097 5100 sui
2114 5031 2276 5123 ingentis

1279 5111 1461 5197 beneficii,
1486 5115 1576 5184 etad
1592 5117 1855 5206 gratitudinem.

1378 5243 1452 5315 Nec
1481 5261 1600 5338 putate
1627 5244 1693 5321 hos
1715 5252 1823 5326 festos
1841 5258 1936 5344 dies,
1976 5261 2039 5354 qui
2062 5287 2280 5362 sequemur,

239 5373 361 5464 ploro,
394 5374 513 5431 tamen
543 5347 627 5442 quia
652 5343 744 5419 mihi
766 5347 805 5417 in
827 5342 968 5435 schola,
998 5342 1066 5418 hoc
1088 5361 1156 5432 est,
1189 5346 1228 5416 in
1275 5347 1443 5436 ludorum
1481 5368 1514 5420 et
1551 5352 1798 5426 conviviorum
1835 5383 1940 5434 eausa
1970 5364 2157 5447 instituto:
2188 5402 2281 5453 ως,
