4732 6030
865 92 871 127 l

158 312 261 385 161·
653 261 657 375 Ῐ
849 301 1010 381 nnec.
1050 302 1127 380 nn
1159 302 1537 383 otaoocrtcu.
2009 304 2014 315 ’
2141 320 2214 397 102

164 480 331 563 docendi,
367 481 467 552 nulla
494 479 572 549 sine
595 474 663 549 hoc
683 479 921 550 instrumento
943 502 1000 547 ars
1020 478 1160 567 penitus
1211 476 1456 548 consultorum
1481 477 1604 546 literae
1629 480 1699 548 sint
1723 486 1894 574 quaedam
1915 490 2014 558 velut
2031 493 2206 571 absolutio

164 583 328 673 cognosci
343 597 407 653 aut
418 582 555 674 percipi
569 595 695 672 potest.
748 576 849 651 Nihil
864 581 973 670 igitur
988 581 1063 664 isti,
1090 581 1159 648 nisi
1210 594 1245 651 et
1262 579 1499 649 exaedificatio
1515 575 1784 672 Philosophiae,
1810 591 1904 679 quod
1921 592 2049 678 gradus
2065 601 2108 665 ad
2126 600 2206 671 illas

163 681 358 755 histriones
381 686 470 754 meri
494 697 594 765 sunt,
633 684 697 777 qui
720 696 831 752 artem
854 683 966 752 ullam
989 682 1158 774 profiteri,
1208 696 1301 752 artes
1316 706 1380 772 per
1394 675 1480 750 haec
1496 681 1607 771 prima
1625 684 1795 755 elementa
1809 689 1990 761 faciendus
2004 696 2060 768 sit.
2111 696 2204 793 Hip-

161 787 233 856 nisi
256 782 475 857 Dialecticen
503 798 664 869 teneant,
696 786 840 855 audent.
893 782 995 853 Plato
1021 783 1059 851 in
1085 781 1158 854 Re-
1207 797 1366 874 pocrates
1391 782 1516 852 scribit
1539 783 1691 868 alicubi,
1724 786 1904 860 Medicum
1926 795 1989 886 qui
2010 799 2055 866 sit
2075 796 2201 872 Philo-

161 890 248 979 pub.
278 888 417 979 spurios
439 881 678 978 Philosophus
707 886 862 978 adpellat
887 907 965 970 eos,
994 885 1157 978 quisine
1206 881 1357 976 sophus,
1390 884 1496 974 plane
1521 885 1684 954 divinum
1710 888 1827 959 virum
1843 917 1937 979 esse.
1988 895 2086 968 Idem
2114 926 2200 995 pro-

160 989 366 1070 Dialeetiea,
394 989 591 1059 satisfacere
605 1011 641 1058 se
654 988 734 1057 aliis
748 988 883 1058 artibus
898 987 1157 1072 existimabant,
1205 987 1294 1056 lecto
1319 987 1362 1053 dc
1385 986 1532 1056 scientia
1552 987 1641 1056 iuris
1657 989 1761 1059 etiam
1778 993 1849 1062 dici
1866 1009 1995 1084 potest,
2019 1003 2101 1093 qnia
2115 1007 2199 1076 fon·

163 1114 273 1185 quare
295 1091 386 1160 sicut
409 1090 539 1181 spuriis
562 1113 637 1159 non
653 1090 737 1160 licet
752 1085 1006 1159 haereditatem
1025 1102 1155 1179 petere,
1206 1101 1256 1158 tes
1280 1087 1424 1156 illarum
1447 1088 1575 1156 artium
1599 1102 1704 1181 atque
1725 1106 1842 1179 ortus,
1866 1110 1901 1167 et
1923 1123 2045 1170 causae
2067 1104 2114 1175 ita
2133 1110 2196 1179 de-

161 1195 210 1266 ita
233 1192 360 1283 procul
381 1195 426 1262 ab
447 1192 606 1262 omnium
628 1192 812 1263 literarum
829 1191 1037 1261 tractatione
1054 1214 1155 1282 prae-
1205 1213 1303 1258 mum
1335 1187 1433 1257 cerni
1463 1202 1633 1279 possunt,
1669 1192 1698 1258 si
1730 1198 1912 1279 occesserit
1941 1196 2212 1298 Philosophiae

162 1295 257 1365 torio
278 1294 399 1387 aliquo
421 1295 537 1364 edicto
559 1294 763 1363 submoveri
786 1294 965 1363 debebant
985 1293 1057 1377 illi,
1091 1293 1154 1384 qui
1205 1290 1366 1360 scientia:
1394 1291 1480 1359 adeo
1503 1291 1651 1359 summis
1672 1291 1743 1360 illis
1765 1297 1901 1368 artibus
1916 1303 2015 1374 addit
2030 1303 2197 1382 Philoso-

164 1411 247 1467 ante
275 1396 477 1486 irrumpunt
503 1396 544 1466 in
571 1397 658 1464 alias
680 1394 902 1487 disciplinas,
934 1418 1040 1488 quam
1061 1390 1154 1465 hane
1204 1390 1378 1486 phianon
1393 1392 1657 1472 modulamen,
1684 1396 1745 1463 sed
1762 1397 1866 1467 etiam
1881 1402 2098 1491 dignitatem.
2192 1410 2195 1415 ’

164 1510 275 1616 mim
299 1497 531 1617 perieperim⁴
583 1495 739 1586 Quidam
769 1497 932 1588 perstem
959 1496 1153 1616 piaecepiss
1304 1543 1518 1639 Quanquam
1540 1560 1659 1616 autem
1683 1570 1799 1618 sacrae
1820 1551 1943 1623 literae
1964 1582 2038 1628 non
2053 1583 2196 1640 sumant

163 1613 267 1684 artrs,
293 1612 411 1668 statam
436 1623 473 1669 se
494 1612 605 1669 artem
627 1612 747 1669 tenere
768 1612 911 1691 putant,
936 1624 998 1691 qur
1020 1599 1153 1689 longis-

162 1701 249 1769 sime
270 1701 457 1774 saltu-ntur.
515 1697 609 1771 Usus
629 1701 774 1794 quidam
794 1697 1020 1770 adhibendus
1040 1713 1091 1770 est
1113 1701 1152 1768 in
1203 1641 1546 1739 ‘⁰⁵³Phss0s0phla’
1572 1662 1690 1717 lamen
1704 1651 2194 1755 q⁰l³⁸erm⁰¹¹⁰m³l²¹¹blica

162 1826 233 1894 quo
262 1815 447 1894 praecepta
471 1802 717 1894 experiamur,
749 1814 789 1871 ut
811 1803 948 1871 discant
972 1802 1152 1893 quomodo
1203 1750 1460 1819 consuetudine
1485 1763 1695 1821 mutuantur
1714 1753 1790 1822 sine
1805 1751 1995 1831 Dialectica
2012 1778 2046 1834 et
2063 1791 2193 1860 cogna-

466 1902 475 1918 ,
586 1904 595 1921 ,
834 1904 842 1920 .
924 1902 933 1918 .
1142 1901 1151 1919 .
1203 1849 1249 1916 tis
1265 1849 1418 1933 artibus,
1445 1852 1653 1941 compositio
1668 1856 1841 1924 sermonis
1857 1865 2019 1949 cognosci
2037 1890 2111 1940 non
2127 1898 2193 1963 po-

162 1916 237 1972 arte
257 1906 503 1973 utendnmstt.
557 1902 658 1974 Srcut
672 1927 747 1972 non
764 1915 881 1972 statim
897 1914 1014 1993 pretor
1025 1916 1076 1973 est
1091 1926 1153 2021 qut
1202 1961 1279 2021 test·
1331 1945 1476 2020 Adhaec
1500 1975 1580 2020 cum
1605 1955 1784 2024 neminem
1801 1965 2052 2054 nequeplum,
2074 1996 2191 2066 neque

161 2001 342 2121 Ilufefflm
363 2004 568 2095 pingentem
590 2003 698 2123 yldlfs
724 2026 789 2072 ¹¹⁰⁰
813 1998 1064 2097 ⁰51h3¹⁰⁸d¹¹⁸’
1091 2027 1153 2122 (ἴω
1202 2050 1349 2119 meliora
1380 2052 1469 2120 scire
1499 2068 1677 2141 oporteat,
1709 2081 1814 2150 quam
1839 2056 2063 2159 Theologum
2117 2099 2191 2147 non

162 2106 254 2175 vldtt
268 2100 476 2196 ΑᾶΟῙΡῙὶῑΠῃ
499 2105 735 2174 effld¹¹¹⁵⁵¹ffi⁶
752 2119 953 2193 tangentem
976 2105 1077 2174 fld⁰⁸³
1103 2117 1151 2173 ¹¹³
1201 2153 1368 2222 convenit
1389 2177 1469 2222 eum
1491 2155 1640 2225 aliarum
1662 2159 1791 2229 artium
1807 2164 1931 2234 rudem
1946 2192 2037 2240 esse:
2064 2122 2109 2244 sib
2125 2171 2192 2249 hoc

161 2229 238 2273 110ss
262 2220 358 2296 pule!
380 2230 416 2275 ⁸⁰
432 2203 649 2276 Dialeclloen
664 2207 792 2274 callere
807 2205 854 2289 3⁸²
879 2230 943 2298 ‘1¹¹¹
958 2201 1052 2274 ¹¹¹h¹¹
1065 2229 1151 2275 κη’
1202 2255 1390 2324 consilium
1408 2257 1451 2325 de
1464 2257 1625 2325 maximis
1638 2259 1743 2329 rebus
1758 2264 1906 2350 petitur:
1934 2264 1992 2340 hic
2007 2297 2191 2349 censuram

161 2307 251 2398 psit.
292 2331 367 2375 ¹¹⁰ss
403 2307 617 2398 disputavit,
657 2307 812 2400 denique
842 2307 905 2401 qui
935 2320 1047 2377 mem
1077 2331 1151 2377 ¹¹⁰⁰
1202 2380 1275 2424 non
1294 2358 1401 2425 modo
1424 2359 1467 2425 de
1491 2359 1637 2448 privatis
1658 2363 1836 2450 moribus,
1858 2371 1917 2435 sed
1943 2373 2192 2469 etiamdepu-

163 2408 327 2482 exercuit·
379 2406 587 2497 Quae¹¹⁰v³
605 2404 1069 2498 ²⁸ll¹³⁰⁰l¹¹g⁰¹¹lifiducl⁰’
1095 2434 1152 2478 π’
1202 2457 1304 2527 blicis
1325 2459 1462 2548 legibus
1482 2459 1575 2547 agit,
1600 2484 1688 2552 quas
1704 2464 1748 2530 ad
1766 2488 1821 2532 res
1835 2462 1925 2536 mihi
1942 2473 2088 2564 quidem
2104 2481 2193 2551 ube·

161 2532 292 2660 rogare9
309 2513 377 2580 srbr
403 2523 596 2630 scientiam·
608 2524 713 2594 artis,
733 2534 840 2630 'curus
856 2511 995 2629 nullum
1020 2506 1152 2581 habent
1202 2559 1277 2627 rior
1293 2562 1465 2651 quaedam
1485 2577 1519 2630 et
1536 2561 1749 2653 locupletior
1764 2566 1925 2638 doctrina
1944 2576 2077 2667 requiri
2094 2581 2193 2652 vide·

163 2635 285 2680 usum.
342 2610 454 2681 Porro
482 2637 560 2682 cum
585 2638 624 2681 m
643 2637 743 2682 omn1
766 2635 893 2702 genere
913 2625 1043 2684 artium
1066 2636 1149 2682 con-

163 2715 310 2783 suetudo
325 2715 532 2785 dominatur
574 2715 623 2784 sic
638 2715 733 2783 enim
748 2712 938 2785 aitpoeta:
1202 2672 1278 2744 Ἀπ’
1302 2685 1407 2778 qiam
1432 2662 1536 2749 ”¹¹3⁰
1559 2678 1700 2782 pullw
1728 2669 1859 2788 defin?
1883 2685 1925 2791 ¹¹²,
1940 2673 1978 2742 5¹¹
1996 2684 2193 2768 praesentia

334 2819 389 2884 s,
464 2836 477 2882 t
517 2769 625 2882 n'ffioe,
669 2826 702 2880 ui
723 2821 796 2882 fecit
818 2843 890 2882 usus
910 2827 977 2883 eric.
1203 2786 1276 2831 non
1300 2764 1436 2880 dre-am,
1462 2788 1577 2855 neque
1593 2789 1688 2832 emm
1704 2780 1756 2836 est
1773 2785 1926 2842 rnstrtutr
1943 2781 2054 2848 nostri
2071 2786 2193 2857 omnia

359 2845 463 2884 ⁰⁰⁵⁶
500 2844 517 2881 ἃ
648 2844 667 2902 q
1202 2886 1384 2957 persequr,
1419 2878 1557 2934 tantum
1590 2859 1674 2934 haec
1704 2870 1749 2936 ad
1772 2882 2049 2950 commonendos
2071 2886 2194 2956 adole.

1202 2979 1335 3035 scentes
1355 2965 1453 3034 dico:
1481 2963 1630 3052 Quoties
1648 2968 1691 3036 de
1710 2963 1867 3041 hominis
1883 2990 2009 3049 natura
2025 3007 2065 3054 ac
2082 2989 2194 3077 parti-

1201 3068 1268 3134 bus
1283 3062 1467 3153 Theologo
1484 3066 1673 3136 dicendum
1690 3072 1765 3139 est?
1815 3068 1865 3144 At
1880 3100 1956 3147 eam
1974 3098 2047 3153 rem
2065 3088 2193 3161 clarius

1201 3167 1368 3257 explicari
1391 3168 1521 3257 poterit
1542 3169 1588 3250 is,
1613 3168 1798 3251 cuinotae
1820 3191 1901 3247 sunt
1923 3197 2065 3257 nostrae
2080 3191 2191 3264 dere«

1201 3291 1280 3335 rum
1297 3267 1421 3338 natura
1438 3269 1706 3360 disputationes.

163 2931 237 2987 tum
259 2918 449 2985 maximam
470 2916 509 2980 in
535 2913 725 2981 Dialectica
749 2915 821 2979 vim
843 2908 958 2982 habet.
1019 2912 1152 2983 Libro-

162 3042 241 3086 rum
255 3012 348 3084 mihi
362 3013 494 3087 similes
508 3013 567 3080 isti
582 3013 760 3092 videntur,
783 3013 846 3105 qui
860 3014 1050 3105 praeceptis
1064 3040 1152 3107 quae

162 3117 370 3196 continent,
403 3113 455 3182 uti
483 3127 683 3206 nequeunt,
715 3138 797 3182 nam
820 3139 900 3184 cum
923 3138 1062 3185 eausam
1086 3117 1153 3185 ali-

163 3240 272 3308 quam
300 3228 506 3303 acceperuut
537 3216 800 3305 explicandam,
833 3212 949 3284 nihilo
973 3217 1086 3306 magis
1107 3219 1151 3287 ad

164 3317 262 3385 illam
288 3310 457 3384 adhibere
489 3329 690 3406 praecepta,
728 3339 835 3408 quam
864 3331 981 3387 mutae
1010 3313 1152 3389 chartae

161 3429 321 3509 possunt.
368 3415 524 3485 Proinde
547 3418 576 3485 si
598 3419 678 3511 quis
702 3420 838 3487 utiliter
859 3420 992 3488 versari
1013 3420 1051 3487 in
1072 3422 1152 3488 aliis
1302 3416 1485 3507 Quantum
1503 3421 1593 3490 lucis
1609 3423 1743 3492 adleret
1757 3430 1865 3496 sacris
1880 3419 2012 3523 literis,
2033 3443 2095 3532 qni
2105 3440 2193 3515 Phi.

160 3517 360 3608 disciplinis
378 3518 491 3603 volet,
514 3518 545 3586 is
562 3520 716 3610 patiatur
733 3542 768 3587 se
784 3520 882 3609 prius
898 3520 936 3588 in
953 3516 1011 3588 his
1026 3521 1152 3610 primis
1199 3515 1430 3611 losophorum
1454 3522 1653 3591 doctrinam
1677 3526 1721 3593 de
1745 3532 1905 3601 moribus
1920 3559 1999 3606 cum
2016 3541 2089 3612 illis
2105 3570 2191 3616 con-

120 3694 125 3702 ,
158 3620 295 3691 artibus
309 3621 482 3703 exerceri,
507 3633 540 3689 et
559 3623 603 3688 ad
619 3621 704 3689 alias
719 3621 922 3711 disciplinas
937 3623 1151 3712 praeparari,
1199 3621 1311 3691 leret?
1343 3636 1378 3692 et
1403 3624 1581 3709 ostendet,
1611 3648 1702 3716 quae
1730 3636 1969 3720 consentiant,
2002 3666 2092 3732 quae
2114 3671 2189 3717 non

160 3736 195 3792 et
216 3721 389 3812 tantisper
405 3735 642 3791 commoretur
660 3722 698 3789 in
716 3718 783 3791 hoc
797 3743 923 3812 genere
940 3723 1152 3810 studiorum,
1200 3723 1432 3795 consentiant.
1498 3719 1576 3813 Ego
1604 3749 1688 3795 vero
1716 3730 1820 3799 etiam
1850 3741 2084 3809 necessarium
2116 3769 2191 3820 esse

160 3827 275 3892 donec
290 3836 371 3891 ante
386 3824 520 3892 radices
535 3824 802 3912 egerintearum
816 3824 945 3893 artium
958 3840 1152 3917 praecepta,
1199 3824 1337 3907 iudico,
1373 3824 1558 3892 ostendere
1590 3837 1771 3917 utrunque
1801 3833 1982 3904 doctrinae
2011 3862 2121 3928 genus
2156 3866 2193 3923 et

161 3924 462 4019 quastradimus,
488 3926 601 3994 donec
623 3947 744 3993 eanrm
765 3925 834 3993 sibi
855 3922 929 4005 ἕξιν
947 3927 1087 4008 iecerit,
1111 3940 1152 3996 ut
1200 3923 1387 3992 intervalla
1403 3933 1496 3989 certa
1516 3921 1659 4008 regione
1675 3926 1889 4017 describere,
1915 3948 1947 4004 et
1963 3938 2049 4010 fines
2067 3970 2190 4022 eorum

163 4027 300 4118 quoties
313 4048 400 4096 usus
422 4027 553 4114 poscit,
584 4026 654 4096 sint
678 4026 722 4093 ad
742 4048 907 4106 manum,
940 4026 1091 4094 acvelut
1112 4027 1150 4094 in
1200 4044 1337 4110 regere,
1359 4035 1399 4090 ut
1427 4020 1658 4092 iureconsulti
1682 4027 1897 4119 loquuntur,
1922 4061 1968 4108 ne
1991 4048 2102 4132 possit
2124 4053 2192 4121 ite-

165 4142 360 4200 numerato.
410 4125 506 4197 Haec
526 4139 577 4195 est
593 4126 853 4216 compendiaria
871 4139 905 4194 et
922 4139 1014 4194 recta
1032 4128 1076 4193 ad
1092 4151 1151 4195 ve·
1200 4147 1279 4192 rum
1306 4121 1345 4202 in
1367 4117 1591 4194 Christianae
1620 4126 1801 4200 doctrinae
1827 4142 2082 4224 possessionem
2102 4149 2191 4224 Phi.

164 4250 240 4296 ram
271 4230 506 4300 eruditionem
536 4229 603 4300 via.
653 4227 693 4299 Si
716 4228 795 4319 quis
820 4240 942 4318 captus
963 4228 1150 4324 splendore
1199 4218 1370 4315 losophia,
1392 4224 1600 4316 irrumpere.
1655 4226 1763 4317 Quod
1792 4235 1821 4303 si
1852 4238 2015 4316 fecissent
2044 4265 2189 4340 veteres,

164 4328 313 4398 aliarum
326 4332 454 4401 artium
471 4325 534 4398 has
550 4329 801 4422 praetervolat,
825 4343 865 4399 ut
882 4352 972 4420 quae
985 4353 1058 4397 non
1075 4353 1150 4399 ma·
1200 4349 1274 4395 non
1296 4327 1515 4418 usqueadeo
1537 4331 1774 4405 contaminata
1797 4343 2190 4426 essetantehaectem-
2293 4416 2300 4429 ,

163 4427 320 4521 gnopere
343 4433 509 4502 ostentari
534 4444 685 4524 queant,
711 4426 795 4499 huic
810 4430 916 4521 plane
931 4427 998 4499 hoc
1015 4431 1152 4516 accidit,
1200 4451 1285 4518 pora
1313 4428 1473 4497 doctrina
1505 4431 1746 4508 ecclesiastica.
1821 4437 1918 4528 Quid
1952 4453 2186 4540 quodetiam

163 4534 260 4626 quod
286 4531 570 4623 caniAesopico,
598 4534 765 4625 quidum
787 4533 950 4602 umbram
976 4534 1150 4618 carnium,
1199 4526 1369 4599 historiae
1398 4531 1599 4618 cognitione
1626 4557 1715 4624 opus
1746 4550 1797 4611 est
1819 4537 2023 4637 Theologo,
2057 4556 2096 4624 in
2119 4586 2188 4654 qua

161 4635 261 4728 quod
281 4658 320 4703 ea
336 4637 446 4706 maior
461 4639 645 4726 adpareat,
670 4646 803 4723 captat,
830 4655 929 4702 veras
942 4633 1059 4703 amisit
1075 4659 1152 4703 car·
1200 4645 1239 4702 ut
1271 4643 1430 4721 tempora
1465 4634 1706 4721 consentiant,
1756 4639 1927 4714 iudicium
1959 4674 1998 4719 ex
2032 4661 2190 4735 motibus

161 4760 245 4806 nes:
275 4738 358 4829 quia
388 4739 456 4806 nisi
486 4737 643 4805 attulerit
671 4737 715 4803 ad
741 4736 827 4804 alias
849 4748 940 4804 artes
964 4729 1031 4803 hoc
1056 4739 1151 4827 quod
1201 4734 1376 4812 siderum.
1402 4745 1436 4800 el
1461 4756 1500 4801 ex
1527 4735 1715 4826 eclipsibus
1734 4742 1904 4830 sumitur,
1929 4774 2034 4842 quam
2053 4762 2188 4835 adrem

162 4838 238 4908 dixi
268 4839 565 4924 instrumentum,
598 4835 757 4906 fortassis
787 4836 941 4929 aliquam
972 4838 1153 4907 doctrinae
1201 4834 1281 4927 quis
1301 4858 1374 4902 non
1396 4834 1577 4923 intelligit,
1598 4862 1750 4930 quarum
1773 4845 1902 4915 artium
1922 4853 2065 4927 scientia
2085 4861 2189 4936 adhi-

162 4941 347 5023 umbram,
391 4941 542 5011 solidam
577 4963 662 5008 vero
698 4937 897 5007 doctrinam
924 4962 998 5007 non
1030 4963 1153 5009 eonse-
1201 4937 1317 5004 benda
1348 4935 1418 5004 sit?
1469 4934 1625 5006 Proinde
1658 4941 1745 5032 quid
1775 4944 1870 5015 aliud
1900 4966 1953 5021 est
1975 4981 2079 5049 quam
2103 4963 2189 5050 ὄνος

163 5039 303 5134 quem
1202 5035 1308 5135 &lyme
1327 5029 1533 5130 μυστήρια,
1560 5039 1623 5132 qui
1645 5065 1723 5111 cum
1741 5065 1920 5121 sacrarum
1933 5055 2115 5134 literarum
2133 5070 2190 5138 in-

264 5142 349 5215 Dixi
379 5138 549 5212 hactenus
578 5143 623 5211 de
643 5140 852 5226 Dialectica,
884 5139 967 5234 quia
991 5143 1152 5212 omnium
1202 5153 1335 5230 terpres
1356 5135 1534 5235 perhiberi
1552 5141 1654 5227 velit,
1676 5145 1833 5240 reliquas
1848 5176 1971 5227 omnes
1984 5162 2189 5258 disciplinas

163 5246 315 5323 maxime
336 5244 566 5316 necessariam
591 5266 663 5313 esse
681 5243 813 5314 iudico.
866 5239 979 5312 Porro
994 5244 1081 5336 quid
1097 5267 1155 5314 re-
1203 5240 1432 5331 aspernatur?
1496 5240 1617 5331 Quare
1658 5260 1698 5315 ut
1734 5248 1879 5339 finiam,
1919 5256 2089 5334 adhortor
2124 5295 2189 5342 vo,

161 5348 263 5441 liqna
277 5349 450 5417 elementa
466 5340 718 5437 Philosophiae
736 5340 891 5414 habeant
905 5345 1088 5428 utilitatis,
1114 5371 1155 5416 ex
1203 5343 1458 5425 adolescentes,
1480 5357 1520 5415 ut
1543 5345 1670 5415 iustam
1689 5373 1832 5440 operam
1849 5358 2027 5430 collocetis
2045 5367 2084 5434 in
2102 5363 2190 5444 haec

161 5474 206 5520 eo
230 5450 334 5519 facile
358 5448 511 5539 intelligi
536 5460 668 5540 potest,
692 5471 772 5515 cum
785 5444 967 5517 Medicina
994 5445 1155 5519 etluris-
1203 5443 1337 5537 primae
1366 5447 1488 5515 aetatis
1514 5448 1651 5529 studia,
1681 5463 1721 5522 ut
1742 5454 1787 5521 ad
1807 5456 1960 5550 reliquas
1985 5463 2191 5562 disciplina,
2242 5556 2245 5561 Ι

218 5550 407 5624 Monstro.
433 5555 537 5622 Ono.
563 5553 648 5619 Vos.
674 5551 737 5618 XI.
1341 5579 1342 5582 ¹
1610 5551 1653 5622 11
