4732 6030
141 287 214 361 421
859 274 1023 352 DECL.
1061 273 1138 349 DE
1171 266 1458 347 PLATONE.
2098 281 2185 360 tea,

142 457 340 528 auditorem
365 453 489 536 fuisse,
513 453 558 522 de
574 452 673 522 cuius
687 447 919 543 Philosophia
943 450 993 519 sic
1011 446 1133 518 scribit
1185 443 1406 538 propositum
1437 466 1529 529 esse,
1564 457 1604 514 ut
1630 445 1789 515 oratione
1818 448 1966 537 gloriam
1992 447 2059 521 Dei
2086 454 2173 526 illu·

144 562 189 630 ad
204 558 353 628 amicum
370 555 564 647 quendam:
587 552 702 624 Video
719 569 753 624 te
767 554 991 644 disciplinam
1007 551 1132 632 colere,
1184 561 1314 630 strent,
1345 547 1457 616 multo
1483 545 1687 636 diligentius
1716 570 1752 616 se
1780 553 1824 618 ad
1854 565 1922 620 tam
1952 556 2170 641 praeclarum

146 675 180 731 et
205 659 345 753 quidem
372 655 551 741 Platonis,
589 679 677 748 quae
698 680 780 724 vere
800 658 991 726 detestatur
1015 654 1132 743 turpia
1184 673 1272 739 opus
1302 660 1531 739 praeparent,
1572 649 1700 718 deinde
1733 650 1877 720 videant
1905 654 2032 740 etiam,
2065 683 2170 749 quam

146 763 241 832 lucra
267 773 300 827 et
317 757 541 848 imposturas,
563 770 597 827 et
614 759 712 828 iubet
727 758 831 826 linem
846 757 1006 826 omnium
1022 754 1131 823 actio·
1184 764 1285 841 turpe
1301 751 1347 825 sit
1367 752 1526 819 conferre
1542 750 1777 841 eloquentiam
1794 754 1837 820 ad
1861 757 2100 843 parasiticam,
2126 763 2170 829 ad

145 886 230 930 num
246 859 469 942 constituere,
485 858 652 929 virtutem
668 860 780 951 ipsam
795 883 835 928 ac
852 858 1042 927 iusticiam:
1064 878 1130 948 qua
1182 852 1366 920 scurrilem
1383 851 1685 936 maledicentiam,
1709 854 1753 919 ad
1772 854 2037 926 calumniandas
2060 856 2171 932 hone·

144 963 306 1034 doctrina
322 960 520 1044 institutos,
544 961 642 1030 nefas
657 974 708 1030 est
721 961 863 1031 fraudes
884 973 1018 1030 struere
1042 956 1131 1035 aliis,
1182 967 1253 1023 stas
1275 966 1384 1036 artes,
1416 954 1460 1021 ad
1488 953 1740 1022 inflammanda
1763 955 1844 1022 odia
1873 958 2039 1026 adversus
2063 959 2171 1031 Chri·

144 1078 179 1134 et
203 1087 277 1131 non
300 1085 379 1150 erga
403 1084 525 1129 omnes
549 1084 622 1130 esse
652 1062 774 1132 iustos.
832 1059 928 1131 Haec
953 1074 1035 1130 sunt
1059 1055 1131 1127 De·
1184 1068 1288 1127 stum.
1339 1051 1434 1122 Haec
1449 1055 1510 1146 qui
1528 1052 1671 1138 faciunt,
1696 1069 1736 1124 ut
1752 1079 1789 1123 re
1806 1056 1880 1146 ipsa
1894 1082 2027 1127 morem
2045 1062 2169 1132 diabo-

143 1159 338 1234 mostheuis
362 1162 485 1246 verba,
519 1160 557 1229 in
580 1163 708 1255 quibus
734 1158 970 1232 honorificum
989 1160 1131 1232 Platoni
1182 1156 1289 1225 licum
1310 1154 1512 1240 imitantur,
1535 1156 1582 1226 ita
1610 1181 1682 1225 non
1703 1157 1925 1248 eloquentes,
1951 1162 2010 1228 sed
2035 1164 2170 1233 diaboli

145 1265 387 1337 testimonium
401 1262 536 1333 tribuit.
566 1263 639 1334 Nec
654 1289 737 1334 vero
755 1265 907 1353 vulgaris
923 1262 1130 1355 prudentiae
1182 1257 1259 1326 iure
1280 1257 1430 1325 vocandi
1454 1272 1548 1328 sunt.
1599 1254 1671 1326 Nec
1693 1282 1777 1326 vero
1802 1261 1903 1349 pauci
1927 1275 2010 1331 sunt
2031 1264 2115 1332 tales
2131 1267 2170 1334 in

144 1368 231 1451 fuit,
256 1365 476 1455 videtequid
499 1365 561 1433 illa
585 1365 684 1457 prior
704 1362 903 1457 Sophistica
921 1363 1075 1454 Gorgiae
1098 1373 1132 1430 et
1182 1353 1238 1427 his
1255 1358 1406 1448 publicis
1423 1357 1609 1426 discordiis
1617 1383 1626 1443 ;
1660 1372 1711 1427 cst
1731 1360 1826 1428 enim
1843 1363 2029 1453 plusquam
2047 1391 2170 1436 verum

146 1467 335 1551 similium,
361 1460 507 1535 haberet
525 1465 622 1550 vitii,
648 1481 682 1537 et
706 1490 846 1537 cursum
863 1467 1059 1536 studiorum
1075 1478 1131 1533 to·
1183 1462 1278 1552 quod
1295 1459 1344 1529 ait
1358 1458 1574 1527 Menander:

145 1570 215 1640 tius
236 1558 415 1637 sui'seculi
436 1582 663 1641 commutare.
715 1568 840 1658 Magni
861 1592 899 1637 ea
920 1590 974 1636 res
997 1564 1131 1656 ingenii
1309 1583 1325 1653 ὅ
1348 1587 1417 1668 βίος
1436 1579 1573 1668 μάλιστα
1593 1595 1659 1665 τοῖς
1679 1597 1825 1672 πονηροῖς
1845 1589 1961 1673 ἣδεται,

145 1684 181 1741 et
197 1664 330 1739 heroici
353 1667 560 1756 significatio
582 1670 667 1740 fuit:
700 1667 800 1740 Vidit
825 1694 921 1739 arma
939 1670 1016 1737 dari
1032 1670 1131 1738 iuve-
1308 1685 1436 1773 npo‘rm
1458 1690 1485 1751 δ’
1508 1685 1525 1752 ὅ
1549 1685 1645 1764 κόλαξ
1665 1686 1780 1776 dpmro
1801 1690 1937 1778 πάντων,
1959 1695 2099 1781 δεύτερος
2191 1693 2194 1699 ’

147 1772 253 1840 nibus
266 1771 310 1839 ad
327 1768 695 1863 movendasRespub.,
715 1796 794 1840 cum
813 1796 887 1842 non
906 1771 1131 1839 frenarentur
1307 1786 1325 1854 ὅ
1349 1787 1556 1875 συκοφάντης,
1579 1786 1595 1853 ὅ
1620 1789 1653 1853 δὲ
1675 1788 1838 1874 κακοήθης
1858 1796 2011 1877 τρίτατος.

144 1871 287 1960 ingenia
307 1870 466 1960 &mim
480 1873 661 1958 d⁰⁶lsl¹¹³²
687 1875 747 1942 ⁸²d
764 1897 834 1942 ⁰¹¹³
849 1874 927 1942 ¹³⁰⁸
944 1885 1049 1955 ‘ml’
1075 1870 1132 1938 di'
1183 1910 1215 1982 E
1238 1914 1339 1983 alunt
1355 1907 1419 1982 bas
1438 1926 1550 2004 pestes
1571 1913 1644 1997 illi,
1670 1914 1732 2005 qui
1748 1909 1933 1986 cohercere
1947 1920 2097 1988 maxime
2110 1923 2170 1991 de-

144 1975 256 2045 cessd⁰
272 1973 494 2057 ⁰⁰¹¹l⁰¹b³s⁰r
520 1984 554 2041 ‘l
570 1987 755 2090 ⁰⁰⁰⁰¹¹lf¹e
773 1975 874 2090 l⁰3²⁸¹
899 1986 933 2089 el
947 1974 1032 2041 ὼε
1049 1995 1132 2087 ‘³¹3'
1184 2016 1324 2085 bebant.
1366 2012 1499 2082 Verum
1517 2009 1600 2082 haec
1617 2015 1758 2106 querela
1775 2016 1932 2087 fortassis
1949 2045 2021 2088 non
2038 2035 2088 2092 est
2104 2015 2172 2092 hu·

145 2097 211 2146 ³³⁵·
263 2067 978 2191 Quaffh⁰fl³l⁰¹Gf³⁸⁶¹⁸s¹J¹l³d³l¹ffll
999 2077 1132 2140 ‘mm'
1184 2117 1239 2186 ius
1253 2115 1336 2185 loci.
1366 2112 1490 2186 Redeo
1507 2115 1615 2204 igitur
1630 2116 1674 2183 ad
1690 2116 1903 2189 institutum.
1940 2119 1988 2193 Ut
2003 2120 2173 2195 Horatius

145 2199 212 2244 nae
229 2197 338 2264 genus
355 2172 554 2256 colendum,
579 2175 666 2244 utrle
680 2177 839 2243 morrbus
855 2187 890 2244 et
902 2198 991 2264 pacr.
1029 2171 1132 2242 Hanc
1184 2216 1379 2286 pindarum
1399 2217 1568 2301 laudans,
1593 2217 1728 2310 inquit:

146 2298 245 2344 suam
259 2272 468 2342 sententiam
484 2297 558 2342 non
571 2276 719 2344 obscure
735 2276 890 2345 ostendit
903 2276 940 2342 in
958 2276 1133 2366 interpre-

145 2377 279 2449 tatione
301 2371 395 2442 Delii
418 2374 563 2444 oraculi.
613 2374 738 2445 Fessae
762 2377 855 2446 enim
875 2373 1030 2446 Graecae
1045 2375 1133 2444 civi-

146 2491 232 2548 tates
247 2475 418 2543 diuturno
435 2487 467 2542 et
488 2474 649 2545 luctuoso
665 2478 778 2563 bello,
803 2479 897 2571 quod
915 2476 1007 2549 inter
1022 2500 1056 2546 se
1074 2498 1134 2566 ge·

144 2579 289 2660 rebant,
324 2574 579 2647 consuluerunt
599 2580 782 2650 oraculum
804 2580 843 2648 in
863 2578 972 2664 Delo,
1003 2579 1133 2673 quibus
1243 2617 1250 2635 ·

144 2678 261 2748 modis
275 2675 370 2745 Deus
387 2677 579 2767 placandus
595 2695 694 2764 esset,
712 2695 753 2752 ut
768 2678 955 2751 Graeciam
968 2703 1132 2773 praesen·
1184 2674 1235 2747 Ita
1259 2675 1414 2766 profecto
1430 2667 1489 2742 hic
1507 2695 1658 2766 cygnus,
1682 2671 1785 2743 Plato
1801 2675 1982 2758 videlicet,
2008 2677 2172 2748 divinum

145 2781 240 2850 tibus
258 2778 359 2846 malis
377 2777 553 2851 liberaret.
592 2778 662 2851 Hic
679 2806 759 2852 cum
774 2781 870 2853 Deus
885 2781 1134 2874 respondisset,
1186 2776 1356 2871 quiddam
1371 2797 1514 2865 canens,
1537 2798 1660 2844 omnes
1674 2768 1845 2846 Oratores
1861 2777 2062 2869 eloquentia
2077 2781 2172 2854 vicit.

144 2877 256 2952 Aram
285 2880 323 2947 in
337 2877 426 2948 Delo
453 2892 582 2964 totam,
615 2907 704 2973 quae
730 2898 804 2953 erat
830 2885 961 2974 figurae
980 2884 1133 2965 cubicae,
1186 2877 1319 2948 Passim
1346 2877 1383 2944 in
1408 2875 1599 2961 Cicerone,
1633 2899 1707 2945 non
1728 2879 1835 2946 modo
1859 2878 1896 2946 in
1918 2874 2173 2970 philosophicis

145 2982 396 3073 duplicandam
429 3002 520 3061 esse,
560 2979 689 3050 Graeci
719 2985 856 3051 addunt
876 2984 981 3052 aliam
1004 2985 1132 3053 molem
1185 2978 1340 3069 scriptis,
1365 2980 1425 3047 sed
1450 2977 1555 3046 etiam
1576 2979 1615 3045 in
1637 2979 1838 3048 forensibus
1858 2981 2060 3050 actionibus
2076 3007 2173 3051 com-

143 3085 223 3181 pari
257 3079 523 3167 magnitudine,
556 3091 589 3146 et
619 3082 777 3151 efficiunt
805 3076 1061 3181 τετράγωνον,
1095 3084 1133 3150 in
1185 3092 1312 3172 parent
1338 3092 1544 3148 ornamenta
1573 3103 1614 3147 ex
1641 3076 1788 3148 Platone
1817 3083 1978 3173 decerpta
2008 3084 2174 3173 plurima.

145 3211 216 3278 quo
241 3178 427 3266 longitudo
453 3176 615 3248 vincebat
637 3180 874 3252 latitudinem.
927 3184 1051 3254 Postea
1077 3184 1134 3251 in·
1184 3179 1233 3252 Et
1246 3181 1388 3272 quidem
1405 3177 1526 3250 Cicero
1543 3178 1722 3270 praedicat
1735 3204 1771 3250 se
1784 3182 1823 3249 in
1839 3180 2027 3253 Academia
2040 3179 2174 3255 Orato·
2246 3244 2254 3253 .

148 3293 344 3370 terrogant,
369 3301 415 3346 an
436 3276 501 3345 rito
523 3281 667 3349 oraculo
691 3284 891 3370 paruerint,
914 3281 1045 3376 Apollo
1071 3309 1135 3353 ne·
1185 3306 1259 3352 rem
1286 3281 1417 3350 factum
1445 3303 1532 3366 esse;
1565 3281 1759 3371 poterimus
1783 3283 1892 3368 igitur
1915 3298 1950 3353 et
1976 3308 2041 3354 nos
2062 3285 2109 3355 ab
2131 3310 2172 3357 eo

148 3396 216 3473 gat.
268 3377 387 3467 Quare
409 3377 580 3467 perculsi,
614 3383 836 3473 suspicantur
855 3386 991 3478 aliquid
1015 3386 1134 3456 arcani
1186 3382 1296 3452 multa
1326 3394 1533 3450 ornamenta
1560 3383 1729 3451 mutuari.
1785 3382 1855 3453 Sed
1881 3384 2003 3454 desino
2026 3388 2070 3455 de
2097 3387 2172 3456 elo·

149 3479 216 3553 hoc
241 3478 424 3550 involucro
449 3478 683 3567 significatum
718 3507 809 3574 csse,
839 3509 878 3555 ac
907 3488 1134 3576 interpretem
1186 3484 1332 3577 quentia
1348 3482 1481 3567 dicere,
1513 3504 1603 3575 quae
1618 3506 1836 3552 summorum
1854 3478 2050 3556 Oratorum
2073 3489 2173 3558 testi-

147 3582 281 3655 oraculi
306 3579 530 3647 excellentem
556 3581 698 3669 ingenio
721 3600 754 3655 et
776 3588 936 3656 doctrina
960 3612 1135 3680 quaercn-
1185 3583 1316 3653 moniis
1328 3584 1411 3652 satis
1424 3583 1595 3653 celebrata
1610 3596 1672 3655 est.
1725 3582 1853 3672 Ingens
1872 3600 1988 3655 autem
2003 3589 2108 3656 decus
2123 3603 2174 3660 est

148 3689 233 3755 dum
259 3704 331 3750 esse
354 3693 507 3750 censent.
559 3679 733 3753 Deferunt
760 3687 867 3775 igitur
887 3690 1069 3758 oraculum
1090 3689 1134 3756 ad
1186 3687 1224 3754 in
1247 3680 1392 3752 homine
1416 3683 1627 3775 eloquentia.
1678 3680 1731 3752 De
1755 3687 1859 3754 rebus
1882 3687 1967 3777 ipsis
1992 3703 2025 3758 et
2047 3713 2174 3776 genere

146 3785 352 3865 Platonem,
376 3781 438 3873 qui
455 3782 609 3851 ostendit
631 3785 680 3854 eis
696 3800 848 3855 erratum
865 3787 904 3856 in
920 3789 1153 3878 duplicanda
1186 3781 1438 3874 Philosophiae
1455 3807 1601 3872 magnae
1621 3798 1704 3853 sunt
1725 3790 1983 3857 controversiae
1997 3790 2090 3859 inter
2107 3794 2172 3859 do-

147 3912 218 3971 ara,
241 3884 340 3978 quod
358 3906 422 3972 pro
437 3883 558 3952 cubica
573 3884 735 3955 fecissent
749 3880 996 3985 τετράγωνον,
1021 3903 1056 3960 et
1070 3891 1136 3958 do·
1187 3900 1269 3958 ctos.
1320 3884 1479 3953 Primum
1502 3885 1591 3954 illud
1608 3899 1762 3968 constat,
1788 3886 1971 3955 Platonem
1989 3912 2063 3955 non
2086 3892 2173 3959 scri-

149 4003 220 4067 cet,
257 3985 436 4078 quomodo
470 3985 580 4053 cubus
613 3987 846 4077 duplicandus
879 3992 942 4069 sit,
978 3990 1135 4083 quaesito
1186 3987 1295 4078 psisse
1308 3982 1433 4053 ordine
1448 3985 1599 4071 integras
1614 3999 1717 4066 artes,
1734 3988 1792 4051 sed
1808 3987 2171 4082 liberioribusdispu-

149 4091 320 4160 diametro
338 4084 431 4157 cubi.
484 4082 742 4156 Monetautem
760 4086 934 4174 Graecos,
961 4115 1034 4160 non
1059 4114 1136 4158 mo·
1186 4085 1382 4156 sationibus
1409 4082 1494 4150 alias
1520 4087 1564 4150 de
1588 4082 1658 4150 alio
1680 4084 1758 4152 loco
1782 4085 1868 4177 quid
1897 4089 2080 4176 probaret,
2111 4108 2173 4163 aut

149 4191 220 4260 lem
243 4211 323 4258 arae
347 4208 558 4277 magnopere
572 4185 648 4257 Deo
670 4212 771 4257 curae
796 4213 887 4271 esse,
918 4214 982 4259 nec
1004 4191 1136 4280 placari
1188 4186 1275 4280 quid
1289 4207 1364 4252 non
1380 4183 1555 4273 probaret,
1578 4186 1781 4258 ostendisse.
1814 4187 1950 4258 Multae
1969 4190 2072 4259 etiam
2090 4207 2173 4264 sunt

150 4290 265 4364 Deum
281 4288 439 4379 lapidum
453 4301 567 4372 strue,
594 4291 653 4357 sed
673 4302 759 4359 tecte
775 4292 963 4380 significari
977 4292 1043 4360 alia
1061 4314 1136 4358 me·
1187 4301 1229 4358 ut
1246 4280 1401 4354 hominis
1417 4285 1589 4373 ingeniosi
1608 4299 1642 4353 et
1659 4287 1876 4380 eloquentis,
1902 4292 1962 4383 qui
1978 4293 2122 4385 quidem
2137 4308 2172 4365 et

141 4394 240 4461 'liora
263 4391 377 4460 studia
391 4386 538 4458 Graecis
558 4391 704 4460 colenda
729 4415 822 4476 esse,
844 4392 1025 4477 videlicet,
1051 4388 1138 4462 Phi·
1188 4402 1313 4461 natura
1330 4387 1397 4457 fuit
1411 4381 1625 4471 σκωπτικὸς,
1646 4387 1801 4457 ironicae
1818 4403 1852 4459 et
1867 4392 2033 4480 figuratae
2050 4396 2172 4486 dispu-

151 4487 368 4583 losophiam,
394 4490 614 4582 profuturam
637 4494 681 4561 ad
704 4493 895 4563 flectendos
911 4495 1067 4574 animos,
1092 4496 1136 4563 ad
1189 4490 1358 4574 tationes,
1388 4488 1502 4581 qualis
1523 4503 1591 4573 est,
1625 4512 1705 4558 cum
1732 4491 1858 4559 ludens
1880 4493 2021 4564 disserit
2050 4520 2173 4567 omnes

152 4592 376 4676 modestiam,
398 4591 592 4672 iusticiam,
617 4607 651 4663 et
673 4618 828 4664 amorem
853 4595 1015 4686 publicae
1039 4607 1139 4665 tran·
1189 4614 1334 4682 magnos
1351 4592 1447 4659 viros
1472 4591 1562 4661 bene
1585 4591 1727 4660 meritos
1745 4594 1789 4661 de
1805 4590 1945 4684 Repub.
1961 4596 2051 4667 iuste
2066 4599 2173 4686 plecti

154 4692 351 4788 quillitatis.
395 4690 462 4760 His
476 4693 603 4761 studiis
620 4696 813 4766 excitandis
829 4720 1004 4789 nusquam
1018 4696 1139 4767 Plato-
1190 4695 1303 4765 asnis
1324 4693 1478 4775 civibus,
1503 4693 1586 4784 quia
1606 4693 1782 4761 beneficiis
1801 4695 1890 4777 suis,
1915 4698 2011 4786 vulgi
2035 4700 2175 4791 cupidi-

154 4796 211 4865 nis
228 4816 333 4884 opcra
350 4793 473 4876 defuit,
495 4806 530 4861 et
544 4808 585 4863 ut
599 4795 743 4873 iuvenes
758 4799 978 4893 eloquentiae
993 4799 1139 4890 cupidos
1190 4809 1278 4868 tates
1299 4807 1334 4864 et
1354 4792 1530 4861 licentiam
1553 4793 1727 4866 auxerint.
1777 4791 1842 4863 Est
1862 4809 1896 4865 et
1920 4795 2103 4886 πολιτεία,
2135 4801 2174 4869 ἱιι

155 4906 335 4978 moneret,
360 4917 433 4964 non
450 4894 494 4962 ad
514 4895 700 4985 populares
715 4903 888 4972 tumultus
911 4900 1139 4987 exercendam
1191 4922 1260 4990 qua
1277 4895 1376 4983 lingit
1398 4900 1621 4963 communem
1644 4917 1764 4964 rerum
1787 4917 1910 4976 usum,
1938 4922 2083 4989 prorsus
2102 4902 2177 4973 iro-

156 5023 229 5070 esse
248 4995 466 5079 facundiam,
494 4997 553 5065 sed
574 4997 619 5065 ad
644 4997 753 5067 alium
770 4995 1006 5086 honestiorem
1023 5024 1141 5085 usum,
1191 4998 1286 5077 nica;
1312 4996 1426 5066 voluit
1443 4994 1537 5063 enim
1557 4995 1644 5063 salse
1659 5010 1693 5065 et
1714 4997 1858 5084 figurate
1876 4999 2050 5072 infinitam
2072 5027 2178 5095 rapa·

156 5100 290 5192 inquit:
316 5093 549 5188 Eloquentiae
572 5097 677 5166 finem
699 5122 798 5186 esse,
820 5128 894 5173 non
915 5119 956 5174 ut
978 5097 1141 5172 homines
1192 5100 1330 5169 citatem
1351 5109 1534 5189 potentum
1558 5109 1686 5168 taxare.
1742 5094 1796 5166 De
1820 5098 1909 5168 ideis
1932 5127 2022 5195 quae
2044 5106 2178 5174 delira·

157 5200 322 5282 delectet,
347 5198 408 5266 sed
424 5210 463 5266 ut
476 5197 550 5267 Deo
569 5212 667 5289 grata
682 5199 785 5274 dicar.
823 5201 1141 5297 Hocpraeceptum
1193 5212 1310 5270 menta
1347 5200 1525 5270 finxerunt
1556 5198 1709 5282 indocti,
1748 5223 1827 5268 cum
1861 5223 1972 5292 genus
2006 5207 2178 5276 sermonis

157 5301 295 5371 utinam
308 5300 455 5388 infigant
471 5299 599 5369 animis
615 5301 869 5389 adolescentes,
893 5318 935 5376 ut
948 5331 1028 5376 cum
1046 5305 1144 5396 cogi·
1194 5301 1362 5393 grandius
1376 5302 1415 5370 in
1428 5300 1575 5372 Platone
1592 5324 1666 5370 non
1680 5313 1795 5371 essent
1809 5307 1968 5390 assecuti,
1989 5331 2053 5377 nee
2069 5308 2180 5376 vidis-

1361 2339 1458 2402 ll'lulte
1472 2336 1616 2405 Dirceum
1631 2344 1710 2404 leret
1723 2363 1792 2403 sura
1807 2365 1951 2425 cygnum,

1362 2440 1474 2504 Tendit
1493 2441 1612 2503 Antoni
1628 2449 1745 2526 quoties
1758 2449 1790 2506 in
1806 2451 1880 2507 altos

1362 2542 1497 2606 Nubium
1511 2556 1632 2607 tractus.

156 5404 301 5487 tabunt,
326 5397 424 5471 hunc
437 5401 692 5474 tautumfmem
707 5398 837 5476 borum
857 5407 1054 5479 studiorum
1075 5406 1145 5477 sibi
1194 5416 1272 5476 sent
1288 5402 1386 5476 ideas
1405 5404 1451 5474 ab
1467 5402 1551 5576 ἑοῖο
1562 5401 1635 5473 dici
1655 5402 1827 5493 imagines
1840 5428 1881 5475 ac
1896 5407 2044 5517 noticias
2060 5409 2181 5478 erudi-
