4732 6030
10 5344 15 5415 l

82 286 159 360 au
580 255 736 357 unct.
787 271 1288 376 nnstotsuunno
1329 270 1617 364 manner.
1886 239 1891 257 '
2046 278 2123 359 sse

81 423 208 531 multis
223 455 321 537 vitae,
332 452 492 544 partibus
504 453 715 524 admonent:
741 465 859 522 tamen
877 475 1002 523 censeo
1019 449 1076 521 in·
1126 450 1171 521 ad
1187 447 1354 522 virtutem
1371 463 1404 520 et
1417 449 1460 520 ad
1479 450 1585 518 decus
1600 444 1760 525 incitata.
1800 442 2017 524 Adolescens
2033 477 2118 545 con-

83 565 225 633 terdom
246 548 282 628 et
304 577 360 624 res
377 551 608 624 Germanicas
630 553 829 624 recitandas
849 576 940 641 esse;
973 569 1076 646 turpe
1124 552 1205 623 silio
1225 554 1333 644 patris
1349 551 1538 642 diligenter
1552 549 1590 619 in
1608 549 1720 622 literis
1736 549 1918 625 institutus
1933 569 2002 644 est,
2028 582 2118 652 qua-

83 677 137 733 est
153 660 247 731 enim
262 656 455 728 domestica
467 655 642 746 ignorare,
677 651 725 727 Et
738 669 940 727 nostrarum
955 680 1075 727 rerum
1124 679 1205 725 rum
1231 655 1385 744 cognitio
1413 669 1532 745 postea
1555 653 1587 724 ei
1609 651 1649 722 in
1669 653 1925 742 gubernatione
1946 659 2117 731 marima-
2242 714 2246 723 .

83 762 213 835 noticia
231 757 343 848 magis
367 758 535 829 conducit
550 759 594 827 ad
620 757 810 830 iudicanda
829 757 972 848 negocia
986 754 1075 831 Rei·
1124 781 1204 826 nrm
1220 780 1338 827 rerum
1358 779 1485 842 magno
1506 753 1587 827 usui
1610 753 1687 826 luit.
1739 752 1846 828 Pater
1867 757 1900 825 ei
1917 754 2116 833 Marchiam

82 867 165 959 pub.
181 876 216 936 et
229 857 409 932 Ecclesiae
424 853 553 928 hortun
568 857 780 949 temporu‘m.
833 857 917 929 ldeo
933 858 1074 929 decrevi
1123 858 1500 949 brandenburgensem
1522 869 1557 927 et
1573 855 1773 928 Moraviam
1789 856 1952 952 reliquit,
1978 860 2016 930 in
2032 861 2115 957 qui·

84 969 126 1038 de
140 963 370 1053 sigismundo
388 959 601 1051 lmperatore
616 960 754 1045 dicere,
785 984 890 1053 quem
907 975 947 1033 ut
962 961 1073 1052 potis-
1123 962 1190 1029 bus
1205 961 1366 1050 regendis
1382 984 1462 1031 cnm
1480 959 1555 1030 eius
1574 957 1777 1051 prudentia,
1796 958 1985 1031 dexteritas
2001 987 2041 1033 ac
2059 962 2116 1034 iu-

82 1069 211 1139 simum
230 1065 416 1153 eligerem,
443 1061 547 1131 etiam
565 1063 718 1156 quadam
736 1060 863 1153 privati
883 1062 989 1132 olbcii
1014 1086 1071 1131 ra·
1122 1061 1220 1132 sticia
1243 1061 1378 1154 ubique
1399 1061 1680 1145 celebrarentur,
1705 1059 1872 1151 Hungari
1895 1086 1977 1133 eum
1996 1087 2115 1135 accer-

82 1171 180 1243 tione
201 1168 379 1247 adducor;
411 1186 494 1231 narn
513 1160 734 1252 sigismundi
752 1164 878 1232 eximia
900 1164 970 1236 suit
992 1185 1072 1253 erga
1121 1163 1298 1247 siverunt,
1324 1186 1365 1232 ac
1383 1159 1518 1251 Regem
1540 1163 1608 1232 sibi
1629 1163 1883 1252 praefecerunt.
1936 1160 2008 1235 Hic
2028 1189 2113 1239 vero

80 1272 230 1364 patriam
256 1288 370 1335 meam
394 1260 628 1355 Noribergam
657 1263 915 1337 benevolentia.
967 1262 1073 1334 Pater
1121 1287 1247 1353 magna
1271 1287 1351 1332 eum
1368 1253 1531 1333 fortunae
1549 1262 1699 1333 varietas
1718 1262 1864 1354 excepit.
1917 1261 2027 1338 Initio
2045 1267 2114 1339 do·

78 1396 186 1455 vero,
213 1366 362 1440 Carolus
379 1379 544 1458 quartus,
564 1364 748 1437 ‘civitatem
764 1367 954 1438 domestica
977 1365 1072 1436 sedi·
1120 1365 1280 1436 mesticas
1300 1363 1556 1454 Hungarorum
1579 1363 1773 1433 discordias
1800 1364 1961 1453 diremit,
1995 1381 2029 1439 et
2047 1393 2113 1460 pa·

78 1474 178 1545 tione
194 1493 282 1561 pene
303 1467 465 1536 funditus
480 1467 671 1556 perditam,
696 1463 774 1539 Deo
794 1467 957 1553 iuvante,
982 1490 1070 1536 con·
1120 1490 1195 1537 cem
1222 1465 1377 1537 restituit
1407 1465 1583 1560 aequitate
1616 1476 1651 1533 et
1679 1464 1922 1535 moderatione
1947 1464 2113 1561 Imperii,

76 1575 161 1646 silio
185 1585 219 1640 et
236 1571 366 1641 virtute
387 1568 558 1655 singulari
582 1568 748 1640 restituit.
800 1566 941 1639 Deinde
957 1567 1070 1658 sigis-
1119 1568 1195 1637 sine
1216 1566 1333 1637 armis
1386 1565 1476 1638 Nam
1499 1589 1639 1636 cumen
1660 1562 2013 1657 temporeBaiazetes
2033 1572 2111 1641 cin-

78 1675 205 1746 mundi
230 1695 360 1741 nomen
383 1694 425 1738 eo
456 1668 591 1757 gratius
612 1693 687 1739 esse
710 1669 878 1741 studiosis
902 1669 1069 1742 omnibus
1118 1669 1225 1740 sisset
1248 1664 1817 1758 obsidione'Constantinopolim
1850 1680 1883 1738 et
1912 1665 2111 1763 Imperator

77 1777 205 1858 debet,
228 1772 309 1867 quia
333 1795 413 1840 cum
438 1763 526 1840 esset
553 1771 590 1839 iu
616 1784 695 1860 toga
711 1769 879 1862 Princeps
891 1771 1069 1856 salutaris,
1118 1766 1309 1864 Byzantius
1343 1770 1381 1838 in
1415 1765 1572 1838 Galliam
1607 1767 1821 1857 navigasset,
1865 1781 1905 1838 ut
1936 1771 2109 1843 auxilium

76 1890 113 1949 et
127 1890 264 1947 nostras
279 1887 369 1942 artes
387 1870 538 1959 benigue
554 1870 662 1955 fovit,
684 1886 720 1942 ct
735 1868 925 1955 Ecclesiae,
952 1894 1067 1963 quan-
1118 1894 1140 1945 a
1156 1865 1368 1941 Christianis
1386 1866 1546 1958 Regibus
1567 1881 1718 1960 peteret,
1744 1893 1966 1962 nequaquam
1988 1872 2109 1944 deesse

72 1993 154 2057 tum
167 1992 253 2048 tunc
267 1972 410 2066 quidem
425 1971 612 2061 providere
626 1972 753 2062 potuit,
778 1984 870 2042 recte
885 1971 1067 2041 consulere
1118 1970 1235 2039 vicino
1253 1967 1405 2060 lmperio
1419 1969 1544 2050 voluit,
1560 1991 1709 2062 suasque
1727 1969 1820 2039 vires
1833 1993 1873 2040 ac
1888 1994 1972 2064 opes
1984 1997 2109 2045 omnes

71 2092 225 2151 conatus
245 2089 309 2144 est.
358 2069 448 2140 Nam
472 2084 506 2141 et
520 2070 706 2165 synodum
732 2070 866 2142 indixit
878 2073 915 2141 in
933 2071 1067 2141 discor·
1117 2072 1160 2141 ad
1189 2071 1389 2141 societatem
1415 2069 1500 2140 belli
1536 2070 1748 2141 collaturum
1775 2094 1812 2140 se
1838 2095 1912 2143 esse
1937 2075 2108 2148 ostendit.

72 2181 147 2252 diis
169 2174 338 2267 publicis,
372 2172 410 2240 in
432 2194 501 2265 qua
526 2170 662 2242 etiamsi
687 2175 860 2265 quaedam
889 2172 965 2241 sine
990 2173 1065 2243 eius
1117 2173 1199 2243 ldeo
1220 2172 1429 2243 domesticas
1452 2172 1690 2242 dissensiones
1712 2194 1786 2242 non
1808 2172 2020 2263 irritandas,
2044 2178 2107 2247 sed

72 2270 227 2353 consilio
253 2273 444 2345 crudeliter
475 2274 566 2343 lacta
592 2284 696 2362 sunt,
737 2286 855 2343 tamen
881 2274 970 2343 illud
997 2275 1064 2343 luit
1116 2297 1258 2366 quoquo
1276 2275 1383 2343 modo
1398 2273 1615 2344 dirimendas
1640 2296 1713 2343 esse
1732 2274 1842 2344 duxit.
1894 2274 2022 2348 Statim
2039 2279 2107 2370 igi·

72 2381 163 2454 utile
185 2384 382 2459 decretum,
408 2386 450 2443 ut
470 2374 607 2444 decimo
622 2397 764 2467 quoque
786 2397 881 2443 anno
899 2374 1064 2468 synodus
1116 2391 1174 2445 tur
1189 2375 1225 2443 in
1244 2373 1397 2469 Mysiam
1414 2374 1515 2445 duxit
1531 2374 1719 2458 exercitus,
1744 2388 1780 2445 et
1795 2376 1925 2447 multas
1943 2402 1999 2447 res
2020 2404 2106 2471 pro·
2184 2393 2188 2399 '

73 2480 249 2575 generalis
263 2473 469 2548 baberetur:
495 2477 589 2568 quod
609 2487 725 2544 tamen
741 2489 860 2566 postea
876 2473 1064 2547 Pontifices
1113 2498 1215 2565 spere
1232 2475 1368 2570 gessit:
1406 2475 1592 2565 occupavit
1627 2474 1869 2562 Muldaviam,
1900 2490 1934 2548 et
1966 2479 2106 2573 aliquot

72 2583 224 2674 superbe
247 2581 483 2666 abrogarunt,
506 2575 569 2669 qui
588 2599 669 2646 cum
693 2576 836 2663 volunt,
870 2591 967 2667 pacta
988 2601 1063 2648 non
1115 2575 1257 2668 praeliis
1273 2579 1367 2649 ludit
1386 2601 1427 2647 ac
1445 2574 1644 2667 prolligavit
1663 2572 1832 2645 Turcicas
1852 2576 1981 2667 copias.
2032 2577 2103 2650 Sed

74 2699 157 2756 sunt
182 2695 299 2775 pacta,
323 2692 364 2750 ut
387 2676 504 2772 inquit
527 2675 685 2753 Plautus.
737 2675 922 2766 Quantum
946 2693 1063 2750 autern
1114 2690 1340 2771 posteaquam
1358 2675 1489 2749 Gallici
1511 2677 1682 2746 exercitus
1706 2674 1978 2768 iuHungariam
1996 2702 2129 2749 vene-¹

72 2786 252 2880 prodesset
276 2778 383 2850 hodie
406 2782 451 2848 ad
474 2802 698 2848 communem
722 2780 968 2866 concordiam,
1001 2780 1062 2849 illa
1112 2792 1216 2863 runt,
1241 2802 1347 2873 seque
1366 2802 1447 2849 cum
1461 2776 1642 2867 Hungaris
1659 2777 1939 2866 coniunxerunt,
1962 2779 2013 2851 ibi
2030 2781 2103 2851 Ba-

75 2891 260 2957 doctorum
284 2878 493 2960 collocutio,
518 2877 550 2946 si
565 2876 724 2968 synodi,
750 2890 790 2946 ut
806 2879 874 2946 luit
891 2880 1064 2950 constitu-
1112 2880 1257 2965 iazetes,
1281 2880 1337 2950 cui
1358 2892 1503 2972 propter
1524 2878 1738 2951 celeritatem
1762 2904 1783 2947 a
1803 2878 1943 2971 fulgure
1968 2906 2102 2952 nomen

73 3001 167 3071 tum,
192 2979 433 3057 haberentur?
457 3000 526 3069 qua
543 2975 582 3042 in
603 2999 641 3044 re
658 2988 777 3045 tamen
798 2977 987 3047 consilium
1004 2977 1064 3050 si·
1112 2982 1197 3066 luit,
1235 2980 1367 3051 maiore
1391 2977 1573 3069 vigilantia
1606 2979 1857 3060 etmaloribus
1887 2982 1998 3074 copiis
2026 3007 2100 3053 rem

71 3087 253 3181 gismundi
274 3095 309 3151 et
333 3079 496 3148 voluntas
518 3074 659 3144 laudem
680 3089 874 3149 merentur.
934 3076 1062 3168 Quan-
1111 3104 1232 3169 gerere
1246 3081 1374 3171 coepit.
1422 3070 1537 3151 Erant
1551 3079 1653 3151 initia
1670 3079 1757 3149 belli
1773 3078 2002 3169 sigismundo
2017 3085 2103 3158 satis

71 3211 180 3284 quam
203 3185 313 3273 igitur
335 3201 389 3250 res
409 3178 484 3246 eius
504 3189 618 3267 gestas
640 3176 814 3269 explicare
834 3177 971 3271 integre
987 3204 1061 3251 non
1111 3181 1219 3262 laeta,
1244 3181 1338 3273 cepit
1352 3180 1448 3250 enim
1464 3176 1656 3272 Nicopolin
1674 3180 1776 3250 sitam
1798 3181 1837 3251 in
1863 3184 1965 3255 aditu
1979 3182 2102 3257 Mace·

67 3304 214 3383 potero,
237 3298 355 3354 tamen
369 3276 574 3371 praecipuas
592 3277 750 3349 breviter
770 3278 957 3370 colligam,
979 3305 1061 3354 vos-
1110 3281 1250 3352 doniae.
1285 3281 1411 3355 Postea
1426 3306 1510 3352 vero
1524 3305 1604 3352 cum
1619 3278 1718 3352 Galli
1733 3280 1873 3354 avidius
1888 3283 1928 3354 in
1942 3309 2100 3377 pugnam

67 3412 141 3484 qne
158 3410 263 3476 rogo,
284 3396 324 3456 ut
337 3402 433 3451 meae
451 3377 607 3449 orationi
622 3379 762 3450 veniam
778 3381 881 3457 detis.
1110 3395 1274 3468 ruerent,
1305 3406 1433 3473 magna
1462 3383 1562 3453 clade
1584 3396 1743 3474 accepta,
1777 3384 1887 3477 captis
1910 3383 2100 3457 Gallorum

172 3487 311 3580 Sequar
335 3493 452 3553 sutem
476 3479 643 3551 usitatum
674 3480 855 3568 ordinem,
888 3482 1059 3576 primum,
1110 3481 1356 3576 Principibus,
1380 3482 1630 3575 sigismundus
1653 3484 1712 3552 vix
1736 3485 1863 3565 evasit,
1887 3509 1959 3556 una
1975 3488 2101 3583 cymba

68 3605 111 3663 ut
123 3590 168 3661 de
185 3609 312 3678 genere
333 3606 444 3676 pauca
469 3578 602 3665 dicam,
631 3583 726 3676 quod
753 3582 792 3653 in
812 3585 950 3673 magnis
972 3585 1060 3654 viris
1108 3610 1188 3655 curu
1205 3584 1376 3674 Magistro
1391 3581 1539 3657 Rhodio
1553 3584 1760 3656 Danubium
1782 3584 1962 3658 traiiciens
1980 3589 2101 3684 inspe-

68 3693 222 3764 libcnter
244 3686 526 3768 consideramus3
558 3681 642 3775 quia
667 3685 762 3754 enim
793 3683 928 3754 semina
949 3708 1060 3778 quae-
1108 3686 1288 3757 ctantibus
1310 3681 1490 3770 hostibus,
1523 3686 1585 3779 qui
1607 3708 1689 3755 cum
1714 3687 1815 3778 sequi
1839 3711 1899 3757 eos
1922 3712 1996 3758 non
2018 3715 2101 3783 pos-

68 3795 150 3864 dam
173 3789 347 3865 virtutum
369 3809 388 3855 a
409 3781 604 3853 maioribus
631 3783 669 3853 ln
692 3796 850 3877 posteros
870 3784 1058 3878 propagari
1107 3801 1203 3868 sent,
1226 3785 1360 3876 sagittis
1378 3787 1554 3876 petebant.
1604 3781 1682 3856 Etsi
1698 3799 1815 3856 autem
1833 3803 1979 3859 eventus
1997 3813 2099 3880 prae-

67 3893 325 3973 existimamus,
361 3884 587 3955 incendimur
613 3885 762 3970 animis,
801 3897 841 3955 ut
874 3886 1058 3979 cupiamus
1108 3886 1169 3972 lii,
1189 3886 1327 3970 utdiri,
1352 3887 1511 3956 funestus
1526 3884 1607 3967 luit,
1634 3899 1750 3971 tamen
1765 3885 1942 3958 laudanda
1959 3889 2100 3959 estvir·

65 3994 172 4068 etiam
188 3993 276 4064 scire
291 3989 411 4085 quales
427 3985 480 4055 illi
496 3984 649 4071 luerint,
669 4009 694 4056 ‘a
708 3984 838 4080 quibus
853 3987 973 4078 magni
988 3987 1058 4058 viri
1107 4003 1163 4059 tus
1178 3985 1416 4075 sigismundi,
1442 4000 1477 4055 et
1493 3983 1665 4076 aliorum,
1690 3984 1753 4078 qui
1770 3987 1889 4055 deesse
1905 3984 2100 4083 Reipubli-

64 4079 140 4170 orti
160 4107 255 4165 sunt.
308 4087 449 4161 Deinde
466 4085 604 4172 inillis,
622 4108 712 4182 quos
730 4085 843 4180 patria
860 4101 979 4159 nostra
996 4110 1057 4176 ge-
1181 4087 1385 4170 noluemnt,
1400 4085 1463 4179 qui
1477 4108 1551 4155 non
1567 4107 1630 4155 sua
1646 4085 1794 4176 segnitie
1811 4081 1929 4159 hostes
1946 4090 2100 4163 invitare

63 4197 166 4275 nuit,
200 4189 436 4263 inhumanum
458 4199 548 4259 esset
564 4189 706 4277 gnaris
719 4186 936 4258 mentionem
953 4211 1056 4280 prae-
1104 4212 1144 4258 so
1161 4189 1284 4272 ebant,
1322 4186 1402 4279 qui,
1443 4200 1615 4282 quantum
1650 4201 1864 4278 potuerunt,
1905 4191 2099 4284 reprimere
2147 4265 2155 4273 ,

63 4298 278 4382 termittere3
311 4317 393 4362 nam
418 4289 542 4361 rnrrltis
562 4292 607 4360 de
627 4290 742 4360 causis
763 4276 884 4360 laddes
907 4312 1054 4381 magno·
1105 4287 1293 4359 Turricam
1319 4287 1519 4360 barbariem
1541 4289 1659 4359 consati
1681 4301 1783 4376 sunt;
1810 4304 1845 4361 et
1868 4293 2004 4383 proluit
2029 4289 2098 4365 bo·

60 4425 146 4474 mm
169 4399 348 4480 viromm,
378 4394 423 4462 acl
446 4389 593 4484 patriam
613 4391 732 4486 aliqua
756 4413 798 4461 ex
821 4405 921 4482 parte
946 4391 1057 4483 perti-
1104 4415 1184 4462 rum
1226 4389 1341 4463 stram
1379 4391 1425 4460 ad
1462 4391 1694 4460 retardandos
1733 4383 1889 4462 hostium
1931 4394 2096 4487 impetus.

62 4515 172 4587 nent,
201 4493 292 4594 quae
315 4496 454 4590 aliquos
474 4491 573 4563 addit
596 4491 749 4583 ingeniis
764 4492 937 4584 impetus,
963 4517 1054 4587 quae
1104 4490 1225 4582 Quare
1240 4513 1366 4582 magua
1383 4490 1460 4563 laus
1473 4490 1578 4563 etiam
1596 4485 1651 4561 bis
1665 4491 1819 4562 sortibus
1834 4493 1920 4565 viris
1936 4497 2098 4582 debetur,

59 4597 463 4690 erudisciplinaeives
482 4594 677 4668 assuefacit.
726 4593 799 4667 Sed
823 4617 868 4662 ne
886 4592 955 4664 sim
969 4618 1054 4687 pro-
1102 4592 1163 4687 qui
1178 4616 1380 4688 quanquam
1395 4591 1606 4663 infoeliciter
1619 4591 1849 4680 dimicarunt,
1873 4596 2098 4671 tamenllei-

60 4705 188 4785 linior,
214 4713 384 4773 natusest
400 4696 652 4787 sigismundus
667 4710 765 4786 patre
779 4692 909 4767 Carolo
926 4710 1053 4789 quarto
1103 4694 1265 4786 publicae
1287 4715 1391 4764 sarum
1413 4693 1569 4765 officium
1588 4690 1851 4784 praestiterunt.
1902 4695 2004 4769 sicut
2024 4695 2098 4771 De·

56 4806 298 4900 Imperatore,
329 4823 459 4892 proavo
486 4794 646 4867 Hernico
679 4795 951 4887 Lucelbergensi
980 4796 1054 4866 lm·
1101 4791 1302 4867 mosthenes
1328 4794 1394 4865 ait:
1419 4791 1543 4864 Laude
1561 4793 1688 4884 dignos
1705 4816 1779 4864 esse
1804 4796 1917 4882 cives,
1942 4798 2006 4894 qui
2032 4825 2097 4894 pa.

53 4922 241 5001 peratore,
273 4904 372 4974 errius
393 4914 491 4970 tanta
513 4898 580 4969 luit
600 4896 713 4968 virtus
734 4912 769 4970 et
793 4898 986 4989 sapientia,
1012 4912 1052 4969 ut
1101 4896 1208 4983 triam¹
1230 4895 1373 4968 lortlter
1396 4896 1613 4976 defendunt,
1638 4895 1795 4966 etiamsi
1818 4921 1942 4970 eorum
1967 4901 2098 4976 virtuti

58 5009 289 5083 indiuturno
304 5005 507 5090 interregno
523 4998 683 5071 omnium
699 4996 906 5090 Principum
924 4999 1050 5069 suffra·
1101 5021 1175 5068 non
1197 4998 1408 5090 respondeat
1428 4998 1583 5068 fortuna.
1641 4994 1723 5066 Non
1747 4997 1842 5069 enim
1866 5016 1997 5074 eventu
2019 5029 2098 5075 me-

58 5111 127 5205 giis
149 5109 321 5204 expetitus
348 5105 393 5175 sit
417 5105 460 5171 ad
490 5101 782 5192 gubernationem
811 5114 845 5172 et
878 5102 1051 5171 sedandos
1099 5098 1219 5171 tienda
1242 5112 1325 5172 sunt
1350 5093 1496 5207 ‚honesta
1517 5096 1685 5182 consilia,
1714 5099 1774 5168 sed
1797 5124 1880 5172 vera
1902 5102 2043 5176 ratione
2059 5120 2096 5178 et

57 5215 223 5306 luseum
239 5207 362 5281 ludite
376 5229 417 5276 δῦ
433 5201 648 5275 Germffllae
661 5215 789 5278 motus.
1099 5200 1227 5276 olbcio.
1267 5202 1355 5274 Ideo
1368 5213 1404 5274 et
1419 5198 1459 5270 in
1472 5194 1668 5293 Epitaphio
1684 5195 1816 5273 civium
1831 5202 1995 5298 inscripti
2011 5221 2100 5279 sunt

162 5312 286 5385 Fortes
301 5318 465 5380 creamur
477 5304 631 5375 fortibus
646 5316 681 5374 et
698 5304 822 5385 bonis,
843 5301 960 5396 iuquit
977 5302 1050 5379 ille.
1100 5297 1142 5373 bi
1155 5327 1295 5375 versus:

56 5415 121 5492 Ab
133 5410 192 5490 bis
208 5413 295 5486 viris
312 5410 421 5504 igitur
435 5418 536 5480 ortus
551 5403 821 5497 sigismundus,
845 5403 966 5475 indole
979 5402 1049 5478 tuit
