4732 6030
206 316 210 325 ·
280 312 352 387 tos
722 304 1229 420 nunnamenster.
1265 312 1325 386 ux
1363 309 1563 394 tusca.
1597 312 1672 390 ur
1713 312 1852 398 unu.
2231 327 2305 402 tot

277 484 485 570 tractatione
510 483 690 554 literarum
712 484 848 585 insanie
867 469 962 568 isit,
977 488 1149 577 attingere
1164 500 1266 559 auto·
1318 486 1426 556 nibus
1439 488 1599 559 moribus
1614 507 1793 566 mereatur
1807 494 1965 579 laudem,
1988 507 2049 566 aut
2061 493 2308 588 reprehensio-

278 613 371 673 rem,
397 588 457 679 qui
478 585 605 653 nostris
627 578 1053 690 studil's'j'nihil'foeneret.
1105 588 1266 658 Primum
1318 612 1413 661 nem.
1481 589 1573 661 Nam
1595 594 1633 662 in
1666 596 1870 666 insectando
1894 592 2150 679 Demosthene,
2187 624 2307 670 veram

278 691 397 782 itaque
418 681 796 789 constituqqcbrqnjst,
829 715 1060 784 quaecunque
1082 693 1172 760 ratio
1190 706 1266 762 stu·
1319 692 1499 783 quandam
1513 695 1703 787 imaginem
1714 697 1900 768 sceleratae
1911 684 2037 768 mentis
2050 699 2310 788 fingitAeschi-

278 788 418 859 diorum
438 791 602 879 susecpti
613 787 740 878 hullt,
766 816 871 883 quern
896 794 1049 863 fructum
1067 793 1170 861 nobis
1187 793 1267 884 pol·
1319 816 1392 867 nes.
1450 791 1587 870 Contra
1608 801 1687 884 ille,
1726 824 1807 869 cum
1828 802 2047 883 voluntatem
2067 803 2193 891 optimi
2221 805 2309 872 civis

277 885 595 995 liceantuq’ljtqtae.
636 887 713 978 Ego
729 917 811 961 vero
830 918 931 984 saepe
945 896 1030 964 alias
1046 895 1189 987 menni,
1217 903 1265 972 ita

210 1015 212 1019 “
276 980 535 1098 ἱᾳρῑῧᾼὶξηὸὑῐη
559 1014 631 1060 ‘sse
650 993 831 1089 animum,
861 1019 903 1076 ut
919 1008 1007 1075 duas
1028 999 1092 1074 has
1109 1006 1268 1088 virtutes,

175 1184 181 1195 ,
209 1093 458 1198 3·2J²§fgl³c't·liam
474 1092 658 1173 iudicandi
678 1107 722 1174 de
744 1108 850 1175 rebus
864 1102 1053 1190 humanis,
1074 1119 1106 1175 et
1120 1107 1268 1175 faculta-

257 1205 346 1279 :tem
370 1205 534 1305 dicendi,
566 1207 768 1276 meminerit
788 1207 857 1277 sibi
879 1210 1046 1278 omnibus
1059 1208 1178 1276 nervis
1202 1231 1267 1300 pa-

277 1311 405 1378 randas
431 1330 518 1377 esse.
582 1304 631 1377 Et
659 1309 702 1376 ad
731 1303 810 1393 has,
844 1323 1013 1403 tanquam
1040 1310 1084 1378 ad
1111 1331 1268 1400 scopum,

277 1421 417 1502 oportet
446 1410 577 1478 referre
605 1408 762 1498 vigilias,
794 1410 1076 1496 lucubrationes,
1114 1410 1268 1502 denique

277 1511 393 1580 studia
411 1511 542 1578 omnia.
593 1508 683 1579 Nam
706 1512 768 1604 qui
784 1525 845 1582 aut
869 1537 941 1583 non
959 1515 1156 1583 formarunt
1173 1511 1268 1580 iudi-

278 1614 372 1682 cium
386 1611 517 1691 literis,
539 1625 580 1682 ut
590 1612 792 1702 intelligant
806 1639 924 1683 rerum
935 1638 975 1684 ac
988 1639 1127 1684 mortun
1142 1614 1267 1682 discri-

278 1714 396 1795 mina,
428 1737 587 1806 quaeque
609 1713 645 1780 in
672 1715 792 1799 bonis,
822 1715 971 1807 quaein
987 1716 1091 1784 malis
1106 1717 1267 1783 ducenda

278 1815 367 1898 sint,
391 1829 450 1882 aut
466 1837 538 1880 non
554 1828 702 1905 possunt
717 1841 754 1883 ea
774 1842 863 1909 quae
879 1817 1055 1895 sentiunt,
1082 1816 1266 1906 perspicuo

209 1928 212 1933 '
278 1937 440 1986 sermone
454 1915 600 1993 docere,
625 1910 662 1982 hi
678 1911 767 1983 mihi
785 1933 919 2006 praeter
933 1917 1092 2006 corporis
1106 1918 1268 2006 speciem,

278 2012 371 2084 nihil
395 2010 545 2084 humaui
569 2010 698 2085 habere
723 2018 899 2090 videntur.
953 2015 1093 2087 Deinde
1109 2018 1156 2087 ita
1173 2016 1268 2086 inter

277 2142 314 2187 se
342 2117 575 2189 coniurarunt
590 2114 757 2188 Eruditio
781 2131 814 2188 et
836 2116 1071 2211 Eloquentia,
1096 2131 1136 2186 ut
1154 2118 1267 2185 divel-

277 2220 350 2288 lere
366 2218 466 2287 nullo
483 2221 591 2288 modo
606 2219 727 2310 possis.
777 2217 868 2289 Nam
887 2233 918 2289 et
935 2221 1130 2288 orationem
1148 2242 1265 2286 rerum

278 2320 422 2389 scientia
445 2343 486 2387 ex
508 2343 544 2387 se
570 2319 678 2389 veluti
694 2323 832 2410 genuit,
861 2335 894 2391 et
910 2322 1023 2390 oratio
1044 2320 1194 2390 uicissim
1214 2342 1267 2389 res

279 2421 444 2491 ostendit.
505 2418 579 2489 Iam
603 2422 775 2491 caecutire
798 2423 834 2490 in
861 2424 966 2492 rebus
982 2423 1182 2491 iudicandis
1204 2446 1267 2488 ne-

278 2544 371 2592 cesse
393 2534 440 2591 est
463 2544 542 2606 eos,
564 2523 625 2614 qni
643 2538 735 2592 recte
750 2526 892 2593 dicendi
915 2537 1157 2606 remaneant,
1184 2547 1267 2613 pro-

279 2639 396 2713 pterea
417 2625 512 2715 quod
537 2619 628 2691 nihil
652 2625 800 2714 perinde
818 2640 968 2692 mentem
985 2626 1097 2709 acuit,
1123 2637 1156 2692 et
1175 2625 1268 2691 exci-

278 2739 345 2807 tat,
370 2738 474 2817 atque
494 2727 674 2794 contentio
697 2726 757 2794 illa
774 2740 807 2796 et
831 2726 986 2795 studium
1005 2740 1096 2795 recte
1113 2726 1267 2795 dicendi.

276 2823 359 2895 Non
375 2827 534 2917 estquod
553 2828 675 2917 procul
693 2829 850 2919 exempla
869 2843 976 2919 petas.
1036 2826 1157 2917 Nuper
1179 2829 1266 2895 adeo

277 2927 340 3021 qui
369 2921 636 3016 Philosophiam
666 2929 940 3017 profitebantur,
975 2952 1045 2998 raon
1080 2930 1163 2997 satis
1187 2953 1266 3019 per-

277 3042 467 3118 spexerunt
483 3028 554 3095 vim
572 3054 691 3098 eastun
716 3032 845 3100 artium
864 3053 949 3124 quas
965 3031 1158 3113 docebant,
1184 3029 1266 3121 quia

278 3153 453 3219 exponere
468 3131 647 3220 perspicua
665 3133 825 3202 oratione
840 3157 878 3201 ea
894 3157 983 3225 quae
1001 3132 1266 3223 profitebantur,

279 3254 384 3299 nemo
407 3230 612 3302 conabatur.
670 3229 826 3303 Proinde
857 3235 920 3326 qui
942 3236 1042 3303 seed
1070 3234 1189 3303 literas
1212 3232 1268 3299 di-

278 3334 425 3401 scandas
456 3332 701 3418 contulerunt,
750 3330 788 3402 hi
825 3334 894 3404 sibi
939 3337 1189 3426 persuadeant,
1234 3345 1268 3402 et

278 3434 416 3517 oleum,
460 3433 557 3525 quod
584 3434 706 3518 aiunt,
745 3450 780 3505 et
812 3460 954 3527 operam
981 3436 1048 3505 sibi
1077 3437 1265 3528 perituram

279 3558 370 3618 esse,
409 3534 480 3602 nisi
506 3558 586 3604 cum
612 3560 730 3606 rerum
768 3538 914 3607 scientia
941 3539 1098 3606 studium
1126 3537 1266 3604 dicendi

279 3635 542 3706 coniunxerint.
604 3633 722 3730 Atque
754 3635 820 3710 hac
853 3643 896 3709 de
928 3664 966 3707 re
991 3640 1077 3708 alias
1102 3638 1267 3709 dixinms.

279 3735 392 3807 Porro
427 3732 554 3809 harum
588 3742 790 3809 orationum
822 3743 976 3826 cognitio
1010 3745 1052 3808 ad
1089 3756 1267 3832 utcunque

279 3838 429 3909 multum
451 3841 630 3914 conducit.
687 3838 778 3912 Nam
804 3858 843 3913 ut
856 3838 1066 3932 Philosophi
1086 3854 1266 3932 praecepta

279 3943 323 4011 de
340 3942 498 4012 moribus
521 3943 715 4024 tradidere,
749 3945 796 4015 ita
814 3941 879 4014 hae
896 3946 1074 4015 orationes
1091 3947 1265 4014 bonorum

206 4048 211 4069 ¹
278 4067 319 4112 ac
351 4044 526 4113 malornm
561 4044 692 4112 civium
724 4049 880 4152 exempla
915 4064 1138 4137 proponunt,
1178 4067 1268 4139 quae

278 4146 391 4213 multo
415 4142 588 4212 efficacius
613 4144 754 4213 virtutis
778 4148 932 4215 studium
958 4149 1061 4217 nobis
1084 4171 1268 4216 commen-

280 4246 383 4327 dant,
409 4268 514 4335 quam
528 4244 681 4332 frigidae
696 4246 778 4314 illae
799 4249 1137 4336 praeceptiunculae.
1190 4247 1268 4316 Sci-

280 4345 423 4434 pionein
448 4357 481 4412 et
504 4344 690 4437 plerosque
710 4348 798 4415 alios
820 4348 972 4417 illustres
987 4349 1082 4416 viros
1095 4349 1143 4417 ait
1161 4347 1267 4416 Salu-

280 4447 369 4516 stius
399 4445 514 4514 dicere
536 4446 677 4530 solitos,
710 4471 788 4515 cum
818 4449 987 4536 imagines
1011 4451 1186 4519 maiorum
1210 4449 1267 4516 in-

169 4620 173 4629 ,
279 4562 481 4630 tuerentur,
504 4542 811 4618 vehementissime
832 4551 988 4619 aninum
1008 4550 1076 4619 sibi
1093 4555 1134 4619 ad
1155 4552 1267 4620 virtu·

279 4663 350 4721 tem
377 4648 531 4720 accendi.
589 4648 690 4738 Quae
716 4668 832 4723 atatem
856 4654 950 4721 lrorre
966 4652 1062 4721 Deus
1080 4676 1268 4737 marmora,

279 4776 369 4846 quae
393 4765 527 4823 statuae
550 4752 702 4822 conferri
717 4777 796 4822 cum
815 4749 871 4822 bis
888 4754 1109 4825 orationibus
1128 4778 1267 4823 meren·

278 4855 360 4925 tur?
406 4877 497 4948 quae
518 4854 606 4924 alias
633 4855 878 4947 improborum
910 4855 1040 4925 civium
1069 4854 1266 4946 perniciosa

278 4955 446 5040 consilia,
487 4955 574 5025 alias
598 4951 762 5028 honestas
787 4959 985 5028 voluntates
1016 4959 1193 5027 bonorum
1217 4957 1268 5023 ci-

279 5058 377 5128 vium
403 5058 460 5131 ita,
472 5057 669 5148 depingunt
691 5061 982 5152 exprimuntque‚
1006 5072 1045 5128 ut
1063 5060 1198 5128 nullius
1213 5057 1267 5125 fa-

1319 915 1423 990 negat
1455 902 1524 970 sibi
1557 902 1709 971 defuisse
1738 925 1916 994 unquam,
1957 901 2044 970 boni
2088 903 2156 970 viri
2195 906 2309 974 simu-

1319 998 1479 1071 lachrum
1500 1004 1658 1094 sculpere
1677 1004 1828 1074 videtur.
1878 999 2112 1093 Explicantur
2127 1021 2309 1095 praeterea

1319 1104 1431 1173 multa
1450 1105 1624 1175 maiorum
1646 1103 1827 1188 instituta,
1860 1105 1953 1194 leges
1969 1128 2009 1173 ac
2033 1129 2168 1191 mores,
2195 1109 2309 1179 multa

1319 1206 1495 1296 exempla,
1524 1230 1614 1300 quae
1636 1220 1718 1276 sunt
1735 1208 1852 1277 obiter
1871 1227 1995 1274 causae
2011 1229 2171 1298 aspersa,
2197 1208 2235 1277 in
2251 1204 2309 1279 his

1320 1307 1541 1376 orationibus
1568 1302 1739 1381 invenies.
1799 1305 1865 1378 Est
1895 1307 1992 1375 enim
2021 1330 2129 1377 sonus
2158 1311 2310 1380 forensis

1320 1401 1427 1477 huius
1451 1408 1638 1492 dictionis,
1670 1410 1814 1478 classico
1834 1408 1981 1493 similis,
2013 1423 2047 1480 et
2075 1409 2216 1500 plenior
2241 1413 2310 1482 ali·-

1320 1523 1471 1601 quanto,
1497 1534 1603 1603 quam
1620 1507 1799 1581 historiae.
1848 1507 2012 1603 Denique
2033 1504 2123 1579 mihi
2138 1512 2310 1585 videntur

1320 1634 1442 1680 omnes
1456 1609 1611 1702 Reipub.
1624 1614 1796 1700 gerendae
1810 1614 1965 1681 rationes
1978 1612 2106 1682 melius
2128 1609 2185 1682 hic
2202 1617 2309 1704 tradi,

1320 1736 1424 1803 quam
1442 1714 1480 1779 in
1497 1714 1580 1782 ullis
1595 1709 1894 1804 Philosophorum
1910 1714 2220 1805 disputationibus.
2259 1714 2309 1789 Et

1319 1836 1398 1880 cum
1420 1807 1606 1884 historiam
1622 1839 1726 1884 nemo
1751 1839 1825 1883 non
1842 1808 1909 1883 hoc
1926 1816 2071 1883 nomine
2088 1817 2236 1907 plurimi
2252 1820 2309 1888 fa-

1319 1913 1405 1996 ciat,
1440 1917 1535 2006 quod
1561 1918 1720 1986 omnium
1742 1916 1901 1984 civilium
1930 1915 2128 1984 officiorum
2150 1921 2307 2011 exempla

1318 2016 1450 2098 tradat,
1490 2017 1577 2108 quid
1602 2011 1686 2087 huic
1715 2018 1916 2086 orationum
1945 2017 2066 2105 generi
2095 2019 2308 2108 tribuemus,

1319 2115 1356 2182 in
1373 2140 1444 2207 qno
1458 2118 1616 2208 exempla
1638 2119 1700 2187 illa
1718 2131 1753 2188 et
1767 2118 1914 2187 consilia
1932 2142 2051 2186 rerum
2071 2123 2307 2209 gerendamm

1318 2217 1513 2286 accuratius
1542 2231 1576 2287 et
1607 2220 1806 2310 copiosius?
1855 2217 1945 2289 Nam
1977 2223 2124 2290 eumad
2151 2247 2308 2314 pugnam

1318 2314 1377 2386 hic
1394 2319 1590 2389 instruatur
1607 2322 1739 2404 oratio,
1765 2322 1824 2404 tit,
1854 2333 1893 2390 ut
1907 2321 2042 2392 maiore
2062 2325 2208 2411 negocio
2221 2327 2308 2396 illu·

1318 2431 1475 2487 strentur
1489 2421 1609 2490 omnia
1630 2438 1722 2492 recte
1737 2435 1797 2490 aut
1820 2445 1919 2490 secus
1933 2423 2035 2493 facta.
2081 2422 2205 2517 Neque
2220 2449 2306 2495 vero

1318 2534 1518 2610 praesentes
1547 2535 1685 2593 tantum
1711 2525 1891 2593 auditores
1921 2524 2138 2614 spectabant,
2171 2529 2233 2596 sed
2259 2530 2305 2597 ad

1318 2637 1476 2712 posteros
1498 2637 1614 2693 extare
1635 2619 1700 2694 has
1726 2625 1907 2695 orationes
1927 2626 2072 2696 voluere
2092 2639 2195 2697 testes
2222 2652 2307 2698 suo-

1318 2747 1396 2792 rum
1422 2724 1673 2810 consiliorum,
1702 2727 1993 2818 reliqueruntque
2011 2722 2116 2808 haec,
2140 2742 2182 2799 ut
2197 2725 2308 2800 habe-

1317 2839 1396 2894 rent
1418 2827 1546 2914 posteri
1568 2850 1642 2894 non
1658 2830 1781 2908 modo,
1809 2843 1849 2898 ut
1864 2829 1913 2898 ait
1932 2825 2179 2922 Thucydides,
2205 2827 2306 2928 ἀγω-

1316 2921 1500 3016 νίσματα,
1548 2929 1608 2998 sed
1647 2921 1837 3021 κτήματα,
1881 2924 1948 2999 hoc
1983 2933 2053 3010 est,
2100 2925 2307 3001 thesaurum

1317 3028 1570 3116 exemplorum.
1627 3027 1726 3117 Quid
1750 3047 1866 3100 autem
1889 3035 1933 3100 de
1956 3031 2155 3123 eloquentia
2174 3027 2305 3102 horum

1316 3128 1455 3198 dicam?
1503 3126 1595 3198 Nam
1615 3123 1702 3200 haec
1719 3133 1904 3220 praecipua
1920 3133 1998 3200 laus
2015 3146 2066 3201 est
2080 3127 2205 3202 harum
2223 3158 2308 3203 ora·

1318 3231 1466 3299 tionum.
1526 3227 1703 3324 Equidem
1728 3231 1921 3312 insaniam,
1946 3232 1975 3296 si
1995 3254 2075 3301 meo
2092 3235 2308 3322 testimonio,

1316 3352 1464 3422 meaque
1488 3353 1593 3410 voce,
1626 3331 1789 3398 accedere
1807 3328 1943 3420 aliquid
1971 3329 2118 3400 illorum
2141 3335 2308 3408 laudibus

1316 3433 1522 3504 existimem.
1581 3428 1701 3520 Quare
1731 3430 1917 3521 praeconio
1941 3427 2123 3502 Ciceronis
2148 3433 2310 3510 contenti

1316 3533 1469 3612 erimus,
1496 3531 1559 3626 qui
1575 3556 1654 3602 cum
1668 3526 1881 3601 Aeschinem
1900 3532 2125 3622 amplissimis
2139 3536 2310 3610 laudibus

1316 3647 1438 3718 ornat,
1469 3647 1589 3705 tamen
1609 3634 1647 3703 in
1663 3628 1935 3704 Demosthenica
1959 3635 2138 3719 oratione,
2171 3650 2308 3710 tantam

1317 3737 1555 3829 eloquentiam
1578 3758 1651 3804 esse
1676 3736 1828 3816 iudicat,
1862 3748 1993 3827 quanta
2010 3736 2148 3806 includi
2167 3737 2206 3807 in
2227 3742 2309 3810 ani-

1317 3839 1383 3906 mis
1399 3833 1585 3906 hominum
1601 3838 1726 3929 possit,
1770 3836 1885 3907 Locos
1907 3838 2073 3906 nonnulli
2091 3840 2309 3935 decerpsere,

1316 3941 1412 4007 unde
1434 3939 1611 4030 specimen
1634 3940 1779 4032 aliquod
1797 3941 2018 4032 eloquentiae
2036 3941 2185 4011 istorum
2203 3968 2309 4035 cape-

1317 4054 1432 4126 retur,
1458 4043 1517 4110 sed
1538 4041 1654 4126 velut,
1677 4041 1707 4110 si
1728 4041 1943 4130 praeclaram
1956 4054 2106 4110 statuam
2124 4045 2308 4133 dissolvas,

1317 4167 1520 4238 quanquam
1545 4143 1629 4212 insit
1650 4144 1689 4209 in
1715 4142 1865 4230 singulis
1891 4142 2166 4228 membrissuus
2189 4148 2308 4235 deson

1316 4259 1433 4314 tamen
1455 4244 1574 4312 minus
1594 4243 1687 4312 clare
1706 4242 1839 4335 percipi
1862 4269 1900 4313 ac
1924 4245 2048 4314 sentiri
2064 4260 2228 4316 venustas
2251 4250 2307 4319 vi-

1317 4349 1441 4429 detur,
1474 4367 1580 4437 quam
1608 4344 1637 4413 si
1662 4343 1798 4432 integra
1823 4358 1956 4431 statua,
1981 4347 2100 4415 videas
2117 4371 2180 4417 suo
2195 4373 2305 4443 quae-

1317 4472 1384 4541 que
1398 4448 1477 4515 loco
1491 4446 1668 4516 collocata.
1720 4442 1773 4515 lta
1789 4447 1910 4514 malim
1925 4469 1989 4515 vos
2002 4448 2156 4538 integras
2169 4450 2306 4521 oratio-

1316 4573 1378 4618 nes
1404 4549 1517 4618 0culis
1537 4560 1642 4640 atque
1664 4548 1784 4617 animo
1806 4549 2057 4639 contemplari,
2091 4575 2196 4642 qnam
2222 4576 2306 4622 sen-

1316 4648 1481 4720 tentiolas
1514 4651 1682 4739 quasdam
1719 4672 1920 4742 excerpere,
1961 4673 1980 4717 e
2010 4651 2141 4743 quibus
2166 4653 2305 4747 reliqua

1316 4751 1430 4821 oratio
1453 4749 1673 4834 aestimetur,
1707 4766 1746 4821 nt
1768 4777 1809 4820 ex
1834 4751 2013 4839 unguibus
2029 4752 2167 4823 leonem
2191 4757 2306 4828 aiunt.

1298 4852 1406 4923 'Nam
1424 4850 1453 4920 si
1474 4850 1675 4919 universam
1693 4853 1758 4923 tibi
1779 4853 2022 4943 proposueris,
2048 4855 2099 4924 ibi
2118 4879 2201 4926 vero
2223 4882 2307 4927 seu·

1315 4955 1400 5039 ties,
1427 4976 1501 5022 non
1526 4955 1633 5024 modo
1657 4956 1786 5045 quibus
1810 4954 2000 5023 verborum
2021 4969 2084 5027 aut
2105 4960 2306 5031 seutentia-

1315 5079 1395 5125 rum
1412 5054 1552 5144 figuris,
1585 5057 1644 5124 sed
1664 5081 1734 5148 quo
1759 5055 1907 5124 consilio
1924 5057 2048 5142 etiam,
2077 5073 2111 5129 et
2130 5083 2198 5151 qua
2215 5061 2305 5130 soli·

278 5161 366 5230 ciem
385 5158 520 5229 imitari
534 5161 679 5251 propius
693 5158 836 5253 Apelles
853 5161 1018 5253 potuerit.
1072 5160 1194 5250 Quare
1217 5157 1266 5228 ita
1315 5156 1472 5227 titudine
1493 5155 1664 5236 dixerint,
1696 5181 1801 5249 quam
1827 5159 1953 5227 callide
1978 5159 2016 5227 in
2047 5162 2170 5251 populi
2199 5187 2305 5235 aures

279 5260 438 5333 statuetis
454 5261 499 5330 de
514 5256 571 5328 his
586 5262 724 5331 duabus
739 5265 978 5341 orationibus,
1005 5263 1266 5357 absolutissima
1314 5261 1489 5351 irrepant,
1520 5282 1626 5351 quam
1645 5257 1832 5347 diligenter·
1853 5283 1927 5329 sese
1950 5263 2213 5346 communiant,
2239 5268 2305 5337 ubi

278 5365 452 5460 quaedam
485 5362 661 5453 exempla,
698 5363 736 5432 in
769 5366 900 5436 illustri
933 5365 999 5435 sita
1026 5364 1124 5450 loco,
1160 5363 1265 5433 nobis
1313 5360 1463 5433 alacrius
1486 5372 1698 5452 procurrant
1720 5361 1758 5428 in
1783 5363 2042 5448 adversarium,
2068 5364 2130 5435 ubi
2149 5368 2305 5440 referant

276 5466 555 5559 ostendi,=quae
571 5469 904 5554 commonefaciant,
934 5467 1020 5562 quid
1040 5467 1079 5538 in
1103 5490 1265 5538 commu·
1312 5464 1456 5560 pedem,
1494 5460 1558 5531 ubi
1579 5458 1998 5560 'ludificenturhnstem,
2037 5491 2127 5560 quae
2158 5471 2304 5563 proprie
