4732 6030
64 301 139 378 618
552 296 713 372 Duco.
745 292 822 370 DE
855 287 1257 369 IMPERATORE
1292 285 1538 362 ΟΤΤΟΝΕ
1573 287 1602 364 1.
2018 289 2094 369 stt

63 471 300 568 potentissimi
313 469 445 562 Reges,
470 483 512 542 ut
526 468 709 551 Roboam,
735 448 1052 552 Nabuchdonosor,
1152 469 1206 533 Ad
1225 491 1391 546 summam,
1416 471 1533 551 sepiens
1548 489 1610 548 111
1626 471 1727 530 minor
1742 481 1786 532 est
1797 465 1886 549 lore,
1914 471 2013 549 dives,

64 569 546 645 111111111111111111111111111
568 595 642 643 non
658 583 870 662 potuerunt,
896 593 969 639 non
987 582 1050 653 est,
1151 570 1263 650 Liber,
1287 573 1468 649 honoratus,
1494 570 1638 651 pulcher,
1663 594 1717 632 rex
1732 573 1859 656 denique
1876 595 1996 656 regum,

63 692 104 747 ut
126 675 238 744 nostri
260 673 502 759 admirentur,
536 695 572 743 se
591 687 663 744 tarn
681 673 745 741 diu
763 672 908 763 impune
930 670 1051 741 tulisse
1151 674 1314 756 Praecipue
1329 695 1435 751 senus,
1461 678 1602 734 niueum
1618 676 1727 755 pituita
1741 679 1867 736 moleste
1884 692 1937 737 est.

64 777 228 855 iniurias,
261 798 343 844 tum
363 773 458 847 Deus
481 774 567 844 velit
587 797 689 865 saepe
704 775 952 863 impunitatem
978 794 1051 840 esse
1101 769 1171 842 Sed
1202 785 1297 840 taceo
1331 763 1629 858 Philosophorum
1652 769 1859 839 stulticiam:
1897 770 2091 860 Imperato-

63 876 342 960 diuturniorem,
367 891 407 948 ut
423 877 564 966 gravius
580 898 755 945 exterum
778 873 1051 944 commutatione
1100 896 1182 942 rum
1195 895 1313 941 veram
1331 870 1537 962 sapientiam
1560 872 1671 939 miror
1688 884 1722 939 et
1738 872 1919 959 praedico,
1944 873 2005 964 qui
2023 899 2090 942 no-

63 978 208 1049 doleant
222 977 335 1068 impii.
386 975 458 1047 Nos
475 979 611 1070 itaque,
635 979 728 1069 quod
749 1000 823 1045 uon
839 977 1052 1065 ignoremus,
1101 974 1194 1043 titiis
1208 976 1252 1042 de
1265 970 1342 1041 Deo
1354 972 1536 1042 mentibus
1557 972 1735 1062 impressis
1752 974 1944 1057 admoniti,
1972 969 2091 1043 homi-

63 1078 259 1171 plurimum
294 1078 333 1146 in
369 1078 532 1148 extremis
571 1078 739 1169 periculis
771 1077 923 1146 valuisse
956 1077 1049 1165 apud
1100 1099 1163 1145 nes
1195 1075 1520 1143 animadverterunt
1546 1086 1644 1141 natos
1676 1097 1748 1142 esse
1777 1075 1821 1141 ad
1853 1072 2089 1163 cognitionem

63 1176 180 1250 Deum
199 1178 434 1247 maximorum
455 1177 613 1267 Regum,
639 1192 678 1248 ut
701 1179 866 1261 Doridis,
888 1175 1051 1248 8111111-
1102 1176 1186 1258 Dei,
1211 1187 1265 1253 et,
1292 1174 1387 1266 quod
1412 1174 1451 1240 in
1472 1173 1578 1241 coelis
1600 1188 1731 1243 canunt
1757 1173 1903 1262 Angeli,
1927 1175 1964 1243 iu
1988 1178 2091 1247 terris

64 1281 137 1360 nis,
164 1280 436 1369 poenitentiam,
461 1279 639 1368 srngulare
654 1279 809 1347 studium
827 1301 905 1366 erga
924 1280 1051 1345 11111-
1101 1279 1146 1346 ab
1164 1272 1369 1344 bominibus
1384 1272 1576 1343 recttssrme
1594 1275 1748 1356 cantari
1775 1274 1955 1344 (11111111
1976 1281 2091 1347 excel

64 1382 146 1450 dam
170 1383 437 1472 ornandamque
467 1375 603 1450 Christi
626 1375 838 1462 Ecclesiam,
872 1401 1052 1469 speramus
1101 1377 1148 1448 sis
1177 1374 1264 1449 Deo.
1322 1373 1413 1446 Cum
1437 1375 1533 1443 enirn
1564 1377 1607 1443 ad
1633 1376 1829 1443 doctrinam
1851 1379 2031 1465 religionis
2056 1395 2091 1449 et

64 1494 98 1550 te
113 1504 254 1572 quoque
276 1481 312 1548 in
337 1474 393 1549 his
409 1481 517 1550 tantis
538 1480 806 1550 difficultatibus
818 1480 986 1569 singulari
1005 1478 1050 1548 ti·
1101 1481 1145 1549 ad
1167 1479 1316 1565 gloriam
1336 1471 1470 1546 Christi
1492 1477 1685 1566 plurimum
1707 1471 1847 1544 scholae
1862 1481 2091 1567 pertinerent,

63 1578 1050 1670 11111111111111111111111111111111111111111111111-
1103 1574 1867 1649 voluerunthostitulosartiumliberalium
1885 1597 2092 1651 ornamenta
2197 1593 2203 1602 ’

60 1682 156 1751 sidio
180 1704 272 1766 esse,
302 1705 408 1774 11111
437 1707 510 1752 rem
538 1683 747 1751 iamdudum
775 1684 879 1751 nobis
902 1675 1052 1750 (111111-
1102 1703 1195 1764 1111,
1230 1694 1265 1750 11
1294 1681 1422 1768 gradus
1446 1678 1643 1747 officiorum
1673 1676 1922 1768 Imperatores,
1957 1704 2092 1772 nequa·

64 1777 688 1866 11111111111111111111111111111
713 1783 1053 1901 quibusrnlrbera
1103 1805 1209 1875 quam
1235 1803 1319 1848 vero
1341 1778 1477 1867 magnis
1500 1780 1628 1868 opibus
1645 1781 1907 1868 comparandis
1932 1794 1994 1851 aut
2008 1784 2094 1853 retr

64 1882 278 1952 lissimarum
306 1884 435 1953 artium
468 1884 594 1955 studiis
623 1884 791 1967 11111111,
829 1906 1053 1974 nequaquam
1102 1881 1231 1949 nendrs
1245 1881 1437 1949 destruatos
1452 1901 1543 1963 esse
1568 1892 1608 1947 ut
1623 1880 1719 1968 vulgi
1742 1894 1793 1950 est
1807 1904 1947 1970 opuuo
1973 1907 2037 1952 nec
2053 1910 2092 1952 11

65 1985 288 2072 neglecturus
323 1985 545 2054 autoritatem
572 1983 798 2074 Imperatoris
822 1979 970 2075 Ottonis
993 2006 1054 2049 ve·
1105 1977 1160 2051 bis
1177 1978 1375 2050 honoribus
1397 1932 1565 2050 ultimuin
1588 1981 1722 2049 bonum
1747 1984 1891 2070 reponi,
1915 1980 2094 2055 uthilo-

65 2084 141 2155 stri.
193 2082 296 2170 Quae
318 2087 463 2175 quidem
484 2109 540 2153 res
561 2083 599 2152 in
622 2107 723 2154 causa
749 2084 852 2153 etiam
876 2084 962 2165 luit,
992 2106 1055 2152 cur
1104 2079 1207 2174 sophi
1229 2095 1312 2151 sunt
1341 2080 1488 2171 opinati.
1549 2077 1597 2152 Et
1620 2094 1669 2150 est
1698 2084 1853 2172 proiecto
1872 2108 2095 2174 pernecessa-

63 2185 132 2255 tibi
158 2185 379 2274 potissimum
400 2180 491 2255 hanc
513 2208 628 2255 meam
643 2185 839 2254 orationem
858 2186 901 2253 de
918 2179 1054 2254 Ottone
1105 2185 1197 2252 rium
1229 2184 1374 2253 retineri
1405 2184 1444 2250 in
1475 2178 1643 2252 Ecclesiis
1678 2185 1840 2252 ordinem
1873 2188 2093 2256 docentium:

65 2285 231 2373 scriptam
256 2286 418 2354 dedicare
440 2285 637 2369 voluerim,
664 2299 702 2354 ut
716 2286 771 2354 illi
790 2309 894 2377 quem
912 2300 1055 2377 propter
1105 2281 1172 2354 hoe
1188 2285 1282 2355 enim
1305 2286 1462 2372 neglecto
1491 2307 1629 2355 necesse
1647 2299 1698 2354 est
1719 2286 1911 2374 plurimum
1928 2290 2097 2356 dissidio·

66 2385 217 2454 similem
242 2386 407 2455 virtutem
429 2387 468 2455 11
491 2383 626 2457 011111
641 2387 844 2456 monstratis
860 2388 1053 2457 multorum
1104 2411 1184 2456 rum
1209 2387 1293 2455 oriri
1318 2387 1355 2452 in
1379 2381 1565 2466 Ecclesiis,
1599 2389 1694 2476 quod
1720 2389 1908 2455 concordia
1932 2412 2095 2456 essenon

66 2486 276 2556 existimatio
302 2487 476 2557 inlocum
499 2487 673 2559 maiorum
688 2502 831 2559 tuorum
853 2488 898 2558 sit
912 2490 1056 2557 restitu-
1105 2489 1233 2578 possit,
1257 2487 1318 2555 ubi
1335 2487 1428 2555 docti
1443 2500 1477 2554 et
1500 2485 1635 2553 indocti
1660 2487 1848 2555 autoritate
1873 2501 1956 2556 sunt
1981 2512 2095 2578 pares.

66 2600 157 2657 1111.
208 2586 1057 2757 Η111111111111111111111111111111111111-
1106 2581 2121 2676 Quadecausacumhipublicibonarumlrterarum¹

68 2790 331 2882 quamobrem
319 2813 394 2880 ipse
417 2786 506 2859 mihi
530 2792 675 2860 debeam
693 2815 767 2859 non
783 2791 960 2861 immerito
977 2815 1058 2880 gra
1108 2792 1201 2860 tebit
1223 2803 1366 2881 propter
1388 2790 1609 2860 autoritatem
1631 2789 1878 2878 Magistratus,
1904 2735 2097 2860 seudivini

14 2973 17 2976 ¹
67 2889 192 2974 tulari,
225 2891 416 2961 utabillo
440 2892 662 2973 factumest,
693 2891 750 2958 eui
773 2887 850 2959 Rex
867 2889 1056 2960 Persarum
1107 2891 1282 2971 mandati,
1312 2886 1398 2959 haec
1420 2892 1626 2958 ornamenta
1648 2895 1831 2959 doctorum
1864 2891 2022 2961 virorum
2052 2896 2097 2962 ab

66 2985 277 3060 Artaxerxes
292 3013 446 3072 memor,
470 2990 565 3079 quod
580 2990 705 3077 ingens
719 2991 897 3080 quoddam
913 3014 1057 3079 pomum
1088 2994 1274 3061 omnibus
1297 2992 1401 3060 bonis
1424 2991 1568 3059 maximi
1595 2990 1682 3062 fieri.
1735 2991 1773 3062 si
1797 2992 1877 3082 quis
1900 3007 1952 3061 est
1969 3006 2099 3075 autem,

67 3091 113 3160 ab
136 3093 367 3186 codonatum
388 3089 591 3178 accepisset,
616 3111 680 3179 per
700 3088 839 3173 Solem,
863 3091 1059 3182 respondit,
1109 3095 1171 3184 qui
1186 3105 1256 3162 tam
1274 3091 1369 3180 gravi
1381 3114 1483 3161 eausa
1498 3115 1571 3159 non
1583 3105 1747 3161 movetur
1760 3093 1803 3158 ad
1818 3090 2099 3163 amandasscbo·

66 3204 108 3263 tu
125 3190 254 3258 videris
270 3189 299 3256 is
317 3209 409 3273 esse,
433 3190 493 3281 qni
511 3213 551 3257 ex
565 3213 672 3278 parva
682 3190 787 3260 etiam
797 3192 883 3260 urbe
894 3214 1057 3280 magnam
1108 3195 1179 3276 las,
1212 3206 1245 3262 et
1269 3193 1569 3280 magnifaciendos
1596 3187 1660 3261 1111
1685 3187 1943 3282 pulcherrimos
1968 3198 2100 3264 docen-

62 3290 185 3383 possis
208 3289 362 3372 efficere,
388 3289 546 3357 animum
562 3290 742 3376 videlicet,
767 3315 786 3359 a
809 3317 879 3385 qno
894 3295 1059 3377 dabatur,
1107 3296 1197 3364 tium
1213 3296 1343 3382 gradus
1356 3293 1395 3361 in
1411 3290 1589 3375 Ecclesia,
1615 3288 1698 3362 huic
1716 3296 1930 3383 respondeo:

65 3390 178 3478 magis
202 3392 429 3481 spectandum
453 3404 569 3476 ratus,
594 3415 700 3484 quam
725 3394 820 3485 quod
843 3393 1058 3465 offerebatur
1208 3399 1349 3464 Numer
1365 3406 1546 3483 recopolis,
1571 3407 1702 3462 nutritus
1716 3404 1790 3461 tacte
1806 3404 1922 3479 lerino,

65 3514 209 3562 munus,
270 3489 365 3559 ldetn
388 3491 418 3561 si
439 3487 530 3567 mihi
553 3492 621 3564 lam
640 3494 678 3561 ln
698 3507 734 3561 te
750 3495 933 3576 acciderit,
959 3509 1057 3567 tanto
1260 3501 1300 3564 Et
1314 3503 1411 3564 dicem
1426 3508 1523 3565 silicet
1538 3517 1640 3583 peetus
1655 3503 1763 3562 habere
1778 3516 1875 3567 tuum.

68 3616 107 3661 ea
124 3615 177 3660 res
201 3592 319 3660 sutura
345 3605 396 3662 est
420 3592 554 3682 gratior
574 3590 681 3674 mibi,
706 3607 839 3684 quanto
854 3596 1058 3666 minusate
1107 3592 1198 3665 Cum
1233 3612 1350 3666 autem
1378 3599 1430 3667 'sit
1464 3592 1530 3666 hoc
1556 3598 1823 3666 consuetudinis
1859 3594 1965 3667 huius
1996 3596 2100 3670 scho-

68 3687 137 3762 boc
153 3717 282 3763 munus
300 3707 461 3762 nostrum
479 3693 587 3762 suerit
602 3694 793 3766 exclusum.
843 3693 945 3768 Vale.
1109 3697 1182 3781 lae,
1206 3710 1265 3781 ut,
1289 3699 1346 3766 vel
1360 3698 1404 3767 de
1417 3698 1546 3767 artium
1562 3698 1687 3765 studiis
1697 3693 1764 3766 boc
1780 3711 1936 3786 ternpore
1952 3699 2100 3782 dicatur,

1110 3797 1166 3865 vel
1194 3797 1380 3866 clarissimi
1408 3798 1558 3866 alieuius
1581 3793 1808 3886 Philosophi,
1842 3810 1901 3864 aut
1924 3796 2100 3879 Principis

1051 3955 1056 3967 .
1109 3890 1258 3965 historia
1279 3910 1517 3987 proponatur,
1542 3896 1654 3983 delegi
1680 3899 1723 3964 ad
1743 3899 1991 3987 praestandum
2010 3898 2100 3968 illud

1109 3997 1282 4080 officium,
1308 3999 1402 4088 quod
1421 3992 1488 4064 hoc
1509 3997 1546 4065 in
1565 3997 1642 4065 luco
1662 3998 1812 4086 publicis
1828 3997 1963 4086 legibus
1979 4001 2102 4082 debeo,

1109 4091 1294 4165 historiam
1326 4099 1504 4215 quandam
1535 4098 1682 4168 Ottonis
1716 4099 1843 4188 primi,
1876 4098 2101 4189 lmperatoris

1111 4197 1271 4268 Saxonis.
1334 4196 1413 4269 Etsi
1444 4199 1540 4268 enim
1572 4214 1662 4269 artes
1695 4194 1947 4290 Philosophiae
1976 4203 2101 4290 dignas

1111 4300 1324 4386 existimem,
1357 4325 1447 4395 quae
1469 4325 1489 4370 a
1512 4302 1615 4371 nobis
1638 4303 1759 4371 ornari
1781 4326 1938 4392 semper,
1966 4315 2000 4371 et
2015 4305 2100 4373 illu-

71 4388 269 4493 Sapienter
291 4400 336 4470 ab
351 4376 627 4520 Imperatoribus
651 4403 810 4474 existimo
827 4405 958 4475 sactum
974 4429 1060 4490 esse,
1110 4404 1213 4472 strati
1239 4403 1432 4495 plurimum
1456 4404 1625 4486 debeant,
1658 4419 1776 4474 tamen
1803 4404 1880 4472 iure
1907 4404 2100 4494 vituperari

71 4506 167 4599 quod
186 4514 277 4569 certa
304 4503 445 4572 virtutis
471 4503 622 4590 insignia
647 4507 942 4587 contulerimus
970 4533 1059 4600 quo·
1111 4527 1266 4593 possem,
1286 4506 1419 4574 sudem
1432 4520 1677 4592 argumentum
1692 4521 1845 4575 retexere
1860 4528 1964 4574 ausus
1978 4529 2099 4585 essem

71 4630 152 4676 rum
179 4625 284 4692 opera
306 4627 384 4671 cnm
400 4602 558 4693 Respub.
580 4617 655 4672 tum
673 4601 845 4677 Ecclesias
865 4609 1060 4698 plurimum
1111 4606 1155 4672 de
1171 4630 1241 4699 quo
1260 4607 1389 4675 diserte
1405 4601 1499 4673 boc
1488 4629 1527 4672 111
1544 4607 1621 4674 loco
1637 4607 1830 4675 doctissimi
1854 4608 1940 4689 viri,
1966 4606 2003 4672 in
2020 4610 2099 4699 111-

70 4705 188 4778 iuvari
205 4726 305 4796 posse
321 4704 581 4775 intellexerunt.
626 4701 716 4772 Nam
732 4730 889 4779 summae
904 4712 1060 4799 profecto
1112 4707 1178 4776 bus
1192 4709 1273 4800 plns
1287 4720 1337 4777 est
1354 4706 1570 4792 autoritatis,
1595 4707 1768 4776 dixerunt.

71 4807 263 4900 sapientiae
282 4819 349 4890 est,
372 4829 513 4874 cernere
530 4800 691 4874 homines
709 4810 751 4875 ad
770 4835 888 4899 pacem
906 4810 1062 4884 Rerum·
1211 4808 1265 4879 De
1297 4806 1432 4879 Ottone
1461 4832 1563 4893 vero,
1595 4820 1636 4877 ut
1658 4809 1810 4876 dicerem
1837 4802 1904 4876 hoc
1933 4823 2099 4897 tempore,

70 4911 157 5001 pub.
181 4922 286 5000 atque
314 4908 358 4975 ad
389 4907 633 4975 illustrandam
657 4907 805 4994 gloriam
828 4908 962 4984 Christi
989 4938 1061 4983 esse
1112 4902 1199 4978 baec
1213 4904 1303 4978 mihi
1316 4911 1353 4978 in
1370 4932 1471 4980 causa
1487 4911 1642 4980 suerunt.
1693 4905 1783 4978 Cum
1802 4909 1896 4978 enim
1915 4911 1958 4979 de
1978 4908 2098 4980 Plato-

72 5009 246 5082 conditos.
297 5007 451 5077 Minime
467 5001 534 5077 boc
557 5007 882 5083 anrmadverterunt
897 5011 1062 5085 Philoso
1113 5033 1177 5095 ne,
1202 5013 1247 5080 de
1260 5005 1468 5096 Aristotele,
1494 5013 1539 5079 de
1554 5005 1941 5100 RodolphoAgrrcola
1968 5008 2098 5082 dehu-

70 5108 155 5213 phi,
174 5109 234 5202 qui
253 5123 369 5177 tamen
385 5110 575 5200 sapientiae
588 5133 718 5178 nomen
731 5135 894 5202 arrogare
908 5117 973 5185 sibi
989 5142 1063 5187 non
1114 5113 1254 5200 gustino
1275 5114 1496 5183 ornatissime
1519 5138 1538 5182 a
1558 5112 1645 5181 viris
1668 5112 1919 5184 excellentibus
1936 5115 1981 5183 sit
1996 5129 2099 5183 antea

72 5227 158 5284 sunt
180 5211 299 5291 veriti,
333 5226 438 5302 atque
469 5211 505 5278 iu
534 5211 702 5302 sapientia
730 5236 908 5284 summurn
928 5218 1062 5288 bonum
1114 5209 1208 5282 hoc
1198 5240 1236 5283 11
1260 5218 1337 5286 loco
1363 5215 1615 5300 declamatum,
1640 5214 1770 5305 placurt
1785 5239 1883 5308 sequr
1875 5216 2098 5304 exemplum

73 5315 312 5394 collocarunt,
346 5335 434 5430 quos
458 5327 639 5404 propterea
670 5338 742 5382 non
766 5315 943 5388 immerito
971 5322 1064 5391 ridet
1115 5318 1399 5387 doctissimorum
1422 5317 1599 5401 virorum,
1625 5319 1774 5408 quosde
1797 5317 1942 5386 summis
1962 5315 2100 5382 Princi-

73 5415 265 5498 Horatius,
292 5440 372 5484 cum
387 5414 452 5484 ait:
1115 5419 1220 5511 pibus
1242 5415 1342 5490 boc
1331 5443 1369 5487 11
1393 5419 1470 5488 loco
1494 5432 1574 5489 ante
1600 5441 1655 5486 111
1674 5418 1829 5488 dicentes
1859 5441 1932 5485 non
1957 5413 2101 5483 moleste

131 5520 308 5585 lllrmtrtru.
327 5523 431 5584 01111.
446 5519 529 5583 Ver..
545 5516 607 5583 Xl.
1617 5517 1666 5588 53

95 3860 380 3952 Wittenbcr‘gae.
405 3859 508 3936 Xlll.
523 3860 745 3936 Novembris.
769 3860 956 3934 M.D.XL.
