4732 6030
167 292 220 380 2⁹
719 294 879 376 DECL.
909 297 985 374 DE
1019 296 1441 378 MAXlMlLlANO
1473 297 1631 374 CAES.
2146 307 2200 380 30

169 469 333 543 laudatos
357 465 562 563 Principes,
601 469 662 540 sed
695 470 905 542 clementiae
935 473 1043 544 laude
1078 498 1158 546 cum
1207 474 1276 542 mis
1296 474 1384 554 fuit,
1411 475 1459 544 ita
1474 497 1548 543 non
1564 472 1670 563 gessit
1685 496 1767 542 cum
1781 473 1861 547 aliis
1884 475 1996 556 bella,
2018 475 2089 546 nisi
2113 500 2194 548 eum

169 571 422 645 Maximiliano
445 597 520 642 nou
544 585 677 642 temere
698 574 951 656 conferendos,
989 600 1080 669 quae
1102 578 1160 646 vel
1206 576 1251 645 iis
1270 578 1332 669 qui
1350 577 1513 668 publicae
1529 576 1635 646 saluti
1651 575 1772 645 infesti
1785 590 1898 649 erant.
1938 574 2118 649 Privatam
2136 580 2194 647 in-

169 669 239 744 boc
258 674 413 766 amplior
434 689 505 760 est,
530 675 627 767 quod
649 674 724 766 ipsa
749 676 796 745 sit
820 676 981 747 omnium
998 673 1158 748 heroica·
1205 677 1335 747 iuriam
1351 677 1492 749 videtur
1509 677 1630 749 tulisse
1645 678 1763 748 minus
1787 699 1905 767 aegre,
1926 703 2033 772 qnam
2055 681 2193 751 soleant

167 798 250 845 rum
266 775 439 847 virtutum
457 799 613 861 summa,
632 801 738 867 prora
754 790 789 847 et
801 779 1007 871 puppis‚nt
1022 781 1154 850 dicunt
1204 780 1311 870 vulgo
1337 776 1476 870 Regum
1498 780 1653 871 ingenia.
1714 778 1784 849 Sed
1810 780 1897 870 quid
1924 804 1998 849 non
2025 780 2193 872 privatim

167 871 313 947 Etenim
326 902 408 948 eum
424 901 541 948 sacrae
561 877 683 948 literae
699 876 817 948 Deum
835 876 922 971 Opt.
937 880 1035 954 Max.
1060 906 1157 951 mor·
1203 883 1312 952 ferret
1338 880 1447 975 isqui
1469 907 1545 951 nou
1568 882 1638 953 sibi
1657 881 1791 951 sciebat
1807 881 1997 972 imperium
2013 883 2104 970 geri,
2131 885 2192 953 sed

167 979 300 1052 talibus
324 979 547 1071 potissimum
573 980 763 1071 praeconio
784 981 991 1054 clementiae
1013 1000 1046 1056 et
1070 988 1155 1078 φιλτ
1203 977 1408 1054 Christiano
1434 984 1586 1076 populo,
1620 985 1692 1053 imo
1713 978 1878 1055 Christo?
1905 1007 1970 1052 uec
1993 984 2090 1053 aliud
2119 1007 2193 1054 csse

168 1077 392 1178 ανθρωπίας
413 1084 679 1171 commendant,
710 1105 783 1152 non
808 1098 922 1173 potest
944 1108 1018 1155 esse
1040 1087 1156 1155 bonus
1203 1081 1356 1174 Regem,
1388 1110 1495 1180 quam
1520 1087 1656 1155 bouum
1678 1086 1992 1176 patremfamilias?
2023 1085 2086 1177 qui
2116 1100 2192 1156 tum

168 1179 360 1276 Princeps,
398 1183 462 1275 qni
491 1207 565 1272 nou
594 1183 700 1274 pleno
731 1199 871 1276 pectore
899 1200 1154 1257 sacrosanctam
1203 1209 1240 1255 se
1263 1189 1405 1256 demum
1427 1188 1570 1258 beatum
1596 1199 1714 1279 putat,
1739 1208 1819 1254 cum
1845 1188 1983 1256 beatam
2003 1188 2102 1258 videt
2127 1211 2190 1257 sua

167 1284 268 1355 illam
285 1284 446 1355 coelestis
469 1279 760 1377 philanthropiae
782 1287 932 1378 speciem
952 1291 1155 1380 complexus
1202 1313 1308 1373 cura,
1334 1290 1407 1358 suis
1424 1289 1599 1373 consiliis,
1622 1311 1685 1356 sua
1704 1287 1879 1357 industria
1897 1288 2081 1358 familiam.
2137 1287 2192 1358 lta

167 1398 229 1458 est.
279 1385 373 1457 Nam
397 1381 462 1456 hac
482 1410 553 1456 una
575 1387 720 1458 iubetur
731 1390 879 1458 maxime
895 1391 1026 1460 referre
1050 1415 1154 1481 supe-
1202 1388 1312 1481 Regis
1334 1405 1402 1476 est,
1428 1415 1500 1461 nou
1529 1390 1679 1460 libidine
1701 1412 1763 1458 sua
1784 1392 1931 1457 modum
1949 1401 2102 1461 statuere
2122 1391 2190 1457 im-

166 1513 250 1565 rum
273 1512 314 1558 ac
336 1486 483 1559 coeleste
506 1512 645 1559 numen·
664 1490 838 1561 interris.
889 1489 1051 1562 Tandem
1070 1515 1153 1562 vero
1202 1493 1327 1583 pariis,
1353 1491 1789 1583 sedcommodopublico.
1842 1488 1925 1578 Quo
1943 1491 2062 1559 minus
2077 1493 2191 1560 bonos

167 1590 298 1662 sedatis
337 1589 513 1661 intestinis
539 1592 713 1676 motibus,
750 1591 994 1684 Burgundiam
1026 1591 1154 1664 Gallus
1202 1606 1310 1684 agunt
1334 1593 1537 1686 Principes,
1571 1595 1635 1687 qui
1659 1592 1729 1662 sibi
1752 1592 1895 1683 quidvis
1916 1589 2023 1661 licere
2046 1606 2191 1684 putant:

166 1691 317 1777 invasit,
339 1693 403 1762 ubi
429 1714 532 1783 saepe
556 1717 636 1763 cnm
660 1687 761 1766 hoste
785 1717 992 1783 congressus
1013 1709 1065 1766 est
1087 1721 1154 1765 no·
1203 1696 1358 1786 peiores,
1385 1697 1515 1788 quibus
1529 1695 1671 1790 quidvis
1687 1694 1794 1777 libet,
1820 1695 1868 1762 ita
1883 1694 2047 1764 videlicet
2069 1694 2191 1763 imbu-

165 1807 255 1879 ater,
285 1794 384 1884 sigua
420 1818 523 1886 saepe
554 1794 692 1866 retulit.
751 1793 795 1865 ln
817 1819 973 1880 summa,
1005 1794 1152 1865 Gallum
1202 1796 1268 1874 tis,
1304 1808 1345 1866 ut
1366 1797 1468 1868 nullo
1492 1797 1696 1866 discrimine
1723 1791 1870 1864 honesta
1896 1819 1937 1863 ac
1960 1794 2099 1886 turpia,
2138 1795 2191 1864 fas

166 1892 363 1966 Germania
380 1895 601 1978 exturbavit,
625 1908 733 1987 atque
748 1892 807 1965 hic
828 1898 972 1988 quidem
990 1909 1041 1966 est
1063 1898 1153 1965 adu-
1202 1897 1301 1969 nefas
1317 1897 1506 1968 misceant:
1533 1899 1595 1991 qui
1618 1922 1654 1967 se
1677 1919 1824 1985 regnare
1845 1921 1920 1965 non
1944 1909 2094 1988 putant,
2120 1898 2191 1966 nisi
2315 1958 2324 1976 ,

162 2097 360 2180 admonui,
385 2120 468 2165 nam
482 2109 523 2166 ut
538 2096 677 2186 singula
691 2097 928 2189 explicentur,
954 2123 1069 2192 neque
1085 2093 1152 2167 boc
1200 2100 1376 2191 exempla,
1418 2100 1493 2187 ius,
1540 2103 1613 2184 fas,
1660 2102 1815 2185 bouum,
1861 2123 2032 2193 aequum,
2080 2100 2191 2190 pium,

161 2200 302 2294 patitur
315 2198 458 2268 dicendi
481 2199 659 2289 spacium,
684 2223 799 2291 neque
815 2199 998 2288 ingenium
1023 2225 1152 2273 meum.
1200 2214 1382 2284 sanctum,
1409 2202 1533 2287 fidem,
1557 2202 1784 2291 religionem,
1810 2202 1964 2296 deniqne
1978 2203 2099 2271 omnia
2121 2226 2190 2292 pu-

163 2300 296 2374 lamet
317 2299 455 2393 reliqua
474 2322 739 2390 percurremus,
764 2301 972 2372 melioribus
990 2303 1074 2371 inde
1092 2325 1149 2370 us-
1198 2303 1290 2371 blica
1316 2316 1351 2372 et
1376 2304 1512 2395 privata
1533 2306 1767 2376 conturbent,
1817 2301 1911 2374 Nolo
1942 2327 2039 2372 nunc
2061 2303 2189 2369 memi-

163 2427 237 2498 que
251 2402 354 2474 anuis
372 2425 455 2472 cum
470 2401 567 2471 bello
586 2413 665 2472 tum
680 2425 763 2492 pace
779 2417 893 2492 gesta,
918 2427 1007 2497 quae
1031 2403 1150 2472 omnia
1198 2404 1292 2472 nisse
1317 2401 1572 2488 Claudiorum,
1594 2404 1800 2488 Neronum,
1824 2402 2033 2487 Commodi,
2060 2401 2189 2471 Helio-

163 2506 346 2595 ingentem
367 2517 403 2574 et
425 2526 507 2572 vere
520 2499 707 2573 horoicum
726 2502 966 2574 Maximiliani
991 2505 1149 2574 animum
1197 2505 1333 2596 gabali,
1356 2503 1591 2591 Diocletiani,
1614 2505 1810 2591 Maxentii,
1835 2520 1868 2575 et
1886 2505 2069 2576 similium.
2116 2501 2189 2596 lpsi

162 2616 331 2697 arguunt.
358 2603 483 2699 ltaque
497 2605 528 2675 is
543 2605 664 2675 indole
679 2604 752 2690 tali,
770 2629 837 2675 usu
852 2630 973 2677 rerum
989 2606 1062 2677 iam
1078 2631 1151 2676 nou
1198 2630 1264 2676 nos
1294 2605 1333 2674 in
1363 2608 1445 2676 sinu
1476 2623 1621 2693 nostro,
1652 2606 1842 2689 Germani,
1876 2607 1938 2701 qni
1971 2606 2188 2676 assuevimus

161 2706 355 2791 mediocri,
382 2731 478 2800 spem
493 2707 549 2778 sui
568 2720 703 2777 tantam
714 2704 930 2779 Germaniae
946 2709 1151 2799 proceribus
1197 2733 1334 2800 semper
1347 2732 1421 2778 esse
1439 2709 1563 2794 liberi,
1589 2711 1676 2779 tales
1699 2709 1828 2779 alimus
1845 2707 2021 2796 Regulos3
2048 2729 2137 2799 quos
2157 2708 2186 2774 si

161 2809 268 2893 fecit,
290 2822 330 2879 ut
343 2833 457 2879 unum
471 2809 624 2878 fascibus
638 2805 833 2895 Romanis,
858 2824 893 2878 et
908 2833 1040 2878 corona
1058 2806 1149 2877 Ger·
1197 2834 1277 2879 cum
1302 2811 1477 2880 maiorum
1504 2813 1715 2880 saevissimis
1742 2827 1775 2879 et
1796 2810 2063 2877 immanissimis
2086 2808 2187 2895 flagi-

160 2910 296 2981 manici
313 2912 413 3003 regni
430 2910 579 2999 dignum
604 2907 817 2976 censuerint.
870 2907 1067 2999 Imperator
1090 2910 1152 2975 de·
1198 2911 1257 2979 tiis
1281 2935 1545 3003 comparemus,
1580 2912 1683 2979 facile
1709 2910 1940 2993 crediderim,
1972 2932 2073 2999 posse
2105 2907 2186 2977 illos

161 3013 342 3103 signatus,
367 3012 463 3101 apud
473 3007 736 3100 Aquisgranum
746 3003 859 3098 Regio
874 3004 1012 3078 honore
1028 3023 1150 3077 anctus
1197 3008 1305 3081 hodie
1329 3012 1367 3079 iu
1394 3035 1583 3081 nnmerum
1607 3013 1784 3081 bonorum
1808 3010 2015 3100 Principum
2036 3010 2186 3078 relatum
2234 3100 2237 3105 Ι

161 3128 234 3200 est,
255 3115 366 3204 idque
385 3122 529 3203 parente
546 3109 646 3194 vivo,
671 3132 761 3201 quae
774 3108 862 3178 raris
877 3109 1049 3179 foelicitas
1065 3134 1150 3179 con·
1198 3113 1257 3182 iri.
1307 3110 1451 3199 Quanto
1462 3114 1575 3183 satius
1595 3127 1670 3184 erat
1687 3112 1871 3202 Principes
1894 3107 2001 3181 huius
2024 3113 2146 3180 aetatis
2167 3134 2185 3179 e

160 3217 257 3306 tigit.
307 3211 470 3283 Primum
489 3212 651 3280 omnium
674 3208 888 3281 Germaniae
910 3224 1040 3280 statum
1062 3236 1148 3281 con·
1199 3213 1438 3283 Maximiliani
1456 3215 1619 3303 ingenio,
1646 3238 1707 3284 sna
1730 3229 1942 3304 temperare,
1966 3229 2007 3282 ut
2031 3237 2185 3306 qnema

158 3315 403 3390 foederatione
426 3310 575 3383 Suevica
605 3312 759 3398 sancita,
791 3315 1034 3398 confirmavit,
1067 3314 1147 3384 utili
1196 3317 1331 3406 superis
1355 3331 1560 3407 acceperant
1580 3330 1733 3406 patrem,
1767 3330 1802 3385 et
1826 3330 2060 3398 servatorem,
2093 3337 2183 3382 eun-

159 3444 249 3493 tane
270 3415 437 3500 consilio,
470 3439 541 3508 quo
567 3411 781 3484 Germaniae
807 3439 889 3506 opes
919 3415 976 3484 v‘el
1007 3415 1148 3507 potissi·
1195 3419 1274 3486 dem
1289 3419 1450 3487 moribus
1471 3415 1667 3502 referrent,
1693 3417 1750 3486 vel
1766 3412 1834 3487 hoc
1850 3417 1976 3501 etiam,
2002 3442 2074 3508 quo
2102 3436 2184 3503 gra-

126 3516 260 3594 'mnm
276 3514 515 3590 communitae
531 3530 632 3586 sunt:
657 3515 728 3585 fnit
748 3517 843 3585 enim
862 3541 901 3586 ea
920 3517 1148 3587 confoedera·
1196 3519 1386 3589 titudinem
1409 3518 1518 3589 animi
1553 3521 1609 3589 sui
1641 3520 1850 3589 coelestibus
1880 3518 2118 3600 declararent,
2154 3516 2184 3585 si

160 3625 215 3697 tio
229 3619 401 3693 hactenns
419 3619 458 3687 in
481 3619 589 3688 rebus
602 3616 723 3689 dubiis
742 3619 974 3689 certissimum
996 3616 1148 3689 Germa-
1195 3621 1297 3689 illum
1322 3621 1372 3690 sic
1394 3636 1508 3693 esseut
1532 3621 1726 3711 complexi,
1750 3633 1790 3690 ut
1814 3621 1889 3689 eius
1911 3643 2017 3711 quam
2032 3618 2183 3685 maxime

160 3727 244 3798 niae
261 3721 496 3816 praesidinm:
518 3714 678 3789 Ostriam
694 3720 824 3789 deinde
839 3722 884 3791 ab
895 3719 1077 3811 Hungaris
1092 3744 1146 3788 as·
1194 3722 1327 3791 similes
1349 3745 1386 3793 se
1406 3724 1549 3798 vellent.
1602 3724 1644 3792 ln
1670 3719 1737 3792 hoe
1761 3746 1840 3791 cum
1864 3742 2002 3809 semper
2021 3716 2184 3807 publicae

161 3827 284 3900 seruit.
334 3822 412 3897 Sub
427 3823 523 3892 idem
541 3834 681 3912 tempus
694 3820 881 3911 imperavit
895 3821 1025 3895 Turris
1042 3835 1147 3892 notae
1194 3824 1315 3893 salutis
1337 3825 1461 3895 arserit
1482 3848 1584 3903 cura,
1617 3820 1710 3890 nihil
1735 3844 1808 3886 non
1834 3822 1956 3887 datum
1992 3829 2043 3887 est
2064 3817 2182 3885 studio

160 3928 313 4000 ferociae
334 3924 492 3996 Baiazita
516 3947 594 4008 rex,
621 3922 683 4016 qui
707 3921 746 3991 in
760 3919 1032 4014 Hellespontum
1050 3947 1147 4011 gras-
1195 3926 1307 4015 pacis,
1334 3923 1498 4012 publicae
1517 3919 1638 4011 pietati
1661 3935 1695 3992 et
1716 3919 1893 4007 religioni.
1946 3917 2024 4011 lpse
2046 3941 2184 4008 semper

161 4044 260 4103 satus
284 4030 398 4113 bello,
431 4023 573 4121 Illyrios
597 4023 740 4093 afflixit:
792 4023 990 4104 Dalmatas,
1017 4026 1145 4091 deinde
1195 4023 1357 4092 iu⁸armis
1370 4022 1458 4106 fuit,
1479 4046 1525 4090 nc
1544 4045 1702 4114 nuquam
1724 4021 1843 4090 subito
1858 4033 1959 4090 motu
1977 4021 2183 4090 turbaretur

162 4156 255 4228 qnae
287 4146 370 4201 sunt
402 4129 442 4198 in
475 4126 618 4196 viciniis
643 4126 820 4215 regiones,
854 4121 1076 4195 Carinthiam
1111 4137 1148 4194 et
1196 4122 1400 4194 Germania.
1455 4122 1533 4214 lpse
1554 4147 1693 4214 seniper
1709 4122 1801 4192 bella
1818 4123 1942 4211 gessit,
1967 4136 2007 4191 ut
2022 4124 2066 4190 ab
2082 4122 2182 4189 omni

160 4230 308 4307 Croatas
340 4229 491 4314 invasit,
521 4231 778 4319 depraedatum
809 4227 951 4296 similis:
1003 4227 1145 4317 pessimi
1194 4239 1290 4296 metu
1306 4226 1482 4296 bellorum
1506 4238 1579 4295 tuta
1595 4241 1683 4295 esset
1701 4222 1912 4295 Germania:
1939 4249 2018 4294 cnm
2036 4221 2182 4292 Geldris

160 4337 279 4408 fuerat
294 4334 443 4425 exempli
459 4354 515 4401 res
530 4331 669 4415 futura,
694 4330 764 4398 nisi
785 4319 1039 4419 irrumpentem
1064 4326 1145 4397 Ma·
1195 4331 1274 4398 ideo
1292 4327 1485 4408 dimicavit,
1505 4351 1551 4395 ne
1567 4328 1732 4395 viciniam
1750 4325 1946 4396 latrociniis
1959 4326 2182 4425 infestarent:

160 4435 367 4510 ximiliauns
389 4427 647 4525 prohibuisset:
682 4431 822 4524 aliquot
846 4431 1044 4501 'l’urcarum
1069 4454 1147 4497 ma·
1194 4455 1273 4500 cum
1293 4428 1486 4513 Helvetiis,
1511 4443 1648 4499 utsuos
1672 4429 1744 4497 avi
1768 4443 1953 4497 assereret:
1979 4423 2059 4496 cum
2077 4425 2182 4495 Pala-

160 4536 281 4632 nipuli
312 4537 351 4604 in
382 4536 465 4627 fuga
497 4534 586 4605 caesi
613 4547 708 4608 sunt.
758 4532 832 4603 lam
857 4547 933 4604 tum
959 4526 1027 4602 hoc
1046 4533 1146 4621 duce,
1194 4534 1272 4604 tino
1293 4532 1395 4612 item,
1418 4554 1464 4599 ne
1486 4531 1525 4599 in
1537 4525 1706 4602 Rhenum
1724 4530 1805 4619 plns
1820 4554 1933 4629 aequo
1954 4541 2182 4616 grassaretur.

163 4638 361 4714 Germania
382 4636 515 4708 Turcas
539 4637 635 4705 vinci
660 4659 761 4726 posse
779 4635 923 4718 didicit,
952 4635 1146 4728 exquibus
1195 4632 1287 4722 Quis
1307 4647 1361 4704 est
1381 4632 1476 4700 enim
1501 4633 1563 4726 qui
1591 4633 1700 4702 nescit
1726 4646 1935 4722 occupatum
1961 4631 1999 4697 in
2026 4626 2183 4712 Geldris,

161 4767 230 4813 nos
247 4740 354 4832 paulo
371 4752 469 4822 ante,
483 4762 619 4831 semper
633 4738 720 4807 alias
735 4744 876 4830 quoqne
893 4736 1052 4822 invictis,
1066 4759 1146 4825 gra·
1196 4738 1238 4805 ad
1261 4735 1523 4826 suscipiendum
1546 4758 1628 4803 cum
1650 4732 1822 4803 Helvetiis
1843 4732 1976 4800 bellum
1999 4731 2095 4819 gravi
2124 4754 2183 4798 re-

162 4833 343 4916 vissimam
367 4841 502 4909 cladem
525 4843 590 4909 sub
604 4838 834 4930 sigismundo
847 4837 996 4909 Caesare
1013 4838 1146 4928 accepi·
1195 4862 1276 4908 rum
1293 4861 1437 4909 suarum
1455 4836 1616 4926 periculo
1631 4834 1787 4905 aSuevis
1804 4847 1986 4903 evocatum
2005 4854 2097 4911 esse,
2119 4833 2181 4924 qui

161 4969 260 5018 mus:
286 4967 410 5014 verum
428 4937 521 5010 nibil
534 4943 649 5012 fuerat
670 4941 818 5033 periculi
834 4941 964 5011 nostris
979 4942 1085 5011 rebus
1106 4964 1147 5008 ex
1195 4941 1266 5009 iam
1290 4955 1373 5010 ante
1394 4938 1526 5007 bellum
1551 4939 1736 5025 gerebant,
1770 4959 1874 5028 quam
1899 4935 1996 5003 illius
2021 4933 2120 5023 signa
2147 4947 2183 5004 et

162 5047 293 5120 Turris
309 5040 377 5117 hoc
392 5045 496 5126 vivo,
520 5067 624 5136 quem
637 5044 770 5113 scilicet
791 5043 860 5111 iam
878 5044 965 5112 olim
987 5042 1146 5132 agnitum
1195 5043 1332 5136 aquilas
1357 5039 1554 5111 vidissent?
1586 5055 1620 5109 et
1646 5063 1725 5107 cum
1758 5035 1929 5107 Palatinis
1953 5034 2182 5126 Principibus

161 5174 239 5221 non
255 5161 386 5218 temere
402 5147 441 5214 in
457 5170 554 5214 arma
572 5146 729 5216 vocaturi
750 5157 866 5216 erant:
894 5158 1027 5214 caetera
1040 5143 1148 5213 Baia-
1195 5160 1276 5214 ante
1298 5145 1409 5214 multa
1431 5143 1475 5210 de
1496 5143 1574 5210 inre
1597 5153 1670 5210 acta
1687 5153 1787 5221 sunt,
1814 5163 1920 5233 quam
1939 5161 2035 5208 arma
2058 5160 2181 5207 move-

162 5255 231 5324 zita
254 5250 425 5333 invictus,
449 5243 557 5317 buius
580 5245 652 5315 vim
668 5270 742 5319 non
763 5248 943 5318 sustinuit.
994 5244 1148 5335 Regres-
1196 5242 1336 5331 rentur,
1361 5249 1508 5316 fortasse
1526 5257 1600 5314 tum
1617 5266 1759 5336 quoque
1777 5264 1964 5333 parsurus,
1991 5239 2062 5309 nisi
2077 5236 2181 5307 Pala-

162 5378 222 5427 sus
239 5352 369 5423 deiude
387 5352 426 5419 in
442 5348 637 5422 Sicambri:
652 5350 785 5420 bellum
800 5351 924 5439 gessit,
944 5373 1016 5442 quo
1034 5360 1150 5418 essent
1195 5349 1311 5418 tinum
1331 5347 1489 5418 converti
1510 5347 1555 5413 ad
1578 5346 1651 5413 vim
1675 5344 1850 5417 sensisset.
1902 5340 1981 5434 Ipse
2004 5336 2071 5407 boc
2095 5337 2181 5420 scio,

162 5455 304 5530 accolae
318 5478 339 5524 a
353 5452 549 5525 latrociniis
564 5450 644 5525 tuti.
696 5448 788 5523 Nam
802 5465 844 5524 nt
862 5453 1004 5524 assiduo
1024 5450 1065 5521 in
1088 5473 1148 5519 ar·
1195 5472 1277 5544 pars
1293 5451 1440 5522 illomm
1452 5447 1640 5534 malorum,
1663 5472 1743 5550 cum
1760 5440 2098 5529 comitiisAugustae
2115 5433 2181 5508 ha·
