<?xml version="1.0" encoding="UTF-8"?>
<!DOCTYPE html PUBLIC "-//W3C//DTD XHTML 1.0 Transitional//EN"
    "http://www.w3.org/TR/xhtml1/DTD/xhtml1-transitional.dtd">
<html xmlns="http://www.w3.org/1999/xhtml" xml:lang="en" lang="en">
 <head>
  <title>
</title>
<meta http-equiv="Content-Type" content="text/html;charset=utf-8" />
  <meta name='ocr-system' content='tesseract 3.04.00' />
  <meta name='ocr-capabilities' content='ocr_page ocr_carea ocr_par ocr_line ocrx_word'/>
</head>
<body>
  <div class='ocr_page' id='page_1' title='image "./philippimelanth21melagoog/philippimelanth21melagoog_0290.png"; bbox 0 0 4732 6030; ppageno 0'>
   <div class='ocr_carea' id='block_1_1' title="bbox 95 234 2133 372">
    <p class='ocr_par' dir='ltr' id='par_1_1' title="bbox 95 234 2133 372">
     <span class='ocr_line' id='line_1_1' title="bbox 95 234 2133 372; baseline -0.005 -12"><span class='ocrx_word' id='word_1_1' title='bbox 95 286 170 363; x_wconf 81' lang='lat' dir='ltr'>sse</span> <span class='ocrx_word' id='word_1_2' title='bbox 369 234 377 241; x_wconf 55' lang='grc'><strong>”</strong></span> <span class='ocrx_word' id='word_1_3' title='bbox 476 277 640 355; x_wconf 73' lang='lat' dir='ltr'>nuce.</span> <span class='ocrx_word' id='word_1_4' title='bbox 687 277 761 354; x_wconf 81' lang='lat' dir='ltr'>nu</span> <span class='ocrx_word' id='word_1_5' title='bbox 798 273 1153 372; x_wconf 81' lang='lat' dir='ltr'>anoutrarn</span> <span class='ocrx_word' id='word_1_6' title='bbox 1184 270 1258 346; x_wconf 82' lang='lat' dir='ltr'>ur</span> <span class='ocrx_word' id='word_1_7' title='bbox 1293 269 1437 347; x_wconf 78' lang='lat' dir='ltr'>tuus</span> <span class='ocrx_word' id='word_1_8' title='bbox 1468 270 1746 351; x_wconf 79' lang='lat' dir='ltr'>srmone.</span> <span class='ocrx_word' id='word_1_9' title='bbox 2058 275 2133 352; x_wconf 84' lang='lat'>554</span> 
     </span>
    </p>
   </div>
   <div class='ocr_carea' id='block_1_2' title="bbox 85 445 2221 5504">
    <p class='ocr_par' dir='ltr' id='par_1_2' title="bbox 96 445 2130 848">
     <span class='ocr_line' id='line_1_2' title="bbox 96 445 2128 548; baseline -0.005 -20"><span class='ocrx_word' id='word_1_10' title='bbox 96 481 159 528; x_wconf 89' lang='lat' dir='ltr'>nes</span> <span class='ocrx_word' id='word_1_11' title='bbox 175 456 376 548; x_wconf 86' lang='lat' dir='ltr'>inspeciem</span> <span class='ocrx_word' id='word_1_12' title='bbox 392 453 613 544; x_wconf 88' lang='lat' dir='ltr'>probabiles,</span> <span class='ocrx_word' id='word_1_13' title='bbox 637 452 675 522; x_wconf 91' lang='lat' dir='ltr'>in</span> <span class='ocrx_word' id='word_1_14' title='bbox 696 446 937 522; x_wconf 88' lang='lat' dir='ltr'>humanarum</span> <span class='ocrx_word' id='word_1_15' title='bbox 960 450 1090 520; x_wconf 85' lang='lat' dir='ltr'>volun·</span> <span class='ocrx_word' id='word_1_16' title='bbox 1111 448 1117 529; x_wconf 67' lang='lat' dir='ltr'>l</span> <span class='ocrx_word' id='word_1_17' title='bbox 1141 445 1233 513; x_wconf 91' lang='lat' dir='ltr'>ferre</span> <span class='ocrx_word' id='word_1_18' title='bbox 1247 447 1289 514; x_wconf 89' lang='lat' dir='ltr'>ad</span> <span class='ocrx_word' id='word_1_19' title='bbox 1309 468 1426 514; x_wconf 90' lang='lat' dir='ltr'>casum</span> <span class='ocrx_word' id='word_1_20' title='bbox 1443 446 1598 515; x_wconf 89' lang='lat' dir='ltr'>alienum</span> <span class='ocrx_word' id='word_1_21' title='bbox 1617 471 1635 514; x_wconf 95' lang='lat' dir='ltr'>a</span> <span class='ocrx_word' id='word_1_22' title='bbox 1654 446 1843 539; x_wconf 90' lang='lat' dir='ltr'>principali</span> <span class='ocrx_word' id='word_1_23' title='bbox 1865 449 2062 520; x_wconf 88' lang='lat' dir='ltr'>intentione</span> <span class='ocrx_word' id='word_1_24' title='bbox 2080 450 2128 518; x_wconf 89' lang='lat' dir='ltr'>le-</span> 
     </span>
     <span class='ocr_line' id='line_1_3' title="bbox 96 542 2130 647; baseline -0.007 -19"><span class='ocrx_word' id='word_1_25' title='bbox 96 573 207 640; x_wconf 89' lang='lat' dir='ltr'>tatum</span> <span class='ocrx_word' id='word_1_26' title='bbox 223 556 441 639; x_wconf 79' lang='lat' dir='ltr'><strong>actionibus,</strong></span> <span class='ocrx_word' id='word_1_27' title='bbox 466 579 556 647; x_wconf 88' lang='lat' dir='ltr'>quae</span> <span class='ocrx_word' id='word_1_28' title='bbox 573 577 635 623; x_wconf 89' lang='lat' dir='ltr'>sua</span> <span class='ocrx_word' id='word_1_29' title='bbox 650 566 778 623; x_wconf 91' lang='lat' dir='ltr'>natura</span> <span class='ocrx_word' id='word_1_30' title='bbox 795 554 989 622; x_wconf 82' lang='lat' dir='ltr'><strong>admodum</strong></span> <span class='ocrx_word' id='word_1_31' title='bbox 1007 563 1091 620; x_wconf 89' lang='lat' dir='ltr'>sunt</span> <span class='ocrx_word' id='word_1_32' title='bbox 1140 547 1206 636; x_wconf 88' lang='lat' dir='ltr'>gis.</span> <span class='ocrx_word' id='word_1_33' title='bbox 1266 542 1354 616; x_wconf 87' lang='lat' dir='ltr'>Erat</span> <span class='ocrx_word' id='word_1_34' title='bbox 1382 547 1420 614; x_wconf 94' lang='lat' dir='ltr'>in</span> <span class='ocrx_word' id='word_1_35' title='bbox 1442 548 1527 638; x_wconf 57' lang='lat' dir='ltr'>tlege</span> <span class='ocrx_word' id='word_1_36' title='bbox 1551 547 1698 620; x_wconf 89' lang='lat' dir='ltr'>Sabbati</span> <span class='ocrx_word' id='word_1_37' title='bbox 1727 551 1933 642; x_wconf 86' lang='lat' dir='ltr'>principalis</span> <span class='ocrx_word' id='word_1_38' title='bbox 1962 552 2130 621; x_wconf 83' lang='lat' dir='ltr'>intentio:</span> 
     </span>
     <span class='ocr_line' id='line_1_4' title="bbox 97 640 2128 748; baseline -0.004 -19"><span class='ocrx_word' id='word_1_39' title='bbox 97 660 284 743; x_wconf 83' lang='lat' dir='ltr'>flexibiles,</span> <span class='ocrx_word' id='word_1_40' title='bbox 310 671 344 727; x_wconf 91' lang='lat' dir='ltr'>ct</span> <span class='ocrx_word' id='word_1_41' title='bbox 367 668 513 748; x_wconf 88' lang='lat' dir='ltr'>propter</span> <span class='ocrx_word' id='word_1_42' title='bbox 532 655 736 727; x_wconf 86' lang='lat' dir='ltr'>varietatem</span> <span class='ocrx_word' id='word_1_43' title='bbox 759 678 947 725; x_wconf 90' lang='lat' dir='ltr'>causarum</span> <span class='ocrx_word' id='word_1_44' title='bbox 970 666 1005 724; x_wconf 90' lang='lat' dir='ltr'>et</span> <span class='ocrx_word' id='word_1_45' title='bbox 1019 653 1090 722; x_wconf 91' lang='lat' dir='ltr'>cir·</span> <span class='ocrx_word' id='word_1_46' title='bbox 1112 650 1116 681; x_wconf 72' lang='lat'><strong>⁹</strong></span> <span class='ocrx_word' id='word_1_47' title='bbox 1142 640 1338 718; x_wconf 79' lang='lat' dir='ltr'>Prohibere</span> <span class='ocrx_word' id='word_1_48' title='bbox 1354 671 1478 738; x_wconf 80' lang='lat' dir='ltr'>operas</span> <span class='ocrx_word' id='word_1_49' title='bbox 1500 650 1663 735; x_wconf 78' lang='lat' dir='ltr'>serviles,</span> <span class='ocrx_word' id='word_1_50' title='bbox 1690 645 1838 733; x_wconf 76' lang='lat' dir='ltr'>horest,</span> <span class='ocrx_word' id='word_1_51' title='bbox 1865 655 2040 735; x_wconf 88' lang='lat' dir='ltr'>assiduas,</span> <span class='ocrx_word' id='word_1_52' title='bbox 2068 654 2128 722; x_wconf 89' lang='lat' dir='ltr'>ab·</span> 
     </span>
     <span class='ocr_line' id='line_1_5' title="bbox 97 750 2129 848; baseline -0.005 -16"><span class='ocrx_word' id='word_1_53' title='bbox 97 760 377 832; x_wconf 90' lang='lat' dir='ltr'>cunstantiarum</span> <span class='ocrx_word' id='word_1_54' title='bbox 391 757 517 847; x_wconf 89' lang='lat' dir='ltr'>agitari</span> <span class='ocrx_word' id='word_1_55' title='bbox 532 758 629 826; x_wconf 87' lang='lat' dir='ltr'>varie</span> <span class='ocrx_word' id='word_1_56' title='bbox 647 768 807 848; x_wconf 80' lang='lat' dir='ltr'>possunt.</span> <span class='ocrx_word' id='word_1_57' title='bbox 1140 750 1307 818; x_wconf 90' lang='lat' dir='ltr'>ducentes</span> <span class='ocrx_word' id='word_1_58' title='bbox 1321 772 1341 817; x_wconf 90' lang='lat' dir='ltr'>a</span> <span class='ocrx_word' id='word_1_59' title='bbox 1354 752 1562 820; x_wconf 85' lang='lat' dir='ltr'>ceremoniis</span> <span class='ocrx_word' id='word_1_60' title='bbox 1578 752 1720 824; x_wconf 82' lang='lat' dir='ltr'>divinis.</span> <span class='ocrx_word' id='word_1_61' title='bbox 1773 751 1837 822; x_wconf 85' lang='lat' dir='ltr'>Est</span> <span class='ocrx_word' id='word_1_62' title='bbox 1854 754 1960 842; x_wconf 85' lang='lat' dir='ltr'>igitur</span> <span class='ocrx_word' id='word_1_63' title='bbox 1969 755 2129 824; x_wconf 87' lang='lat' dir='ltr'>strictum</span> 
     </span>
    </p>

    <p class='ocr_par' dir='ltr' id='par_1_3' title="bbox 92 850 2221 4268">
     <span class='ocr_line' id='line_1_6' title="bbox 197 850 2131 949; baseline -0.004 -19"><span class='ocrx_word' id='word_1_64' title='bbox 197 859 318 949; x_wconf 81' lang='lat' dir='ltr'>Quare</span> <span class='ocrx_word' id='word_1_65' title='bbox 340 859 518 927; x_wconf 91' lang='lat' dir='ltr'>laudanda</span> <span class='ocrx_word' id='word_1_66' title='bbox 550 872 602 928; x_wconf 92' lang='lat' dir='ltr'>est</span> <span class='ocrx_word' id='word_1_67' title='bbox 625 853 900 928; x_wconf 72' lang='lat' dir='ltr'>Atheniensium</span> <span class='ocrx_word' id='word_1_68' title='bbox 926 854 1089 945; x_wconf 88' lang='lat' dir='ltr'>gravitas,</span> <span class='ocrx_word' id='word_1_69' title='bbox 1141 850 1214 935; x_wconf 88' lang='lat' dir='ltr'>ius,</span> <span class='ocrx_word' id='word_1_70' title='bbox 1240 850 1275 918; x_wconf 95' lang='lat' dir='ltr'>id</span> <span class='ocrx_word' id='word_1_71' title='bbox 1290 864 1340 920; x_wconf 88' lang='lat' dir='ltr'>est</span> <span class='ocrx_word' id='word_1_72' title='bbox 1354 851 1629 937; x_wconf 91' lang='lat' dir='ltr'>calumniosum,</span> <span class='ocrx_word' id='word_1_73' title='bbox 1655 855 1839 945; x_wconf 91' lang='lat' dir='ltr'>complecti</span> <span class='ocrx_word' id='word_1_74' title='bbox 1853 879 1952 925; x_wconf 89' lang='lat' dir='ltr'>casus</span> <span class='ocrx_word' id='word_1_75' title='bbox 1965 869 2131 940; x_wconf 88' lang='lat' dir='ltr'>caeteros,</span> 
     </span>
     <span class='ocr_line' id='line_1_7' title="bbox 96 951 2130 1055; baseline -0.003 -22"><span class='ocrx_word' id='word_1_76' title='bbox 96 964 158 1055; x_wconf 90' lang='lat' dir='ltr'>qui</span> <span class='ocrx_word' id='word_1_77' title='bbox 176 962 251 1051; x_wconf 85' lang='lat' dir='ltr'>lege</span> <span class='ocrx_word' id='word_1_78' title='bbox 266 961 544 1039; x_wconf 88' lang='lat' dir='ltr'>constituerunt,</span> <span class='ocrx_word' id='word_1_79' title='bbox 569 972 610 1028; x_wconf 91' lang='lat' dir='ltr'>ut</span> <span class='ocrx_word' id='word_1_80' title='bbox 623 959 705 1028; x_wconf 91' lang='lat' dir='ltr'>lecti</span> <span class='ocrx_word' id='word_1_81' title='bbox 722 959 857 1029; x_wconf 91' lang='lat' dir='ltr'>iudices</span> <span class='ocrx_word' id='word_1_82' title='bbox 875 958 1032 1026; x_wconf 91' lang='lat' dir='ltr'>iurarent</span> <span class='ocrx_word' id='word_1_83' title='bbox 1054 979 1090 1023; x_wconf 90' lang='lat' dir='ltr'>se</span> <span class='ocrx_word' id='word_1_84' title='bbox 1140 951 1176 1020; x_wconf 91' lang='lat' dir='ltr'>id</span> <span class='ocrx_word' id='word_1_85' title='bbox 1193 963 1243 1020; x_wconf 90' lang='lat' dir='ltr'>est</span> <span class='ocrx_word' id='word_1_86' title='bbox 1260 953 1470 1023; x_wconf 81' lang='lat' dir='ltr'>domesticae</span> <span class='ocrx_word' id='word_1_87' title='bbox 1482 956 1695 1026; x_wconf 72' lang='lat' dir='ltr'>necessitatis</span> <span class='ocrx_word' id='word_1_88' title='bbox 1709 980 1849 1046; x_wconf 87' lang='lat' dir='ltr'>operas,</span> <span class='ocrx_word' id='word_1_89' title='bbox 1873 983 1963 1052; x_wconf 89' lang='lat' dir='ltr'>quae</span> <span class='ocrx_word' id='word_1_90' title='bbox 1977 983 2050 1027; x_wconf 92' lang='lat' dir='ltr'>uon</span> <span class='ocrx_word' id='word_1_91' title='bbox 2066 959 2130 1026; x_wconf 89' lang='lat' dir='ltr'>ab·</span> 
     </span>
     <span class='ocr_line' id='line_1_8' title="bbox 96 1051 2131 1154; baseline -0.003 -21"><span class='ocrx_word' id='word_1_92' title='bbox 96 1064 392 1154; x_wconf 88' lang='lat' dir='ltr'>pronunciaturos</span> <span class='ocrx_word' id='word_1_93' title='bbox 408 1083 481 1131; x_wconf 88' lang='lat' dir='ltr'>esse</span> <span class='ocrx_word' id='word_1_94' title='bbox 497 1061 592 1130; x_wconf 86' lang='lat' dir='ltr'>iuxta</span> <span class='ocrx_word' id='word_1_95' title='bbox 607 1061 719 1148; x_wconf 87' lang='lat' dir='ltr'>leges,</span> <span class='ocrx_word' id='word_1_96' title='bbox 744 1054 899 1142; x_wconf 82' lang='lat' dir='ltr'>horest,</span> <span class='ocrx_word' id='word_1_97' title='bbox 924 1083 996 1127; x_wconf 90' lang='lat' dir='ltr'>non</span> <span class='ocrx_word' id='word_1_98' title='bbox 1015 1057 1090 1149; x_wconf 88' lang='lat' dir='ltr'>pri·</span> <span class='ocrx_word' id='word_1_99' title='bbox 1140 1051 1275 1123; x_wconf 82' lang='lat' dir='ltr'>du&#39;cunt</span> <span class='ocrx_word' id='word_1_100' title='bbox 1299 1077 1318 1121; x_wconf 93' lang='lat' dir='ltr'>a</span> <span class='ocrx_word' id='word_1_101' title='bbox 1340 1057 1560 1129; x_wconf 86' lang='lat' dir='ltr'>ceremoniis.</span> <span class='ocrx_word' id='word_1_102' title='bbox 1619 1056 1740 1151; x_wconf 91' lang='lat' dir='ltr'>ltaque</span> <span class='ocrx_word' id='word_1_103' title='bbox 1770 1073 1889 1128; x_wconf 89' lang='lat' dir='ltr'>noster</span> <span class='ocrx_word' id='word_1_104' title='bbox 1907 1074 2020 1129; x_wconf 85' lang='lat' dir='ltr'>textus</span> <span class='ocrx_word' id='word_1_105' title='bbox 2050 1082 2131 1128; x_wconf 89' lang='lat' dir='ltr'>sen-</span> 
     </span>
     <span class='ocr_line' id='line_1_9' title="bbox 96 1155 2130 1253; baseline -0.001 -20"><span class='ocrx_word' id='word_1_106' title='bbox 96 1178 174 1236; x_wconf 87' lang='lat' dir='ltr'>vato</span> <span class='ocrx_word' id='word_1_107' title='bbox 192 1166 362 1246; x_wconf 91' lang='lat' dir='ltr'>arbitrio,</span> <span class='ocrx_word' id='word_1_108' title='bbox 388 1186 462 1230; x_wconf 92' lang='lat' dir='ltr'>non</span> <span class='ocrx_word' id='word_1_109' title='bbox 478 1163 721 1231; x_wconf 88' lang='lat' dir='ltr'>commenticia</span> <span class='ocrx_word' id='word_1_110' title='bbox 737 1162 856 1253; x_wconf 91' lang='lat' dir='ltr'>aliqua</span> <span class='ocrx_word' id='word_1_111' title='bbox 876 1160 993 1250; x_wconf 89' lang='lat' dir='ltr'>legum</span> <span class='ocrx_word' id='word_1_112' title='bbox 1010 1184 1090 1227; x_wconf 89' lang='lat' dir='ltr'>mo·</span> <span class='ocrx_word' id='word_1_113' title='bbox 1139 1155 1284 1223; x_wconf 90' lang='lat' dir='ltr'>tentiam</span> <span class='ocrx_word' id='word_1_114' title='bbox 1316 1155 1439 1223; x_wconf 92' lang='lat' dir='ltr'>utilem</span> <span class='ocrx_word' id='word_1_115' title='bbox 1470 1158 1583 1242; x_wconf 90' lang='lat' dir='ltr'>vitae,</span> <span class='ocrx_word' id='word_1_116' title='bbox 1622 1161 1799 1245; x_wconf 88' lang='lat' dir='ltr'>moribus,</span> <span class='ocrx_word' id='word_1_117' title='bbox 1843 1162 1919 1251; x_wconf 90' lang='lat' dir='ltr'>paci</span> <span class='ocrx_word' id='word_1_118' title='bbox 1957 1162 2130 1230; x_wconf 83' lang='lat' dir='ltr'>continet.</span> 
     </span>
     <span class='ocr_line' id='line_1_10' title="bbox 97 1252 2129 1356; baseline -0.002 -21"><span class='ocrx_word' id='word_1_119' title='bbox 97 1266 289 1338; x_wconf 89' lang='lat' dir='ltr'>deratione.</span> <span class='ocrx_word' id='word_1_120' title='bbox 343 1259 569 1353; x_wconf 84' lang='lat' dir='ltr'>Experientia</span> <span class='ocrx_word' id='word_1_121' title='bbox 597 1262 719 1334; x_wconf 91' lang='lat' dir='ltr'>docuit</span> <span class='ocrx_word' id='word_1_122' title='bbox 740 1263 849 1331; x_wconf 87' lang='lat' dir='ltr'>vitam</span> <span class='ocrx_word' id='word_1_123' title='bbox 884 1285 958 1331; x_wconf 94' lang='lat' dir='ltr'>non</span> <span class='ocrx_word' id='word_1_124' title='bbox 987 1283 1088 1350; x_wconf 89' lang='lat' dir='ltr'>posse</span> <span class='ocrx_word' id='word_1_125' title='bbox 1139 1252 1229 1324; x_wconf 88' lang='lat' dir='ltr'>Cum</span> <span class='ocrx_word' id='word_1_126' title='bbox 1258 1256 1356 1325; x_wconf 90' lang='lat' dir='ltr'>iubet</span> <span class='ocrx_word' id='word_1_127' title='bbox 1384 1256 1547 1347; x_wconf 87' lang='lat' dir='ltr'>scriptam</span> <span class='ocrx_word' id='word_1_128' title='bbox 1576 1262 1785 1353; x_wconf 85' lang='lat' dir='ltr'>aequitatem</span> <span class='ocrx_word' id='word_1_129' title='bbox 1809 1263 1926 1356; x_wconf 88' lang='lat' dir='ltr'>sequi,</span> <span class='ocrx_word' id='word_1_130' title='bbox 1963 1256 2129 1355; x_wconf 90' lang='lat' dir='ltr'>prohibet</span> 
     </span>
     <span class='ocr_line' id='line_1_11' title="bbox 96 1358 2129 1455; baseline -0.003 -18"><span class='ocrx_word' id='word_1_131' title='bbox 96 1391 212 1437; x_wconf 86' lang='lat' dir='ltr'>carere</span> <span class='ocrx_word' id='word_1_132' title='bbox 229 1365 357 1455; x_wconf 84' lang='lat' dir='ltr'>scripto</span> <span class='ocrx_word' id='word_1_133' title='bbox 375 1365 470 1447; x_wconf 88' lang='lat' dir='ltr'>iure,</span> <span class='ocrx_word' id='word_1_134' title='bbox 491 1364 551 1432; x_wconf 93' lang='lat' dir='ltr'>sed</span> <span class='ocrx_word' id='word_1_135' title='bbox 570 1387 633 1433; x_wconf 90' lang='lat' dir='ltr'>vos</span> <span class='ocrx_word' id='word_1_136' title='bbox 649 1387 723 1433; x_wconf 93' lang='lat' dir='ltr'>non</span> <span class='ocrx_word' id='word_1_137' title='bbox 737 1364 855 1447; x_wconf 55' lang='lat' dir='ltr'>¹solum</span> <span class='ocrx_word' id='word_1_138' title='bbox 873 1361 1089 1453; x_wconf 86' lang='lat' dir='ltr'>experientia</span> <span class='ocrx_word' id='word_1_139' title='bbox 1140 1358 1343 1451; x_wconf 89' lang='lat' dir='ltr'>tyrannides</span> <span class='ocrx_word' id='word_1_140' title='bbox 1379 1370 1414 1425; x_wconf 90' lang='lat' dir='ltr'>et</span> <span class='ocrx_word' id='word_1_141' title='bbox 1440 1361 1643 1449; x_wconf 87' lang='lat' dir='ltr'>potentibus</span> <span class='ocrx_word' id='word_1_142' title='bbox 1671 1363 1810 1432; x_wconf 89' lang='lat' dir='ltr'>frenum</span> <span class='ocrx_word' id='word_1_143' title='bbox 1842 1364 1974 1448; x_wconf 81' lang='lat' dir='ltr'>inlicit,</span> <span class='ocrx_word' id='word_1_144' title='bbox 2010 1388 2055 1431; x_wconf 91' lang='lat' dir='ltr'>ne</span> <span class='ocrx_word' id='word_1_145' title='bbox 2088 1387 2129 1431; x_wconf 89' lang='lat' dir='ltr'>ex</span> 
     </span>
     <span class='ocr_line' id='line_1_12' title="bbox 95 1458 2131 1554; baseline -0.003 -18"><span class='ocrx_word' id='word_1_146' title='bbox 95 1467 326 1551; x_wconf 85' lang='lat' dir='ltr'>moveamini,</span> <span class='ocrx_word' id='word_1_147' title='bbox 361 1467 422 1534; x_wconf 92' lang='lat' dir='ltr'>sed</span> <span class='ocrx_word' id='word_1_148' title='bbox 456 1465 568 1533; x_wconf 90' lang='lat' dir='ltr'>multo</span> <span class='ocrx_word' id='word_1_149' title='bbox 596 1465 708 1554; x_wconf 88' lang='lat' dir='ltr'>magis</span> <span class='ocrx_word' id='word_1_150' title='bbox 742 1465 925 1534; x_wconf 90' lang='lat' dir='ltr'>voluntate</span> <span class='ocrx_word' id='word_1_151' title='bbox 951 1463 1088 1533; x_wconf 86' lang='lat' dir='ltr'>divina:</span> <span class='ocrx_word' id='word_1_152' title='bbox 1139 1459 1277 1548; x_wconf 89' lang='lat' dir='ltr'>privato</span> <span class='ocrx_word' id='word_1_153' title='bbox 1299 1458 1447 1528; x_wconf 89' lang='lat' dir='ltr'>arbitrio</span> <span class='ocrx_word' id='word_1_154' title='bbox 1475 1485 1530 1529; x_wconf 90' lang='lat' dir='ltr'>res</span> <span class='ocrx_word' id='word_1_155' title='bbox 1554 1462 1723 1537; x_wconf 88' lang='lat' dir='ltr'>indicent.</span> <span class='ocrx_word' id='word_1_156' title='bbox 1782 1464 2077 1535; x_wconf 84' lang='lat' dir='ltr'>Deusenimvult</span> <span class='ocrx_word' id='word_1_157' title='bbox 2096 1478 2131 1533; x_wconf 88' lang='lat' dir='ltr'>et</span> 
     </span>
     <span class='ocr_line' id='line_1_13' title="bbox 94 1560 2130 1659; baseline -0.002 -21"><span class='ocrx_word' id='word_1_158' title='bbox 94 1567 191 1638; x_wconf 89' lang='lat' dir='ltr'>Dens</span> <span class='ocrx_word' id='word_1_159' title='bbox 215 1569 290 1637; x_wconf 92' lang='lat' dir='ltr'>vult</span> <span class='ocrx_word' id='word_1_160' title='bbox 312 1567 441 1658; x_wconf 89' lang='lat' dir='ltr'>scripto</span> <span class='ocrx_word' id='word_1_161' title='bbox 466 1566 543 1634; x_wconf 89' lang='lat' dir='ltr'>iure</span> <span class='ocrx_word' id='word_1_162' title='bbox 570 1566 679 1635; x_wconf 89' lang='lat' dir='ltr'>vitam</span> <span class='ocrx_word' id='word_1_163' title='bbox 702 1568 793 1655; x_wconf 89' lang='lat' dir='ltr'>regi,</span> <span class='ocrx_word' id='word_1_164' title='bbox 825 1591 844 1634; x_wconf 94' lang='lat' dir='ltr'>a</span> <span class='ocrx_word' id='word_1_165' title='bbox 872 1590 942 1659; x_wconf 92' lang='lat' dir='ltr'>quo</span> <span class='ocrx_word' id='word_1_166' title='bbox 964 1565 1090 1634; x_wconf 89' lang='lat' dir='ltr'>silicet</span> <span class='ocrx_word' id='word_1_167' title='bbox 1139 1560 1234 1650; x_wconf 89' lang='lat' dir='ltr'>ipsos</span> <span class='ocrx_word' id='word_1_168' title='bbox 1252 1562 1504 1649; x_wconf 91' lang='lat' dir='ltr'>gubernatores</span> <span class='ocrx_word' id='word_1_169' title='bbox 1518 1564 1629 1632; x_wconf 89' lang='lat' dir='ltr'>teneri</span> <span class='ocrx_word' id='word_1_170' title='bbox 1647 1563 1800 1653; x_wconf 88' lang='lat' dir='ltr'>legibus,</span> <span class='ocrx_word' id='word_1_171' title='bbox 1825 1591 1899 1634; x_wconf 93' lang='lat' dir='ltr'>non</span> <span class='ocrx_word' id='word_1_172' title='bbox 1923 1566 1998 1634; x_wconf 91' lang='lat' dir='ltr'>vult</span> <span class='ocrx_word' id='word_1_173' title='bbox 2014 1588 2130 1635; x_wconf 90' lang='lat' dir='ltr'>caecas</span> 
     </span>
     <span class='ocr_line' id='line_1_14' title="bbox 95 1662 2129 1758; baseline -0.001 -20"><span class='ocrx_word' id='word_1_174' title='bbox 95 1671 274 1740; x_wconf 85' lang='lat' dir='ltr'>discedere</span> <span class='ocrx_word' id='word_1_175' title='bbox 297 1669 435 1758; x_wconf 90' lang='lat' dir='ltr'>privato</span> <span class='ocrx_word' id='word_1_176' title='bbox 466 1667 633 1748; x_wconf 89' lang='lat' dir='ltr'>arbitrio,</span> <span class='ocrx_word' id='word_1_177' title='bbox 667 1667 756 1736; x_wconf 90' lang='lat' dir='ltr'>levis</span> <span class='ocrx_word' id='word_1_178' title='bbox 779 1667 847 1737; x_wconf 91' lang='lat' dir='ltr'>erit</span> <span class='ocrx_word' id='word_1_179' title='bbox 873 1668 928 1734; x_wconf 89' lang='lat' dir='ltr'>ius</span> <span class='ocrx_word' id='word_1_180' title='bbox 952 1665 1090 1736; x_wconf 88' lang='lat' dir='ltr'>autori·</span> <span class='ocrx_word' id='word_1_181' title='bbox 1139 1684 1262 1750; x_wconf 78' lang='lat' dir='ltr'>eorum</span> <span class='ocrx_word' id='word_1_182' title='bbox 1284 1662 1494 1753; x_wconf 87' lang='lat' dir='ltr'>cupiditates</span> <span class='ocrx_word' id='word_1_183' title='bbox 1518 1665 1715 1751; x_wconf 88' lang='lat' dir='ltr'>dominari,</span> <span class='ocrx_word' id='word_1_184' title='bbox 1748 1668 1826 1736; x_wconf 88' lang='lat' dir='ltr'>vult</span> <span class='ocrx_word' id='word_1_185' title='bbox 1847 1668 1984 1758; x_wconf 85' lang='lat' dir='ltr'>legibus</span> <span class='ocrx_word' id='word_1_186' title='bbox 1998 1668 2129 1735; x_wconf 88' lang='lat' dir='ltr'>civium</span> 
     </span>
     <span class='ocr_line' id='line_1_15' title="bbox 95 1761 2130 1863; baseline 0 -26"><span class='ocrx_word' id='word_1_187' title='bbox 95 1784 167 1854; x_wconf 88' lang='lat' dir='ltr'>tas,</span> <span class='ocrx_word' id='word_1_188' title='bbox 193 1785 226 1840; x_wconf 89' lang='lat' dir='ltr'>et</span> <span class='ocrx_word' id='word_1_189' title='bbox 248 1769 473 1863; x_wconf 91' lang='lat' dir='ltr'>quantumin</span> <span class='ocrx_word' id='word_1_190' title='bbox 491 1770 650 1860; x_wconf 84' lang='lat' dir='ltr'>exemplo</span> <span class='ocrx_word' id='word_1_191' title='bbox 671 1769 755 1837; x_wconf 91' lang='lat' dir='ltr'>mali</span> <span class='ocrx_word' id='word_1_192' title='bbox 772 1782 834 1841; x_wconf 89' lang='lat' dir='ltr'>est.</span> <span class='ocrx_word' id='word_1_193' title='bbox 886 1765 1024 1836; x_wconf 88' lang='lat' dir='ltr'>Deinde</span> <span class='ocrx_word' id='word_1_194' title='bbox 1039 1763 1089 1835; x_wconf 91' lang='lat' dir='ltr'>ita</span> <span class='ocrx_word' id='word_1_195' title='bbox 1138 1761 1268 1844; x_wconf 85' lang='lat' dir='ltr'>vitem,</span> <span class='ocrx_word' id='word_1_196' title='bbox 1294 1787 1458 1852; x_wconf 87' lang='lat' dir='ltr'>corpora,</span> <span class='ocrx_word' id='word_1_197' title='bbox 1483 1766 1662 1851; x_wconf 87' lang='lat' dir='ltr'>fortunas,</span> <span class='ocrx_word' id='word_1_198' title='bbox 1689 1769 1870 1837; x_wconf 91' lang='lat' dir='ltr'>connubia</span> <span class='ocrx_word' id='word_1_199' title='bbox 1887 1769 2022 1837; x_wconf 87' lang='lat' dir='ltr'>munita</span> <span class='ocrx_word' id='word_1_200' title='bbox 2045 1791 2130 1839; x_wconf 85' lang='lat' dir='ltr'>esse.</span> 
     </span>
     <span class='ocr_line' id='line_1_16' title="bbox 96 1861 2130 1959; baseline -0.001 -20"><span class='ocrx_word' id='word_1_201' title='bbox 96 1872 228 1952; x_wconf 89' lang='lat' dir='ltr'>sentio,</span> <span class='ocrx_word' id='word_1_202' title='bbox 255 1885 296 1940; x_wconf 94' lang='lat' dir='ltr'>ut</span> <span class='ocrx_word' id='word_1_203' title='bbox 311 1869 535 1959; x_wconf 87' lang='lat' dir='ltr'>Magistratui</span> <span class='ocrx_word' id='word_1_204' title='bbox 551 1870 706 1940; x_wconf 82' lang='lat' dir='ltr'>osticium</span> <span class='ocrx_word' id='word_1_205' title='bbox 727 1882 819 1938; x_wconf 89' lang='lat' dir='ltr'>recte</span> <span class='ocrx_word' id='word_1_206' title='bbox 836 1866 1089 1959; x_wconf 88' lang='lat' dir='ltr'>facientiDeus</span> <span class='ocrx_word' id='word_1_207' title='bbox 1138 1861 1220 1930; x_wconf 84' lang='lat' dir='ltr'>Non</span> <span class='ocrx_word' id='word_1_208' title='bbox 1244 1862 1351 1950; x_wconf 90' lang='lat' dir='ltr'>igitur</span> <span class='ocrx_word' id='word_1_209' title='bbox 1373 1867 1584 1933; x_wconf 89' lang='lat' dir='ltr'>sumendum</span> <span class='ocrx_word' id='word_1_210' title='bbox 1608 1883 1657 1937; x_wconf 91' lang='lat' dir='ltr'>est</span> <span class='ocrx_word' id='word_1_211' title='bbox 1681 1893 1721 1936; x_wconf 78' lang='lat' dir='ltr'>ex</span> <span class='ocrx_word' id='word_1_212' title='bbox 1747 1870 1972 1940; x_wconf 86' lang='lat' dir='ltr'>facultatibus</span> <span class='ocrx_word' id='word_1_213' title='bbox 1999 1870 2130 1937; x_wconf 89' lang='lat' dir='ltr'>civium</span> 
     </span>
     <span class='ocr_line' id='line_1_17' title="bbox 95 1963 2129 2063; baseline -0.001 -22"><span class='ocrx_word' id='word_1_214' title='bbox 95 1997 160 2041; x_wconf 91' lang='lat' dir='ltr'>nos</span> <span class='ocrx_word' id='word_1_215' title='bbox 184 1997 304 2063; x_wconf 90' lang='lat' dir='ltr'>parere</span> <span class='ocrx_word' id='word_1_216' title='bbox 332 1971 450 2053; x_wconf 91' lang='lat' dir='ltr'>iussit,</span> <span class='ocrx_word' id='word_1_217' title='bbox 486 1971 534 2039; x_wconf 90' lang='lat' dir='ltr'>ita</span> <span class='ocrx_word' id='word_1_218' title='bbox 558 1971 676 2058; x_wconf 90' lang='lat' dir='ltr'>legum</span> <span class='ocrx_word' id='word_1_219' title='bbox 701 1970 779 2039; x_wconf 89' lang='lat' dir='ltr'>voci</span> <span class='ocrx_word' id='word_1_220' title='bbox 804 1970 998 2058; x_wconf 90' lang='lat' dir='ltr'>parendum</span> <span class='ocrx_word' id='word_1_221' title='bbox 1027 1979 1089 2039; x_wconf 87' lang='lat' dir='ltr'>est.</span> <span class='ocrx_word' id='word_1_222' title='bbox 1139 1963 1311 2055; x_wconf 68' lang='lat' dir='ltr'>quantum</span> <span class='ocrx_word' id='word_1_223' title='bbox 1341 1964 1444 2032; x_wconf 77' lang='lat' dir='ltr'>aulae</span> <span class='ocrx_word' id='word_1_224' title='bbox 1472 1981 1619 2056; x_wconf 84' lang='lat' dir='ltr'>possunt</span> <span class='ocrx_word' id='word_1_225' title='bbox 1650 1971 1883 2059; x_wconf 87' lang='lat' dir='ltr'>profundere,</span> <span class='ocrx_word' id='word_1_226' title='bbox 1912 1995 1984 2040; x_wconf 91' lang='lat' dir='ltr'>non</span> <span class='ocrx_word' id='word_1_227' title='bbox 2007 1985 2129 2041; x_wconf 93' lang='lat' dir='ltr'>contra</span> 
     </span>
     <span class='ocr_line' id='line_1_18' title="bbox 96 2064 2132 2165; baseline 0.002 -24"><span class='ocrx_word' id='word_1_228' title='bbox 96 2072 228 2142; x_wconf 86' lang='lat' dir='ltr'>Melius</span> <span class='ocrx_word' id='word_1_229' title='bbox 244 2073 352 2161; x_wconf 90' lang='lat' dir='ltr'>igitur</span> <span class='ocrx_word' id='word_1_230' title='bbox 369 2066 563 2140; x_wconf 78' lang='lat' dir='ltr'>Architecti</span> <span class='ocrx_word' id='word_1_231' title='bbox 583 2071 766 2140; x_wconf 77' lang='lat' dir='ltr'>dixerunt:</span> <span class='ocrx_word' id='word_1_232' title='bbox 800 2068 905 2158; x_wconf 88' lang='lat' dir='ltr'>Lapis</span> <span class='ocrx_word' id='word_1_233' title='bbox 924 2071 967 2137; x_wconf 91' lang='lat' dir='ltr'>ad</span> <span class='ocrx_word' id='word_1_234' title='bbox 985 2090 1088 2157; x_wconf 87' lang='lat' dir='ltr'>regu·</span> <span class='ocrx_word' id='word_1_235' title='bbox 1139 2064 1305 2154; x_wconf 87' lang='lat' dir='ltr'>scriptam</span> <span class='ocrx_word' id='word_1_236' title='bbox 1327 2067 1541 2158; x_wconf 86' lang='lat' dir='ltr'>aequitatem</span> <span class='ocrx_word' id='word_1_237' title='bbox 1565 2072 1793 2141; x_wconf 88' lang='lat' dir='ltr'>saeviendum</span> <span class='ocrx_word' id='word_1_238' title='bbox 1814 2072 1852 2141; x_wconf 92' lang='lat' dir='ltr'>in</span> <span class='ocrx_word' id='word_1_239' title='bbox 1874 2097 2044 2165; x_wconf 90' lang='lat' dir='ltr'>corpora,</span> <span class='ocrx_word' id='word_1_240' title='bbox 2071 2087 2132 2145; x_wconf 83' lang='lat' dir='ltr'>aut</span> 
     </span>
     <span class='ocr_line' id='line_1_19' title="bbox 95 2162 2130 2262; baseline 0.001 -22"><span class='ocrx_word' id='word_1_241' title='bbox 95 2175 185 2256; x_wconf 90' lang='lat' dir='ltr'>lam,</span> <span class='ocrx_word' id='word_1_242' title='bbox 209 2197 283 2241; x_wconf 93' lang='lat' dir='ltr'>non</span> <span class='ocrx_word' id='word_1_243' title='bbox 309 2173 428 2259; x_wconf 89' lang='lat' dir='ltr'>regula</span> <span class='ocrx_word' id='word_1_244' title='bbox 454 2173 499 2240; x_wconf 91' lang='lat' dir='ltr'>ad</span> <span class='ocrx_word' id='word_1_245' title='bbox 517 2171 672 2262; x_wconf 88' lang='lat' dir='ltr'>lapidem</span> <span class='ocrx_word' id='word_1_246' title='bbox 694 2162 994 2241; x_wconf 86' lang='lat' dir='ltr'>accommodanda</span> <span class='ocrx_word' id='word_1_247' title='bbox 1019 2184 1087 2239; x_wconf 90' lang='lat' dir='ltr'>est:</span> <span class='ocrx_word' id='word_1_248' title='bbox 1139 2166 1247 2234; x_wconf 89' lang='lat' dir='ltr'>vitam</span> <span class='ocrx_word' id='word_1_249' title='bbox 1269 2169 1511 2238; x_wconf 89' lang='lat' dir='ltr'>modestorum</span> <span class='ocrx_word' id='word_1_250' title='bbox 1541 2172 1684 2243; x_wconf 89' lang='lat' dir='ltr'>civium.</span> <span class='ocrx_word' id='word_1_251' title='bbox 1745 2172 1868 2245; x_wconf 87' lang='lat' dir='ltr'>Cernit</span> <span class='ocrx_word' id='word_1_252' title='bbox 1888 2172 1986 2246; x_wconf 89' lang='lat' dir='ltr'>Dens</span> <span class='ocrx_word' id='word_1_253' title='bbox 2009 2175 2130 2244; x_wconf 90' lang='lat' dir='ltr'>omnia</span> 
     </span>
     <span class='ocr_line' id='line_1_20' title="bbox 94 2266 2131 2366; baseline 0.002 -25"><span class='ocrx_word' id='word_1_254' title='bbox 94 2276 130 2343; x_wconf 93' lang='lat' dir='ltr'>id</span> <span class='ocrx_word' id='word_1_255' title='bbox 151 2276 261 2363; x_wconf 88' lang='lat' dir='ltr'>magis</span> <span class='ocrx_word' id='word_1_256' title='bbox 280 2275 504 2364; x_wconf 88' lang='lat' dir='ltr'>probandum</span> <span class='ocrx_word' id='word_1_257' title='bbox 523 2286 593 2355; x_wconf 89' lang='lat' dir='ltr'>est,</span> <span class='ocrx_word' id='word_1_258' title='bbox 621 2296 726 2365; x_wconf 90' lang='lat' dir='ltr'>quam</span> <span class='ocrx_word' id='word_1_259' title='bbox 748 2273 841 2364; x_wconf 90' lang='lat' dir='ltr'>quod</span> <span class='ocrx_word' id='word_1_260' title='bbox 860 2273 907 2340; x_wconf 76' lang='lat' dir='ltr'>‘de</span> <span class='ocrx_word' id='word_1_261' title='bbox 923 2272 1087 2362; x_wconf 89' lang='lat' dir='ltr'>plumbea</span> <span class='ocrx_word' id='word_1_262' title='bbox 1139 2266 1288 2350; x_wconf 88' lang='lat' dir='ltr'>vindex,</span> <span class='ocrx_word' id='word_1_263' title='bbox 1315 2269 1376 2361; x_wconf 90' lang='lat' dir='ltr'>qui</span> <span class='ocrx_word' id='word_1_264' title='bbox 1393 2282 1575 2357; x_wconf 89' lang='lat' dir='ltr'>potentum</span> <span class='ocrx_word' id='word_1_265' title='bbox 1594 2274 1723 2345; x_wconf 90' lang='lat' dir='ltr'>iniusta</span> <span class='ocrx_word' id='word_1_266' title='bbox 1736 2276 1892 2345; x_wconf 87' lang='lat' dir='ltr'>facinora</span> <span class='ocrx_word' id='word_1_267' title='bbox 1907 2279 2042 2366; x_wconf 88' lang='lat' dir='ltr'>magnis</span> <span class='ocrx_word' id='word_1_268' title='bbox 2059 2278 2131 2346; x_wconf 86' lang='lat' dir='ltr'>cla-</span> 
     </span>
     <span class='ocr_line' id='line_1_21' title="bbox 94 2369 2130 2467; baseline 0.002 -24"><span class='ocrx_word' id='word_1_269' title='bbox 94 2376 214 2462; x_wconf 88' lang='lat' dir='ltr'>regula</span> <span class='ocrx_word' id='word_1_270' title='bbox 233 2372 548 2444; x_wconf 85' lang='lat' dir='ltr'>dixitAristoteles.</span> <span class='ocrx_word' id='word_1_271' title='bbox 591 2370 701 2444; x_wconf 85' lang='lat' dir='ltr'>Recte</span> <span class='ocrx_word' id='word_1_272' title='bbox 717 2374 825 2464; x_wconf 91' lang='lat' dir='ltr'>igitur</span> <span class='ocrx_word' id='word_1_273' title='bbox 841 2385 954 2442; x_wconf 85' lang='lat' dir='ltr'>textus</span> <span class='ocrx_word' id='word_1_274' title='bbox 968 2386 1089 2442; x_wconf 91' lang='lat' dir='ltr'>noster</span> <span class='ocrx_word' id='word_1_275' title='bbox 1137 2369 1492 2458; x_wconf 88' lang='lat' dir='ltr'>dibuspuniresolet.</span> <span class='ocrx_word' id='word_1_276' title='bbox 1530 2371 1791 2465; x_wconf 78' lang='lat' dir='ltr'>scriptumest:</span> <span class='ocrx_word' id='word_1_277' title='bbox 1818 2374 2130 2467; x_wconf 87' lang='lat' dir='ltr'>Regmnnagente</span> 
     </span>
     <span class='ocr_line' id='line_1_22' title="bbox 95 2468 2129 2567; baseline 0.001 -24"><span class='ocrx_word' id='word_1_278' title='bbox 95 2477 132 2543; x_wconf 93' lang='lat' dir='ltr'>in</span> <span class='ocrx_word' id='word_1_279' title='bbox 149 2476 223 2564; x_wconf 89' lang='lat' dir='ltr'>lege</span> <span class='ocrx_word' id='word_1_280' title='bbox 241 2474 397 2559; x_wconf 89' lang='lat' dir='ltr'>Placuit,</span> <span class='ocrx_word' id='word_1_281' title='bbox 431 2475 530 2545; x_wconf 86' lang='lat' dir='ltr'>iubet</span> <span class='ocrx_word' id='word_1_282' title='bbox 556 2474 721 2565; x_wconf 90' lang='lat' dir='ltr'>scriptam</span> <span class='ocrx_word' id='word_1_283' title='bbox 743 2475 954 2567; x_wconf 85' lang='lat' dir='ltr'>aequitatem</span> <span class='ocrx_word' id='word_1_284' title='bbox 980 2473 1087 2566; x_wconf 86' lang='lat' dir='ltr'>sequi.</span> <span class='ocrx_word' id='word_1_285' title='bbox 1138 2468 1332 2558; x_wconf 86' lang='lat' dir='ltr'>ingentem</span> <span class='ocrx_word' id='word_1_286' title='bbox 1356 2472 1582 2557; x_wconf 86' lang='lat' dir='ltr'>transfertur,</span> <span class='ocrx_word' id='word_1_287' title='bbox 1607 2490 1752 2567; x_wconf 89' lang='lat' dir='ltr'>propter</span> <span class='ocrx_word' id='word_1_288' title='bbox 1772 2478 1931 2548; x_wconf 89' lang='lat' dir='ltr'>iniurias.</span> <span class='ocrx_word' id='word_1_289' title='bbox 1989 2477 2129 2549; x_wconf 88' lang='lat' dir='ltr'>Rursus</span> 
     </span>
     <span class='ocr_line' id='line_1_23' title="bbox 96 2570 2128 2671; baseline 0.001 -26"><span class='ocrx_word' id='word_1_290' title='bbox 96 2575 207 2668; x_wconf 79' lang='lat' dir='ltr'>quue</span> <span class='ocrx_word' id='word_1_291' title='bbox 230 2600 368 2666; x_wconf 90' lang='lat' dir='ltr'>semper</span> <span class='ocrx_word' id='word_1_292' title='bbox 389 2575 640 2669; x_wconf 89' lang='lat' dir='ltr'>aequissimum</span> <span class='ocrx_word' id='word_1_293' title='bbox 664 2598 737 2647; x_wconf 88' lang='lat' dir='ltr'>esse</span> <span class='ocrx_word' id='word_1_294' title='bbox 752 2589 965 2660; x_wconf 87' lang='lat' dir='ltr'>statuamus,</span> <span class='ocrx_word' id='word_1_295' title='bbox 992 2576 1087 2668; x_wconf 94' lang='lat' dir='ltr'>quod</span> <span class='ocrx_word' id='word_1_296' title='bbox 1138 2570 1243 2639; x_wconf 88' lang='lat' dir='ltr'>etiam</span> <span class='ocrx_word' id='word_1_297' title='bbox 1276 2584 1390 2642; x_wconf 81' lang='lat' dir='ltr'>textus</span> <span class='ocrx_word' id='word_1_298' title='bbox 1424 2587 1545 2643; x_wconf 89' lang='lat' dir='ltr'>noster</span> <span class='ocrx_word' id='word_1_299' title='bbox 1569 2578 1722 2646; x_wconf 89' lang='lat' dir='ltr'>occurrit</span> <span class='ocrx_word' id='word_1_300' title='bbox 1756 2579 1859 2648; x_wconf 87' lang='lat' dir='ltr'>alteri</span> <span class='ocrx_word' id='word_1_301' title='bbox 1887 2580 1998 2662; x_wconf 89' lang='lat' dir='ltr'>malo,</span> <span class='ocrx_word' id='word_1_302' title='bbox 2033 2581 2128 2671; x_wconf 90' lang='lat' dir='ltr'>quod</span> 
     </span>
     <span class='ocr_line' id='line_1_24' title="bbox 97 2674 2130 2768; baseline 0.001 -22"><span class='ocrx_word' id='word_1_303' title='bbox 97 2681 133 2746; x_wconf 92' lang='lat' dir='ltr'>in</span> <span class='ocrx_word' id='word_1_304' title='bbox 170 2679 246 2767; x_wconf 91' lang='lat' dir='ltr'>lege</span> <span class='ocrx_word' id='word_1_305' title='bbox 279 2678 376 2768; x_wconf 86' lang='lat' dir='ltr'>gravi</span> <span class='ocrx_word' id='word_1_306' title='bbox 409 2678 557 2747; x_wconf 91' lang='lat' dir='ltr'>consilio</span> <span class='ocrx_word' id='word_1_307' title='bbox 595 2691 733 2768; x_wconf 86' lang='lat' dir='ltr'>recepta</span> <span class='ocrx_word' id='word_1_308' title='bbox 765 2678 996 2747; x_wconf 89' lang='lat' dir='ltr'>constitutum</span> <span class='ocrx_word' id='word_1_309' title='bbox 1023 2689 1086 2747; x_wconf 89' lang='lat' dir='ltr'>est.</span> <span class='ocrx_word' id='word_1_310' title='bbox 1137 2684 1319 2763; x_wconf 85' lang='lat' dir='ltr'>praetextu</span> <span class='ocrx_word' id='word_1_311' title='bbox 1340 2674 1461 2765; x_wconf 89' lang='lat' dir='ltr'>scripti</span> <span class='ocrx_word' id='word_1_312' title='bbox 1487 2691 1609 2746; x_wconf 90' lang='lat' dir='ltr'>contra</span> <span class='ocrx_word' id='word_1_313' title='bbox 1632 2679 1802 2750; x_wconf 89' lang='lat' dir='ltr'>iustitiam</span> <span class='ocrx_word' id='word_1_314' title='bbox 1827 2680 1928 2759; x_wconf 88' lang='lat' dir='ltr'>facit,</span> <span class='ocrx_word' id='word_1_315' title='bbox 1965 2680 2130 2750; x_wconf 89' lang='lat' dir='ltr'>videlicet</span> 
     </span>
     <span class='ocr_line' id='line_1_25' title="bbox 95 2768 2128 2873; baseline 0 -22"><span class='ocrx_word' id='word_1_316' title='bbox 95 2779 169 2851; x_wconf 86' lang='lat' dir='ltr'>Cur</span> <span class='ocrx_word' id='word_1_317' title='bbox 186 2781 294 2869; x_wconf 87' lang='lat' dir='ltr'>igitur</span> <span class='ocrx_word' id='word_1_318' title='bbox 308 2780 476 2848; x_wconf 87' lang='lat' dir='ltr'>discernit</span> <span class='ocrx_word' id='word_1_319' title='bbox 491 2791 605 2848; x_wconf 85' lang='lat' dir='ltr'>textus</span> <span class='ocrx_word' id='word_1_320' title='bbox 620 2778 681 2846; x_wconf 93' lang='lat' dir='ltr'>ille</span> <span class='ocrx_word' id='word_1_321' title='bbox 697 2779 861 2868; x_wconf 85' lang='lat' dir='ltr'>scriptam</span> <span class='ocrx_word' id='word_1_322' title='bbox 875 2776 1086 2870; x_wconf 88' lang='lat' dir='ltr'>aequitatem</span> <span class='ocrx_word' id='word_1_323' title='bbox 1138 2768 1366 2863; x_wconf 87' lang='lat' dir='ltr'>sophisticae,</span> <span class='ocrx_word' id='word_1_324' title='bbox 1391 2799 1452 2845; x_wconf 91' lang='lat' dir='ltr'>seu</span> <span class='ocrx_word' id='word_1_325' title='bbox 1465 2776 1703 2848; x_wconf 89' lang='lat' dir='ltr'>calumniosae</span> <span class='ocrx_word' id='word_1_326' title='bbox 1718 2781 2017 2873; x_wconf 81' lang='lat' dir='ltr'>interpretationi3</span> <span class='ocrx_word' id='word_1_327' title='bbox 2046 2806 2128 2850; x_wconf 89' lang='lat' dir='ltr'>nam</span> 
     </span>
     <span class='ocr_line' id='line_1_26' title="bbox 95 2875 2125 2972; baseline 0 -22"><span class='ocrx_word' id='word_1_328' title='bbox 95 2883 207 2950; x_wconf 89' lang='lat' dir='ltr'>aiure</span> <span class='ocrx_word' id='word_1_329' title='bbox 223 2878 365 2963; x_wconf 77' lang='lat' dir='ltr'>stricte,</span> <span class='ocrx_word' id='word_1_330' title='bbox 389 2882 484 2972; x_wconf 93' lang='lat' dir='ltr'>quod</span> <span class='ocrx_word' id='word_1_331' title='bbox 502 2879 600 2946; x_wconf 92' lang='lat' dir='ltr'>aliud</span> <span class='ocrx_word' id='word_1_332' title='bbox 616 2900 690 2944; x_wconf 93' lang='lat' dir='ltr'>non</span> <span class='ocrx_word' id='word_1_333' title='bbox 707 2878 955 2955; x_wconf 88' lang='lat' dir='ltr'>videturesse,</span> <span class='ocrx_word' id='word_1_334' title='bbox 981 2900 1086 2968; x_wconf 90' lang='lat' dir='ltr'>quam</span> <span class='ocrx_word' id='word_1_335' title='bbox 1138 2875 1176 2942; x_wconf 88' lang='lat' dir='ltr'>in</span> <span class='ocrx_word' id='word_1_336' title='bbox 1203 2887 1298 2945; x_wconf 88' lang='lat' dir='ltr'>textu</span> <span class='ocrx_word' id='word_1_337' title='bbox 1321 2893 1446 2945; x_wconf 91' lang='lat' dir='ltr'>nostro</span> <span class='ocrx_word' id='word_1_338' title='bbox 1469 2877 1628 2948; x_wconf 89' lang='lat' dir='ltr'>strictum</span> <span class='ocrx_word' id='word_1_339' title='bbox 1654 2882 1710 2949; x_wconf 89' lang='lat' dir='ltr'>ius</span> <span class='ocrx_word' id='word_1_340' title='bbox 1726 2886 1769 2951; x_wconf 91' lang='lat' dir='ltr'>de</span> <span class='ocrx_word' id='word_1_341' title='bbox 1787 2884 2005 2952; x_wconf 87' lang='lat' dir='ltr'>calumnioso</span> <span class='ocrx_word' id='word_1_342' title='bbox 2023 2884 2125 2954; x_wconf 87' lang='lat' dir='ltr'>intel-</span> 
     </span>
     <span class='ocr_line' id='line_1_27' title="bbox 94 2971 2130 3076; baseline -0.001 -22"><span class='ocrx_word' id='word_1_343' title='bbox 94 2982 217 3072; x_wconf 87' lang='lat' dir='ltr'>scripti</span> <span class='ocrx_word' id='word_1_344' title='bbox 243 2985 369 3062; x_wconf 89' lang='lat' dir='ltr'>verba,</span> <span class='ocrx_word' id='word_1_345' title='bbox 404 2981 465 3046; x_wconf 89' lang='lat' dir='ltr'>sed</span> <span class='ocrx_word' id='word_1_346' title='bbox 492 3000 555 3064; x_wconf 91' lang='lat' dir='ltr'>ego</span> <span class='ocrx_word' id='word_1_347' title='bbox 578 2976 736 3045; x_wconf 90' lang='lat' dir='ltr'>strictum</span> <span class='ocrx_word' id='word_1_348' title='bbox 765 2977 819 3045; x_wconf 91' lang='lat' dir='ltr'>ius</span> <span class='ocrx_word' id='word_1_349' title='bbox 845 2971 912 3046; x_wconf 91' lang='lat' dir='ltr'>hoc</span> <span class='ocrx_word' id='word_1_350' title='bbox 935 2977 1087 3045; x_wconf 89' lang='lat' dir='ltr'>lococa-</span> <span class='ocrx_word' id='word_1_351' title='bbox 1137 2975 1279 3063; x_wconf 86' lang='lat' dir='ltr'>ligitur,</span> <span class='ocrx_word' id='word_1_352' title='bbox 1304 3001 1385 3046; x_wconf 88' lang='lat' dir='ltr'>cum</span> <span class='ocrx_word' id='word_1_353' title='bbox 1410 2972 1476 3047; x_wconf 90' lang='lat' dir='ltr'>hoc</span> <span class='ocrx_word' id='word_1_354' title='bbox 1500 3000 1638 3071; x_wconf 88' lang='lat' dir='ltr'>semper</span> <span class='ocrx_word' id='word_1_355' title='bbox 1663 2997 1794 3071; x_wconf 80' lang='lat' dir='ltr'>pugnat</span> <span class='ocrx_word' id='word_1_356' title='bbox 1816 2986 1944 3074; x_wconf 89' lang='lat' dir='ltr'>scripta</span> <span class='ocrx_word' id='word_1_357' title='bbox 1960 2986 2130 3076; x_wconf 84' lang='lat' dir='ltr'>aequitas.</span> 
     </span>
     <span class='ocr_line' id='line_1_28' title="bbox 94 3074 2131 3175; baseline -0 -21"><span class='ocrx_word' id='word_1_358' title='bbox 94 3083 308 3154; x_wconf 90' lang='lat' dir='ltr'>lumniosam</span> <span class='ocrx_word' id='word_1_359' title='bbox 328 3076 655 3167; x_wconf 87' lang='lat' dir='ltr'>interpretationem</span> <span class='ocrx_word' id='word_1_360' title='bbox 670 3076 843 3167; x_wconf 89' lang='lat' dir='ltr'>intelligo.</span> <span class='ocrx_word' id='word_1_361' title='bbox 897 3075 1017 3146; x_wconf 90' lang='lat' dir='ltr'>ludaei</span> <span class='ocrx_word' id='word_1_362' title='bbox 1035 3089 1087 3147; x_wconf 90' lang='lat' dir='ltr'>tc·</span> <span class='ocrx_word' id='word_1_363' title='bbox 1137 3074 1219 3144; x_wconf 90' lang='lat' dir='ltr'>Non</span> <span class='ocrx_word' id='word_1_364' title='bbox 1238 3090 1289 3146; x_wconf 88' lang='lat' dir='ltr'>est</span> <span class='ocrx_word' id='word_1_365' title='bbox 1309 3092 1426 3147; x_wconf 89' lang='lat' dir='ltr'>autem</span> <span class='ocrx_word' id='word_1_366' title='bbox 1452 3103 1572 3149; x_wconf 86' lang='lat' dir='ltr'>rarum</span> <span class='ocrx_word' id='word_1_367' title='bbox 1590 3083 1710 3173; x_wconf 91' lang='lat' dir='ltr'>scripti</span> <span class='ocrx_word' id='word_1_368' title='bbox 1729 3098 1908 3175; x_wconf 85' lang='lat' dir='ltr'>praetextu</span> <span class='ocrx_word' id='word_1_369' title='bbox 1927 3087 2070 3171; x_wconf 89' lang='lat' dir='ltr'>ludere,</span> <span class='ocrx_word' id='word_1_370' title='bbox 2095 3098 2131 3153; x_wconf 92' lang='lat' dir='ltr'>et</span> 
     </span>
     <span class='ocr_line' id='line_1_29' title="bbox 93 3177 2129 3270; baseline 0 -14"><span class='ocrx_word' id='word_1_371' title='bbox 93 3187 228 3256; x_wconf 87' lang='lat' dir='ltr'>nebant</span> <span class='ocrx_word' id='word_1_372' title='bbox 243 3181 350 3248; x_wconf 90' lang='lat' dir='ltr'>verba</span> <span class='ocrx_word' id='word_1_373' title='bbox 370 3179 492 3268; x_wconf 91' lang='lat' dir='ltr'>scripti</span> <span class='ocrx_word' id='word_1_374' title='bbox 509 3179 553 3246; x_wconf 93' lang='lat' dir='ltr'>de</span> <span class='ocrx_word' id='word_1_375' title='bbox 570 3178 734 3258; x_wconf 88' lang='lat' dir='ltr'>sabbato,</span> <span class='ocrx_word' id='word_1_376' title='bbox 758 3203 804 3247; x_wconf 92' lang='lat' dir='ltr'>ne</span> <span class='ocrx_word' id='word_1_377' title='bbox 820 3179 943 3247; x_wconf 84' lang='lat' dir='ltr'>fierent</span> <span class='ocrx_word' id='word_1_378' title='bbox 960 3201 1087 3268; x_wconf 89' lang='lat' dir='ltr'>operae</span> <span class='ocrx_word' id='word_1_379' title='bbox 1137 3200 1178 3246; x_wconf 82' lang='lat' dir='ltr'>ex</span> <span class='ocrx_word' id='word_1_380' title='bbox 1195 3177 1332 3267; x_wconf 88' lang='lat' dir='ltr'>legibus</span> <span class='ocrx_word' id='word_1_381' title='bbox 1347 3180 1481 3270; x_wconf 92' lang='lat' dir='ltr'>optimo</span> <span class='ocrx_word' id='word_1_382' title='bbox 1498 3194 1532 3251; x_wconf 91' lang='lat' dir='ltr'>et</span> <span class='ocrx_word' id='word_1_383' title='bbox 1547 3182 1670 3252; x_wconf 89' lang='lat' dir='ltr'>divino</span> <span class='ocrx_word' id='word_1_384' title='bbox 1685 3185 1834 3254; x_wconf 90' lang='lat' dir='ltr'>consilio</span> <span class='ocrx_word' id='word_1_385' title='bbox 1851 3188 2004 3256; x_wconf 89' lang='lat' dir='ltr'>conditis</span> <span class='ocrx_word' id='word_1_386' title='bbox 2017 3211 2057 3256; x_wconf 91' lang='lat' dir='ltr'>ac</span> <span class='ocrx_word' id='word_1_387' title='bbox 2075 3212 2129 3256; x_wconf 89' lang='lat' dir='ltr'>re-</span> 
     </span>
     <span class='ocr_line' id='line_1_30' title="bbox 92 3276 2128 3378; baseline 0 -23"><span class='ocrx_word' id='word_1_388' title='bbox 92 3284 249 3358; x_wconf 88' lang='lat' dir='ltr'>serviles.</span> <span class='ocrx_word' id='word_1_389' title='bbox 308 3281 392 3350; x_wconf 88' lang='lat' dir='ltr'>ldco</span> <span class='ocrx_word' id='word_1_390' title='bbox 413 3280 452 3348; x_wconf 91' lang='lat' dir='ltr'>in</span> <span class='ocrx_word' id='word_1_391' title='bbox 475 3278 620 3348; x_wconf 84' lang='lat' dir='ltr'>sabbato</span> <span class='ocrx_word' id='word_1_392' title='bbox 644 3303 899 3375; x_wconf 90' lang='lat' dir='ltr'>nuncquoque</span> <span class='ocrx_word' id='word_1_393' title='bbox 918 3281 1007 3350; x_wconf 87' lang='lat' dir='ltr'>adeo</span> <span class='ocrx_word' id='word_1_394' title='bbox 1026 3304 1086 3350; x_wconf 90' lang='lat' dir='ltr'>su·</span> <span class='ocrx_word' id='word_1_395' title='bbox 1136 3278 1246 3369; x_wconf 87' lang='lat' dir='ltr'>ceptis</span> <span class='ocrx_word' id='word_1_396' title='bbox 1260 3276 1464 3350; x_wconf 86' lang='lat' dir='ltr'>Cothurnos</span> <span class='ocrx_word' id='word_1_397' title='bbox 1480 3281 1611 3368; x_wconf 84' lang='lat' dir='ltr'>facere,</span> <span class='ocrx_word' id='word_1_398' title='bbox 1635 3285 1695 3378; x_wconf 88' lang='lat' dir='ltr'>qui</span> <span class='ocrx_word' id='word_1_399' title='bbox 1713 3310 1837 3377; x_wconf 90' lang='lat' dir='ltr'>magna</span> <span class='ocrx_word' id='word_1_400' title='bbox 1862 3287 2009 3378; x_wconf 89' lang='lat' dir='ltr'>imperia</span> <span class='ocrx_word' id='word_1_401' title='bbox 2027 3312 2128 3376; x_wconf 89' lang='lat' dir='ltr'>saepe</span> 
     </span>
     <span class='ocr_line' id='line_1_31' title="bbox 92 3379 2221 3479; baseline -0 -22"><span class='ocrx_word' id='word_1_402' title='bbox 92 3381 539 3479; x_wconf 88' lang='lat' dir='ltr'>perstitiosumestotium,</span> <span class='ocrx_word' id='word_1_403' title='bbox 566 3382 826 3452; x_wconf 87' lang='lat' dir='ltr'>utnonsolum</span> <span class='ocrx_word' id='word_1_404' title='bbox 843 3393 1086 3477; x_wconf 84' lang='lat' dir='ltr'>noncoquant</span> <span class='ocrx_word' id='word_1_405' title='bbox 1135 3379 1289 3466; x_wconf 86' lang='lat' dir='ltr'>graviter</span> <span class='ocrx_word' id='word_1_406' title='bbox 1312 3396 1575 3455; x_wconf 90' lang='lat' dir='ltr'>concusserunt.</span> <span class='ocrx_word' id='word_1_407' title='bbox 1635 3383 1718 3454; x_wconf 89' lang='lat' dir='ltr'>Dixi</span> <span class='ocrx_word' id='word_1_408' title='bbox 1744 3390 1787 3457; x_wconf 91' lang='lat' dir='ltr'>de</span> <span class='ocrx_word' id='word_1_409' title='bbox 1819 3402 1915 3457; x_wconf 87' lang='lat' dir='ltr'>textu</span> <span class='ocrx_word' id='word_1_410' title='bbox 1941 3389 2028 3478; x_wconf 90' lang='lat' dir='ltr'>legis</span> <span class='ocrx_word' id='word_1_411' title='bbox 2046 3387 2130 3457; x_wconf 88' lang='lat' dir='ltr'>Pla·</span> <span class='ocrx_word' id='word_1_412' title='bbox 2217 3400 2221 3405; x_wconf 84' lang='grc'><strong>’</strong></span> 
     </span>
     <span class='ocr_line' id='line_1_32' title="bbox 92 3475 2129 3578; baseline 0 -21"><span class='ocrx_word' id='word_1_413' title='bbox 92 3514 133 3557; x_wconf 90' lang='grc' dir='ltr'><strong>εο</strong></span> <span class='ocrx_word' id='word_1_414' title='bbox 149 3487 224 3568; x_wconf 89' lang='lat' dir='ltr'>die,</span> <span class='ocrx_word' id='word_1_415' title='bbox 252 3505 323 3553; x_wconf 91' lang='lat' dir='ltr'>non</span> <span class='ocrx_word' id='word_1_416' title='bbox 340 3485 533 3552; x_wconf 89' lang='lat' dir='ltr'>accendant</span> <span class='ocrx_word' id='word_1_417' title='bbox 546 3481 644 3569; x_wconf 90' lang='lat' dir='ltr'>ignes</span> <span class='ocrx_word' id='word_1_418' title='bbox 659 3483 698 3550; x_wconf 93' lang='lat' dir='ltr'>in</span> <span class='ocrx_word' id='word_1_419' title='bbox 711 3483 937 3567; x_wconf 87' lang='lat' dir='ltr'>fornacibus,</span> <span class='ocrx_word' id='word_1_420' title='bbox 961 3485 1021 3552; x_wconf 91' lang='lat' dir='ltr'>sed</span> <span class='ocrx_word' id='word_1_421' title='bbox 1040 3507 1085 3552; x_wconf 91' lang='lat' dir='ltr'>ne</span> <span class='ocrx_word' id='word_1_422' title='bbox 1136 3481 1225 3565; x_wconf 91' lang='lat' dir='ltr'>cuit,</span> <span class='ocrx_word' id='word_1_423' title='bbox 1251 3498 1423 3575; x_wconf 92' lang='lat' dir='ltr'>quantum</span> <span class='ocrx_word' id='word_1_424' title='bbox 1433 3475 1547 3553; x_wconf 86' lang='lat' dir='ltr'>huius</span> <span class='ocrx_word' id='word_1_425' title='bbox 1563 3487 1730 3577; x_wconf 92' lang='lat' dir='ltr'>temporis</span> <span class='ocrx_word' id='word_1_426' title='bbox 1742 3491 1902 3578; x_wconf 89' lang='lat' dir='ltr'>angustia</span> <span class='ocrx_word' id='word_1_427' title='bbox 1917 3490 1994 3563; x_wconf 87' lang='lat' dir='ltr'>fert.</span> <span class='ocrx_word' id='word_1_428' title='bbox 2045 3485 2129 3559; x_wconf 86' lang='lat' dir='ltr'>Est·</span> 
     </span>
     <span class='ocr_line' id='line_1_33' title="bbox 94 3573 2129 3684; baseline 0 -26"><span class='ocrx_word' id='word_1_429' title='bbox 94 3590 237 3684; x_wconf 91' lang='lat' dir='ltr'>quidem</span> <span class='ocrx_word' id='word_1_430' title='bbox 263 3606 386 3653; x_wconf 90' lang='lat' dir='ltr'>mueos</span> <span class='ocrx_word' id='word_1_431' title='bbox 418 3586 609 3673; x_wconf 86' lang='lat' dir='ltr'>decerpant</span> <span class='ocrx_word' id='word_1_432' title='bbox 638 3605 700 3653; x_wconf 88' lang='lat' dir='ltr'>sua</span> <span class='ocrx_word' id='word_1_433' title='bbox 720 3608 844 3655; x_wconf 85' lang='lat' dir='ltr'>manu</span> <span class='ocrx_word' id='word_1_434' title='bbox 884 3607 903 3653; x_wconf 90' lang='lat' dir='ltr'>a</span> <span class='ocrx_word' id='word_1_435' title='bbox 934 3577 1086 3677; x_wconf 87' lang='lat' dir='ltr'>lychnis.</span> <span class='ocrx_word' id='word_1_436' title='bbox 1136 3605 1204 3674; x_wconf 91' lang='lat' dir='ltr'>qne</span> <span class='ocrx_word' id='word_1_437' title='bbox 1221 3604 1357 3652; x_wconf 87' lang='lat' dir='ltr'>summa</span> <span class='ocrx_word' id='word_1_438' title='bbox 1373 3573 1445 3662; x_wconf 89' lang='lat' dir='ltr'>rei,</span> <span class='ocrx_word' id='word_1_439' title='bbox 1470 3608 1509 3652; x_wconf 83' lang='lat' dir='ltr'>ex</span> <span class='ocrx_word' id='word_1_440' title='bbox 1534 3586 1672 3676; x_wconf 88' lang='lat' dir='ltr'>scriptis</span> <span class='ocrx_word' id='word_1_441' title='bbox 1687 3587 1825 3678; x_wconf 89' lang='lat' dir='ltr'>legibus</span> <span class='ocrx_word' id='word_1_442' title='bbox 1841 3614 1896 3659; x_wconf 90' lang='lat' dir='ltr'>res</span> <span class='ocrx_word' id='word_1_443' title='bbox 1923 3591 2129 3661; x_wconf 88' lang='lat' dir='ltr'>iudicandas</span> 
     </span>
     <span class='ocr_line' id='line_1_34' title="bbox 93 3682 2129 3780; baseline -0.002 -18"><span class='ocrx_word' id='word_1_444' title='bbox 93 3689 242 3762; x_wconf 87' lang='lat' dir='ltr'>Causam</span> <span class='ocrx_word' id='word_1_445' title='bbox 270 3685 396 3756; x_wconf 90' lang='lat' dir='ltr'>dicunt</span> <span class='ocrx_word' id='word_1_446' title='bbox 430 3707 506 3752; x_wconf 90' lang='lat' dir='ltr'>non</span> <span class='ocrx_word' id='word_1_447' title='bbox 535 3706 654 3754; x_wconf 90' lang='lat' dir='ltr'>rerum</span> <span class='ocrx_word' id='word_1_448' title='bbox 684 3685 984 3773; x_wconf 81' lang='lat' dir='ltr'>magnitudinem,</span> <span class='ocrx_word' id='word_1_449' title='bbox 1024 3698 1085 3753; x_wconf 90' lang='lat' dir='ltr'>aut</span> <span class='ocrx_word' id='word_1_450' title='bbox 1136 3705 1228 3767; x_wconf 88' lang='lat' dir='ltr'>esse,</span> <span class='ocrx_word' id='word_1_451' title='bbox 1254 3705 1319 3752; x_wconf 89' lang='lat' dir='ltr'>nec</span> <span class='ocrx_word' id='word_1_452' title='bbox 1335 3685 1618 3771; x_wconf 90' lang='lat' dir='ltr'>concedendum,</span> <span class='ocrx_word' id='word_1_453' title='bbox 1643 3702 1681 3757; x_wconf 91' lang='lat' dir='ltr'>ut</span> <span class='ocrx_word' id='word_1_454' title='bbox 1698 3682 1844 3780; x_wconf 86' lang='lat' dir='ltr'>privatis</span> <span class='ocrx_word' id='word_1_455' title='bbox 1862 3692 2034 3770; x_wconf 86' lang='lat' dir='ltr'>arbitriis,</span> <span class='ocrx_word' id='word_1_456' title='bbox 2061 3691 2129 3758; x_wconf 85' lang='lat' dir='ltr'>bn-</span> 
     </span>
     <span class='ocr_line' id='line_1_35' title="bbox 94 3781 2129 3885; baseline -0.001 -25"><span class='ocrx_word' id='word_1_457' title='bbox 94 3791 264 3885; x_wconf 82' lang='lat' dir='ltr'>parvitatc</span> <span class='ocrx_word' id='word_1_458' title='bbox 286 3785 503 3856; x_wconf 89' lang='lat' dir='ltr'>aestimanda</span> <span class='ocrx_word' id='word_1_459' title='bbox 526 3806 600 3855; x_wconf 86' lang='lat' dir='ltr'>esse</span> <span class='ocrx_word' id='word_1_460' title='bbox 621 3781 707 3854; x_wconf 91' lang='lat' dir='ltr'>haec</span> <span class='ocrx_word' id='word_1_461' title='bbox 729 3786 864 3870; x_wconf 82' lang='lat' dir='ltr'>officia,</span> <span class='ocrx_word' id='word_1_462' title='bbox 889 3787 949 3853; x_wconf 87' lang='lat' dir='ltr'>sed</span> <span class='ocrx_word' id='word_1_463' title='bbox 968 3785 1083 3873; x_wconf 88' lang='lat' dir='ltr'>legum</span> <span class='ocrx_word' id='word_1_464' title='bbox 1136 3794 1265 3872; x_wconf 80' lang='lat' dir='ltr'>gantur</span> <span class='ocrx_word' id='word_1_465' title='bbox 1302 3784 1582 3866; x_wconf 88' lang='lat' dir='ltr'>moderationes,</span> <span class='ocrx_word' id='word_1_466' title='bbox 1629 3791 1689 3856; x_wconf 90' lang='lat' dir='ltr'>sed</span> <span class='ocrx_word' id='word_1_467' title='bbox 1725 3793 1950 3860; x_wconf 90' lang='lat' dir='ltr'>statuendum</span> <span class='ocrx_word' id='word_1_468' title='bbox 1986 3792 2021 3860; x_wconf 93' lang='lat' dir='ltr'>id</span> <span class='ocrx_word' id='word_1_469' title='bbox 2055 3813 2129 3859; x_wconf 91' lang='lat' dir='ltr'>esse</span> 
     </span>
     <span class='ocr_line' id='line_1_36' title="bbox 93 3882 2128 3986; baseline -0.001 -24"><span class='ocrx_word' id='word_1_470' title='bbox 93 3891 222 3963; x_wconf 84' lang='lat' dir='ltr'>verbis.</span> <span class='ocrx_word' id='word_1_471' title='bbox 294 3887 459 3981; x_wconf 80' lang='lat' dir='ltr'>Speciosa</span> <span class='ocrx_word' id='word_1_472' title='bbox 483 3898 534 3956; x_wconf 89' lang='lat' dir='ltr'>est</span> <span class='ocrx_word' id='word_1_473' title='bbox 560 3885 675 3955; x_wconf 91' lang='lat' dir='ltr'>oratio</span> <span class='ocrx_word' id='word_1_474' title='bbox 694 3899 729 3956; x_wconf 92' lang='lat' dir='ltr'>ct</span> <span class='ocrx_word' id='word_1_475' title='bbox 749 3909 851 3978; x_wconf 88' lang='lat' dir='ltr'>saepe</span> <span class='ocrx_word' id='word_1_476' title='bbox 874 3886 983 3955; x_wconf 89' lang='lat' dir='ltr'>valet:</span> <span class='ocrx_word' id='word_1_477' title='bbox 1024 3887 1084 3956; x_wconf 89' lang='lat' dir='ltr'>sed</span> <span class='ocrx_word' id='word_1_478' title='bbox 1136 3882 1407 3976; x_wconf 89' lang='lat' dir='ltr'>aequissimum,</span> <span class='ocrx_word' id='word_1_479' title='bbox 1433 3886 1527 3976; x_wconf 91' lang='lat' dir='ltr'>quod</span> <span class='ocrx_word' id='word_1_480' title='bbox 1546 3909 1627 3952; x_wconf 82' lang='lat' dir='ltr'>vere</span> <span class='ocrx_word' id='word_1_481' title='bbox 1654 3891 1759 3958; x_wconf 88' lang='lat' dir='ltr'>sentit</span> <span class='ocrx_word' id='word_1_482' title='bbox 1780 3891 1854 3975; x_wconf 82' lang='lat' dir='ltr'>lex,</span> <span class='ocrx_word' id='word_1_483' title='bbox 1879 3915 1994 3986; x_wconf 89' lang='lat' dir='ltr'>neque</span> <span class='ocrx_word' id='word_1_484' title='bbox 2009 3907 2128 3962; x_wconf 88' lang='lat' dir='ltr'>tamen</span> 
     </span>
     <span class='ocr_line' id='line_1_37' title="bbox 94 3983 2129 4083; baseline -0.002 -18"><span class='ocrx_word' id='word_1_485' title='bbox 94 4008 212 4066; x_wconf 87' lang='lat' dir='ltr'>tamen</span> <span class='ocrx_word' id='word_1_486' title='bbox 242 3984 310 4060; x_wconf 85' lang='lat' dir='ltr'>hae</span> <span class='ocrx_word' id='word_1_487' title='bbox 340 3990 530 4059; x_wconf 85' lang='lat' dir='ltr'>verborum</span> <span class='ocrx_word' id='word_1_488' title='bbox 564 3985 765 4078; x_wconf 84' lang='lat' dir='ltr'>angustiae,</span> <span class='ocrx_word' id='word_1_489' title='bbox 803 4012 876 4058; x_wconf 91' lang='lat' dir='ltr'>non</span> <span class='ocrx_word' id='word_1_490' title='bbox 910 4011 991 4056; x_wconf 88' lang='lat' dir='ltr'>raro</span> <span class='ocrx_word' id='word_1_491' title='bbox 1022 4010 1084 4078; x_wconf 89' lang='lat' dir='ltr'>pa·</span> <span class='ocrx_word' id='word_1_492' title='bbox 1135 3983 1353 4054; x_wconf 89' lang='lat' dir='ltr'>calumniose</span> <span class='ocrx_word' id='word_1_493' title='bbox 1389 3985 1670 4075; x_wconf 87' lang='lat' dir='ltr'>interpretandas</span> <span class='ocrx_word' id='word_1_494' title='bbox 1704 4013 1786 4060; x_wconf 85' lang='lat' dir='ltr'>esse.</span> <span class='ocrx_word' id='word_1_495' title='bbox 1857 3990 1930 4061; x_wconf 92' lang='lat' dir='ltr'>lam</span> <span class='ocrx_word' id='word_1_496' title='bbox 1968 3994 2129 4083; x_wconf 91' lang='lat' dir='ltr'>cogitate,</span> 
     </span>
     <span class='ocr_line' id='line_1_38' title="bbox 94 4083 2129 4185; baseline -0.001 -18"><span class='ocrx_word' id='word_1_497' title='bbox 94 4097 192 4167; x_wconf 84' lang='lat' dir='ltr'>ciunt</span> <span class='ocrx_word' id='word_1_498' title='bbox 211 4093 382 4162; x_wconf 88' lang='lat' dir='ltr'>absurdas</span> <span class='ocrx_word' id='word_1_499' title='bbox 404 4088 615 4171; x_wconf 86' lang='lat' dir='ltr'>sententias,</span> <span class='ocrx_word' id='word_1_500' title='bbox 640 4102 676 4159; x_wconf 88' lang='lat' dir='ltr'>ct</span> <span class='ocrx_word' id='word_1_501' title='bbox 694 4088 844 4160; x_wconf 87' lang='lat' dir='ltr'>rectiora</span> <span class='ocrx_word' id='word_1_502' title='bbox 868 4087 982 4157; x_wconf 86' lang='lat' dir='ltr'>officia</span> <span class='ocrx_word' id='word_1_503' title='bbox 998 4112 1084 4157; x_wconf 88' lang='lat' dir='ltr'>con·</span> <span class='ocrx_word' id='word_1_504' title='bbox 1135 4107 1241 4179; x_wconf 90' lang='lat' dir='ltr'>quam</span> <span class='ocrx_word' id='word_1_505' title='bbox 1257 4083 1412 4154; x_wconf 87' lang='lat' dir='ltr'>difficilis</span> <span class='ocrx_word' id='word_1_506' title='bbox 1428 4100 1461 4155; x_wconf 93' lang='lat' dir='ltr'>et</span> <span class='ocrx_word' id='word_1_507' title='bbox 1476 4109 1602 4174; x_wconf 89' lang='lat' dir='ltr'>magna</span> <span class='ocrx_word' id='word_1_508' title='bbox 1619 4110 1674 4159; x_wconf 88' lang='lat' dir='ltr'>res</span> <span class='ocrx_word' id='word_1_509' title='bbox 1693 4090 1758 4173; x_wconf 88' lang='lat' dir='ltr'>sit,</span> <span class='ocrx_word' id='word_1_510' title='bbox 1785 4092 1979 4185; x_wconf 88' lang='lat' dir='ltr'>simplicem</span> <span class='ocrx_word' id='word_1_511' title='bbox 1996 4095 2129 4164; x_wconf 84' lang='lat' dir='ltr'>verita-</span> 
     </span>
     <span class='ocr_line' id='line_1_39' title="bbox 92 4186 2128 4268; baseline -0.002 1"><span class='ocrx_word' id='word_1_512' title='bbox 92 4195 252 4268; x_wconf 90' lang='lat' dir='ltr'>turbant.</span> <span class='ocrx_word' id='word_1_513' title='bbox 1021 4214 1023 4219; x_wconf 69' lang='grc'>’</span> <span class='ocrx_word' id='word_1_514' title='bbox 1134 4201 1205 4257; x_wconf 91' lang='lat' dir='ltr'>tem</span> <span class='ocrx_word' id='word_1_515' title='bbox 1224 4186 1262 4254; x_wconf 92' lang='lat' dir='ltr'>in</span> <span class='ocrx_word' id='word_1_516' title='bbox 1279 4199 1350 4257; x_wconf 90' lang='lat' dir='ltr'>tam</span> <span class='ocrx_word' id='word_1_517' title='bbox 1372 4187 1587 4258; x_wconf 80' lang='lat' dir='ltr'>flexibilibus</span> <span class='ocrx_word' id='word_1_518' title='bbox 1609 4194 1764 4263; x_wconf 86' lang='lat' dir='ltr'>materiis</span> <span class='ocrx_word' id='word_1_519' title='bbox 1789 4195 1941 4267; x_wconf 86' lang='lat' dir='ltr'>retinere</span> <span class='ocrx_word' id='word_1_520' title='bbox 1965 4210 2000 4268; x_wconf 90' lang='lat' dir='ltr'>et</span> <span class='ocrx_word' id='word_1_521' title='bbox 2025 4197 2128 4266; x_wconf 87' lang='lat' dir='ltr'>tueri.</span> 
     </span>
    </p>

    <p class='ocr_par' dir='ltr' id='par_1_4' title="bbox 85 4286 2129 5504">
     <span class='ocr_line' id='line_1_40' title="bbox 193 4286 2128 4386; baseline 0.003 -23"><span class='ocrx_word' id='word_1_522' title='bbox 193 4294 287 4363; x_wconf 88' lang='lat' dir='ltr'>Illud</span> <span class='ocrx_word' id='word_1_523' title='bbox 305 4290 413 4382; x_wconf 87' lang='lat' dir='ltr'>igitur</span> <span class='ocrx_word' id='word_1_524' title='bbox 434 4293 563 4364; x_wconf 86' lang='lat' dir='ltr'>rectius</span> <span class='ocrx_word' id='word_1_525' title='bbox 579 4305 647 4377; x_wconf 90' lang='lat' dir='ltr'>est,</span> <span class='ocrx_word' id='word_1_526' title='bbox 671 4313 752 4362; x_wconf 92' lang='lat' dir='ltr'>cum</span> <span class='ocrx_word' id='word_1_527' title='bbox 772 4289 948 4384; x_wconf 88' lang='lat' dir='ltr'>quaelibet</span> <span class='ocrx_word' id='word_1_528' title='bbox 965 4290 1021 4359; x_wconf 82' lang='lat' dir='ltr'>lex</span> <span class='ocrx_word' id='word_1_529' title='bbox 1039 4292 1083 4359; x_wconf 91' lang='lat' dir='ltr'>de</span> <span class='ocrx_word' id='word_1_530' title='bbox 1134 4286 1216 4360; x_wconf 89' lang='lat' dir='ltr'>Sint</span> <span class='ocrx_word' id='word_1_531' title='bbox 1238 4288 1346 4378; x_wconf 87' lang='lat' dir='ltr'>igitur</span> <span class='ocrx_word' id='word_1_532' title='bbox 1374 4290 1536 4360; x_wconf 90' lang='lat' dir='ltr'>custodes</span> <span class='ocrx_word' id='word_1_533' title='bbox 1568 4290 1655 4362; x_wconf 86' lang='lat' dir='ltr'>iuris</span> <span class='ocrx_word' id='word_1_534' title='bbox 1683 4294 1839 4386; x_wconf 91' lang='lat' dir='ltr'>primum</span> <span class='ocrx_word' id='word_1_535' title='bbox 1864 4297 1932 4367; x_wconf 88' lang='lat' dir='ltr'>viri</span> <span class='ocrx_word' id='word_1_536' title='bbox 1953 4299 2059 4382; x_wconf 89' lang='lat' dir='ltr'>boni,</span> <span class='ocrx_word' id='word_1_537' title='bbox 2093 4310 2128 4368; x_wconf 90' lang='lat' dir='ltr'>et</span> 
     </span>
     <span class='ocr_line' id='line_1_41' title="bbox 90 4389 2129 4488; baseline -0 -18"><span class='ocrx_word' id='word_1_538' title='bbox 90 4423 166 4470; x_wconf 87' lang='lat' dir='ltr'>nno</span> <span class='ocrx_word' id='word_1_539' title='bbox 190 4395 311 4487; x_wconf 91' lang='lat' dir='ltr'>aliquo</span> <span class='ocrx_word' id='word_1_540' title='bbox 331 4417 413 4464; x_wconf 87' lang='lat' dir='ltr'>casu</span> <span class='ocrx_word' id='word_1_541' title='bbox 444 4398 507 4487; x_wconf 89' lang='lat' dir='ltr'>qui</span> <span class='ocrx_word' id='word_1_542' title='bbox 530 4395 727 4488; x_wconf 88' lang='lat' dir='ltr'>plerunque</span> <span class='ocrx_word' id='word_1_543' title='bbox 752 4393 881 4462; x_wconf 87' lang='lat' dir='ltr'>accidit</span> <span class='ocrx_word' id='word_1_544' title='bbox 904 4391 1083 4484; x_wconf 88' lang='lat' dir='ltr'>loquatur.</span> <span class='ocrx_word' id='word_1_545' title='bbox 1134 4403 1290 4461; x_wconf 86' lang='lat' dir='ltr'>amantes</span> <span class='ocrx_word' id='word_1_546' title='bbox 1304 4389 1462 4460; x_wconf 86' lang='lat' dir='ltr'>veritatis</span> <span class='ocrx_word' id='word_1_547' title='bbox 1472 4404 1512 4461; x_wconf 82' lang='lat' dir='ltr'>et</span> <span class='ocrx_word' id='word_1_548' title='bbox 1522 4391 1692 4481; x_wconf 87' lang='lat' dir='ltr'>iustitiae;</span> <span class='ocrx_word' id='word_1_549' title='bbox 1715 4397 1844 4467; x_wconf 90' lang='lat' dir='ltr'>deinde</span> <span class='ocrx_word' id='word_1_550' title='bbox 1865 4400 1968 4469; x_wconf 88' lang='lat' dir='ltr'>ctiam</span> <span class='ocrx_word' id='word_1_551' title='bbox 1987 4401 2129 4486; x_wconf 88' lang='lat' dir='ltr'>eruditi,</span> 
     </span>
     <span class='ocr_line' id='line_1_42' title="bbox 90 4490 2127 4593; baseline 0 -23"><span class='ocrx_word' id='word_1_552' title='bbox 90 4499 162 4570; x_wconf 88' lang='lat' dir='ltr'>Hic</span> <span class='ocrx_word' id='word_1_553' title='bbox 177 4519 277 4567; x_wconf 89' lang='lat' dir='ltr'>casus</span> <span class='ocrx_word' id='word_1_554' title='bbox 290 4493 327 4562; x_wconf 91' lang='lat' dir='ltr'>in</span> <span class='ocrx_word' id='word_1_555' title='bbox 342 4497 638 4565; x_wconf 89' lang='lat' dir='ltr'>accommodanda</span> <span class='ocrx_word' id='word_1_556' title='bbox 653 4497 728 4586; x_wconf 90' lang='lat' dir='ltr'>lege</span> <span class='ocrx_word' id='word_1_557' title='bbox 742 4493 936 4563; x_wconf 91' lang='lat' dir='ltr'>intuendus</span> <span class='ocrx_word' id='word_1_558' title='bbox 950 4506 1019 4581; x_wconf 91' lang='lat' dir='ltr'>est,</span> <span class='ocrx_word' id='word_1_559' title='bbox 1042 4507 1083 4564; x_wconf 88' lang='lat' dir='ltr'>ut</span> <span class='ocrx_word' id='word_1_560' title='bbox 1133 4490 1337 4580; x_wconf 90' lang='lat' dir='ltr'>vigilantes,</span> <span class='ocrx_word' id='word_1_561' title='bbox 1375 4492 1564 4564; x_wconf 87' lang='lat' dir='ltr'>exercitati.</span> <span class='ocrx_word' id='word_1_562' title='bbox 1625 4492 1717 4566; x_wconf 85' lang='lat' dir='ltr'>Nam</span> <span class='ocrx_word' id='word_1_563' title='bbox 1752 4512 1786 4568; x_wconf 91' lang='lat' dir='ltr'>et</span> <span class='ocrx_word' id='word_1_564' title='bbox 1815 4501 1901 4570; x_wconf 89' lang='lat' dir='ltr'>boni</span> <span class='ocrx_word' id='word_1_565' title='bbox 1934 4503 2127 4593; x_wconf 89' lang='lat' dir='ltr'>aliquando</span> 
     </span>
     <span class='ocr_line' id='line_1_43' title="bbox 88 4592 2126 4694; baseline 0 -21"><span class='ocrx_word' id='word_1_566' title='bbox 88 4602 138 4673; x_wconf 87' lang='lat' dir='ltr'>sit</span> <span class='ocrx_word' id='word_1_567' title='bbox 161 4624 286 4670; x_wconf 92' lang='lat' dir='ltr'>norma</span> <span class='ocrx_word' id='word_1_568' title='bbox 316 4596 658 4688; x_wconf 88' lang='lat' dir='ltr'>interpretationum.</span> <span class='ocrx_word' id='word_1_569' title='bbox 715 4594 790 4666; x_wconf 87' lang='lat' dir='ltr'>Lex</span> <span class='ocrx_word' id='word_1_570' title='bbox 818 4618 908 4691; x_wconf 87' lang='lat' dir='ltr'>quae</span> <span class='ocrx_word' id='word_1_571' title='bbox 940 4595 1082 4684; x_wconf 87' lang='lat' dir='ltr'>capitali</span> <span class='ocrx_word' id='word_1_572' title='bbox 1132 4593 1247 4683; x_wconf 84' lang='lat' dir='ltr'>specie</span> <span class='ocrx_word' id='word_1_573' title='bbox 1268 4592 1353 4664; x_wconf 88' lang='lat' dir='ltr'>recti</span> <span class='ocrx_word' id='word_1_574' title='bbox 1378 4592 1560 4668; x_wconf 85' lang='lat' dir='ltr'>labuntur.</span> <span class='ocrx_word' id='word_1_575' title='bbox 1613 4593 1696 4666; x_wconf 92' lang='lat' dir='ltr'>ldeo</span> <span class='ocrx_word' id='word_1_576' title='bbox 1712 4600 1884 4669; x_wconf 92' lang='lat' dir='ltr'>acerrimo</span> <span class='ocrx_word' id='word_1_577' title='bbox 1902 4602 2020 4670; x_wconf 87' lang='lat' dir='ltr'>studio</span> <span class='ocrx_word' id='word_1_578' title='bbox 2036 4626 2126 4694; x_wconf 91' lang='lat' dir='ltr'>opus</span> 
     </span>
     <span class='ocr_line' id='line_1_44' title="bbox 89 4694 2128 4793; baseline -0.002 -18"><span class='ocrx_word' id='word_1_579' title='bbox 89 4703 265 4793; x_wconf 86' lang='lat' dir='ltr'>supplicio</span> <span class='ocrx_word' id='word_1_580' title='bbox 288 4701 383 4768; x_wconf 87' lang='lat' dir='ltr'>fures</span> <span class='ocrx_word' id='word_1_581' title='bbox 406 4697 530 4788; x_wconf 89' lang='lat' dir='ltr'>punit,</span> <span class='ocrx_word' id='word_1_582' title='bbox 557 4695 722 4784; x_wconf 87' lang='lat' dir='ltr'>intelligit</span> <span class='ocrx_word' id='word_1_583' title='bbox 745 4711 955 4786; x_wconf 77' lang='lat' dir='ltr'>grassatores</span> <span class='ocrx_word' id='word_1_584' title='bbox 974 4710 1007 4767; x_wconf 89' lang='lat' dir='ltr'>et</span> <span class='ocrx_word' id='word_1_585' title='bbox 1024 4697 1082 4767; x_wconf 87' lang='lat' dir='ltr'>in·</span> <span class='ocrx_word' id='word_1_586' title='bbox 1132 4706 1202 4779; x_wconf 88' lang='lat' dir='ltr'>est,</span> <span class='ocrx_word' id='word_1_587' title='bbox 1226 4708 1265 4765; x_wconf 93' lang='lat' dir='ltr'>ut</span> <span class='ocrx_word' id='word_1_588' title='bbox 1278 4694 1372 4764; x_wconf 89' lang='lat' dir='ltr'>intra</span> <span class='ocrx_word' id='word_1_589' title='bbox 1390 4705 1500 4763; x_wconf 89' lang='lat' dir='ltr'>metas</span> <span class='ocrx_word' id='word_1_590' title='bbox 1516 4706 1550 4763; x_wconf 92' lang='lat' dir='ltr'>et</span> <span class='ocrx_word' id='word_1_591' title='bbox 1568 4710 1665 4788; x_wconf 90' lang='lat' dir='ltr'>septa</span> <span class='ocrx_word' id='word_1_592' title='bbox 1680 4700 1838 4771; x_wconf 86' lang='lat' dir='ltr'>veritatis</span> <span class='ocrx_word' id='word_1_593' title='bbox 1855 4703 2042 4793; x_wconf 88' lang='lat' dir='ltr'>opiniones</span> <span class='ocrx_word' id='word_1_594' title='bbox 2059 4730 2128 4773; x_wconf 90' lang='lat' dir='ltr'>no.</span> 
     </span>
     <span class='ocr_line' id='line_1_45' title="bbox 89 4792 2127 4892; baseline -0 -15"><span class='ocrx_word' id='word_1_595' title='bbox 89 4806 292 4887; x_wconf 85' lang='lat' dir='ltr'>sidiatores,</span> <span class='ocrx_word' id='word_1_596' title='bbox 326 4822 477 4892; x_wconf 86' lang='lat' dir='ltr'>quorum</span> <span class='ocrx_word' id='word_1_597' title='bbox 501 4811 595 4869; x_wconf 87' lang='lat' dir='ltr'>actas</span> <span class='ocrx_word' id='word_1_598' title='bbox 617 4810 652 4867; x_wconf 92' lang='lat' dir='ltr'>et</span> <span class='ocrx_word' id='word_1_599' title='bbox 676 4801 892 4869; x_wconf 91' lang='lat' dir='ltr'>consuetudo</span> <span class='ocrx_word' id='word_1_600' title='bbox 910 4798 1081 4868; x_wconf 88' lang='lat' dir='ltr'>intuenda</span> <span class='ocrx_word' id='word_1_601' title='bbox 1132 4808 1220 4864; x_wconf 90' lang='lat' dir='ltr'>stras</span> <span class='ocrx_word' id='word_1_602' title='bbox 1235 4795 1469 4866; x_wconf 89' lang='lat' dir='ltr'>includamus.</span> <span class='ocrx_word' id='word_1_603' title='bbox 1521 4792 1627 4884; x_wconf 87' lang='lat' dir='ltr'>Quod</span> <span class='ocrx_word' id='word_1_604' title='bbox 1645 4798 1683 4867; x_wconf 91' lang='lat' dir='ltr'>in</span> <span class='ocrx_word' id='word_1_605' title='bbox 1697 4798 1854 4890; x_wconf 88' lang='lat' dir='ltr'>Reipub.</span> <span class='ocrx_word' id='word_1_606' title='bbox 1869 4803 2127 4892; x_wconf 88' lang='lat' dir='ltr'>gubernatione</span> 
     </span>
     <span class='ocr_line' id='line_1_46' title="bbox 89 4898 2128 4992; baseline 0 -17"><span class='ocrx_word' id='word_1_607' title='bbox 89 4922 155 4981; x_wconf 82' lang='lat' dir='ltr'>est.</span> <span class='ocrx_word' id='word_1_608' title='bbox 204 4901 289 4975; x_wconf 88' lang='lat' dir='ltr'>Alia</span> <span class='ocrx_word' id='word_1_609' title='bbox 313 4925 367 4970; x_wconf 88' lang='lat' dir='ltr'>res</span> <span class='ocrx_word' id='word_1_610' title='bbox 388 4912 456 4983; x_wconf 89' lang='lat' dir='ltr'>est,</span> <span class='ocrx_word' id='word_1_611' title='bbox 491 4899 521 4967; x_wconf 91' lang='lat' dir='ltr'>si</span> <span class='ocrx_word' id='word_1_612' title='bbox 548 4918 637 4990; x_wconf 79' lang='lat' dir='ltr'>peter</span> <span class='ocrx_word' id='word_1_613' title='bbox 656 4899 817 4967; x_wconf 90' lang='lat' dir='ltr'>nondum</span> <span class='ocrx_word' id='word_1_614' title='bbox 839 4900 923 4970; x_wconf 84' lang='lat' dir='ltr'>satis</span> <span class='ocrx_word' id='word_1_615' title='bbox 945 4900 1082 4969; x_wconf 87' lang='lat' dir='ltr'>intelli·</span> <span class='ocrx_word' id='word_1_616' title='bbox 1132 4918 1263 4966; x_wconf 89' lang='lat' dir='ltr'>munus</span> <span class='ocrx_word' id='word_1_617' title='bbox 1283 4911 1405 4967; x_wconf 87' lang='lat' dir='ltr'>noster</span> <span class='ocrx_word' id='word_1_618' title='bbox 1428 4899 1517 4966; x_wconf 90' lang='lat' dir='ltr'>ordo</span> <span class='ocrx_word' id='word_1_619' title='bbox 1545 4898 1735 4985; x_wconf 90' lang='lat' dir='ltr'>sustineat,</span> <span class='ocrx_word' id='word_1_620' title='bbox 1760 4926 1834 4971; x_wconf 92' lang='lat' dir='ltr'>non</span> <span class='ocrx_word' id='word_1_621' title='bbox 1859 4918 1909 4975; x_wconf 90' lang='lat' dir='ltr'>est</span> <span class='ocrx_word' id='word_1_622' title='bbox 1925 4906 2128 4992; x_wconf 88' lang='lat' dir='ltr'>obscurum,</span> 
     </span>
     <span class='ocr_line' id='line_1_47' title="bbox 89 4996 2127 5103; baseline 0 -24"><span class='ocrx_word' id='word_1_623' title='bbox 89 5033 175 5103; x_wconf 88' lang='lat' dir='ltr'>gens</span> <span class='ocrx_word' id='word_1_624' title='bbox 199 5016 371 5100; x_wconf 90' lang='lat' dir='ltr'>quantum</span> <span class='ocrx_word' id='word_1_625' title='bbox 389 5002 436 5073; x_wconf 91' lang='lat' dir='ltr'>sit</span> <span class='ocrx_word' id='word_1_626' title='bbox 458 5001 496 5069; x_wconf 93' lang='lat' dir='ltr'>in</span> <span class='ocrx_word' id='word_1_627' title='bbox 520 5000 616 5070; x_wconf 89' lang='lat' dir='ltr'>furto</span> <span class='ocrx_word' id='word_1_628' title='bbox 639 4998 891 5089; x_wconf 86' lang='lat' dir='ltr'>turpitudinis,</span> <span class='ocrx_word' id='word_1_629' title='bbox 921 4998 1078 5070; x_wconf 89' lang='lat' dir='ltr'>alienum</span> <span class='ocrx_word' id='word_1_630' title='bbox 1131 4998 1261 5066; x_wconf 90' lang='lat' dir='ltr'>nostris</span> <span class='ocrx_word' id='word_1_631' title='bbox 1284 4996 1442 5067; x_wconf 85' lang='lat' dir='ltr'>consiliis</span> <span class='ocrx_word' id='word_1_632' title='bbox 1465 5015 1498 5071; x_wconf 87' lang='lat' dir='ltr'>et</span> <span class='ocrx_word' id='word_1_633' title='bbox 1522 5001 1705 5071; x_wconf 88' lang='lat' dir='ltr'>sententiis</span> <span class='ocrx_word' id='word_1_634' title='bbox 1729 5002 1881 5086; x_wconf 88' lang='lat' dir='ltr'>iudicia,</span> <span class='ocrx_word' id='word_1_635' title='bbox 1906 5006 2069 5094; x_wconf 84' lang='lat' dir='ltr'>foedera,</span> <span class='ocrx_word' id='word_1_636' title='bbox 2093 5023 2127 5080; x_wconf 86' lang='lat' dir='ltr'>ct</span> 
     </span>
     <span class='ocr_line' id='line_1_48' title="bbox 87 5098 2128 5206; baseline 0 -25"><span class='ocrx_word' id='word_1_637' title='bbox 87 5113 241 5206; x_wconf 87' lang='lat' dir='ltr'>quadam</span> <span class='ocrx_word' id='word_1_638' title='bbox 266 5104 388 5176; x_wconf 89' lang='lat' dir='ltr'>aetatis</span> <span class='ocrx_word' id='word_1_639' title='bbox 410 5102 563 5174; x_wconf 89' lang='lat' dir='ltr'>stulticia</span> <span class='ocrx_word' id='word_1_640' title='bbox 583 5102 738 5185; x_wconf 85' lang='lat' dir='ltr'>auferat,</span> <span class='ocrx_word' id='word_1_641' title='bbox 770 5113 833 5172; x_wconf 85' lang='lat' dir='ltr'>aut</span> <span class='ocrx_word' id='word_1_642' title='bbox 853 5100 883 5169; x_wconf 87' lang='lat' dir='ltr'>si</span> <span class='ocrx_word' id='word_1_643' title='bbox 905 5101 984 5192; x_wconf 85' lang='lat' dir='ltr'>quis</span> <span class='ocrx_word' id='word_1_644' title='bbox 1000 5126 1080 5172; x_wconf 93' lang='lat' dir='ltr'>mo-</span> <span class='ocrx_word' id='word_1_645' title='bbox 1130 5121 1221 5190; x_wconf 87' lang='lat' dir='ltr'>pcnc</span> <span class='ocrx_word' id='word_1_646' title='bbox 1244 5098 1365 5170; x_wconf 88' lang='lat' dir='ltr'>omnia</span> <span class='ocrx_word' id='word_1_647' title='bbox 1388 5099 1531 5170; x_wconf 85' lang='lat' dir='ltr'>vincula</span> <span class='ocrx_word' id='word_1_648' title='bbox 1554 5101 1649 5192; x_wconf 87' lang='lat' dir='ltr'>pacis</span> <span class='ocrx_word' id='word_1_649' title='bbox 1664 5104 1738 5194; x_wconf 91' lang='lat' dir='ltr'>regi</span> <span class='ocrx_word' id='word_1_650' title='bbox 1753 5107 1880 5180; x_wconf 86' lang='lat' dir='ltr'>solent.</span> <span class='ocrx_word' id='word_1_651' title='bbox 1939 5106 1978 5179; x_wconf 93' lang='lat' dir='ltr'>ld</span> <span class='ocrx_word' id='word_1_652' title='bbox 1996 5132 2128 5181; x_wconf 84' lang='lat' dir='ltr'>munus</span> 
     </span>
     <span class='ocr_line' id='line_1_49' title="bbox 88 5200 2128 5302; baseline -0.002 -18"><span class='ocrx_word' id='word_1_653' title='bbox 88 5219 226 5298; x_wconf 88' lang='lat' dir='ltr'>destus,</span> <span class='ocrx_word' id='word_1_654' title='bbox 258 5233 320 5302; x_wconf 89' lang='lat' dir='ltr'>per</span> <span class='ocrx_word' id='word_1_655' title='bbox 347 5204 595 5295; x_wconf 88' lang='lat' dir='ltr'>negligentiam</span> <span class='ocrx_word' id='word_1_656' title='bbox 628 5227 701 5273; x_wconf 90' lang='lat' dir='ltr'>non</span> <span class='ocrx_word' id='word_1_657' title='bbox 725 5202 884 5272; x_wconf 90' lang='lat' dir='ltr'>reddidit</span> <span class='ocrx_word' id='word_1_658' title='bbox 905 5201 1077 5273; x_wconf 89' lang='lat' dir='ltr'>alienum:</span> <span class='ocrx_word' id='word_1_659' title='bbox 1129 5201 1234 5289; x_wconf 91' lang='lat' dir='ltr'>longe</span> <span class='ocrx_word' id='word_1_660' title='bbox 1254 5200 1368 5270; x_wconf 89' lang='lat' dir='ltr'>maius</span> <span class='ocrx_word' id='word_1_661' title='bbox 1391 5214 1462 5286; x_wconf 91' lang='lat' dir='ltr'>est,</span> <span class='ocrx_word' id='word_1_662' title='bbox 1494 5225 1601 5296; x_wconf 90' lang='lat' dir='ltr'>quam</span> <span class='ocrx_word' id='word_1_663' title='bbox 1623 5205 1680 5275; x_wconf 92' lang='lat' dir='ltr'>cui</span> <span class='ocrx_word' id='word_1_664' title='bbox 1698 5201 1853 5279; x_wconf 90' lang='lat' dir='ltr'>humana</span> <span class='ocrx_word' id='word_1_665' title='bbox 1874 5210 2045 5302; x_wconf 86' lang='lat' dir='ltr'>sapientia</span> <span class='ocrx_word' id='word_1_666' title='bbox 2063 5234 2128 5301; x_wconf 91' lang='lat' dir='ltr'>par</span> 
     </span>
     <span class='ocr_line' id='line_1_50' title="bbox 87 5300 2128 5399; baseline -0.003 -12"><span class='ocrx_word' id='word_1_667' title='bbox 87 5320 132 5387; x_wconf 90' lang='lat' dir='ltr'>de</span> <span class='ocrx_word' id='word_1_668' title='bbox 158 5310 213 5382; x_wconf 90' lang='lat' dir='ltr'>bis</span> <span class='ocrx_word' id='word_1_669' title='bbox 230 5311 369 5383; x_wconf 88' lang='lat' dir='ltr'>casibus</span> <span class='ocrx_word' id='word_1_670' title='bbox 386 5309 495 5397; x_wconf 86' lang='lat' dir='ltr'>legem</span> <span class='ocrx_word' id='word_1_671' title='bbox 513 5330 587 5375; x_wconf 92' lang='lat' dir='ltr'>non</span> <span class='ocrx_word' id='word_1_672' title='bbox 607 5305 706 5399; x_wconf 88' lang='lat' dir='ltr'>loqui</span> <span class='ocrx_word' id='word_1_673' title='bbox 724 5317 997 5374; x_wconf 91' lang='lat' dir='ltr'>consentaneum</span> <span class='ocrx_word' id='word_1_674' title='bbox 1014 5318 1075 5376; x_wconf 91' lang='lat' dir='ltr'>est.</span> <span class='ocrx_word' id='word_1_675' title='bbox 1129 5326 1202 5373; x_wconf 86' lang='lat' dir='ltr'>csse</span> <span class='ocrx_word' id='word_1_676' title='bbox 1231 5302 1359 5393; x_wconf 87' lang='lat' dir='ltr'>possit,</span> <span class='ocrx_word' id='word_1_677' title='bbox 1389 5304 1449 5372; x_wconf 90' lang='lat' dir='ltr'>sed</span> <span class='ocrx_word' id='word_1_678' title='bbox 1476 5300 1574 5374; x_wconf 89' lang='lat' dir='ltr'>Deus</span> <span class='ocrx_word' id='word_1_679' title='bbox 1597 5303 1764 5378; x_wconf 85' lang='lat' dir='ltr'>facientes</span> <span class='ocrx_word' id='word_1_680' title='bbox 1788 5310 1945 5385; x_wconf 87' lang='lat' dir='ltr'>adiuvat.</span> <span class='ocrx_word' id='word_1_681' title='bbox 2008 5311 2128 5396; x_wconf 82' lang='lat' dir='ltr'>Fides,</span> 
     </span>
     <span class='ocr_line' id='line_1_51' title="bbox 85 5404 2128 5504; baseline -0.004 -14"><span class='ocrx_word' id='word_1_682' title='bbox 85 5414 190 5490; x_wconf 85' lang='lat' dir='ltr'>Esset</span> <span class='ocrx_word' id='word_1_683' title='bbox 209 5415 318 5504; x_wconf 90' lang='lat' dir='ltr'>igitur</span> <span class='ocrx_word' id='word_1_684' title='bbox 339 5409 499 5482; x_wconf 89' lang='lat' dir='ltr'>strictum</span> <span class='ocrx_word' id='word_1_685' title='bbox 522 5407 578 5480; x_wconf 88' lang='lat' dir='ltr'>ius</span> <span class='ocrx_word' id='word_1_686' title='bbox 595 5407 875 5492; x_wconf 83' lang='lat' dir='ltr'>calumniosum,</span> <span class='ocrx_word' id='word_1_687' title='bbox 899 5404 1005 5475; x_wconf 85' lang='lat' dir='ltr'>verba</span> <span class='ocrx_word' id='word_1_688' title='bbox 1019 5429 1077 5477; x_wconf 87' lang='lat' dir='ltr'>re·</span> <span class='ocrx_word' id='word_1_689' title='bbox 1127 5404 1332 5494; x_wconf 85' lang='lat' dir='ltr'>diligentia,</span> <span class='ocrx_word' id='word_1_690' title='bbox 1357 5405 1535 5494; x_wconf 85' lang='lat' dir='ltr'>studium,</span> <span class='ocrx_word' id='word_1_691' title='bbox 1559 5407 1669 5478; x_wconf 89' lang='lat' dir='ltr'>animi</span> <span class='ocrx_word' id='word_1_692' title='bbox 1689 5412 1884 5484; x_wconf 89' lang='lat' dir='ltr'>moderatio</span> <span class='ocrx_word' id='word_1_693' title='bbox 1911 5412 2052 5485; x_wconf 87' lang='lat' dir='ltr'>anobis</span> <span class='ocrx_word' id='word_1_694' title='bbox 2072 5437 2128 5485; x_wconf 89' lang='lat' dir='ltr'>re-</span> 
     </span>
    </p>
   </div>
   <div class='ocr_carea' id='block_1_3' title="bbox 0 0 2370 6023">
    <p class='ocr_par' dir='ltr' id='par_1_5' title="bbox 0 0 2370 6023">
     <span class='ocr_line' id='line_1_52' title="bbox 0 0 2370 6023; baseline 0 0"><span class='ocrx_word' id='word_1_695' title='bbox 0 0 2370 6023; x_wconf 95' lang='lat' dir='ltr'> </span> 
     </span>
    </p>
   </div>
  </div>
 </body>
</html>
