4732 6030
146 317 223 395 878

146 489 273 562 talium
287 487 477 576 figurarum
497 486 623 578 plenus
638 500 709 572 est,
739 510 889 582 quarum
909 486 998 557 aliae
1015 485 1137 576 magis,

146 592 235 661 aliae
256 589 374 658 minus
398 600 551 657 remotae
579 602 703 660 sunta
725 603 844 661 nostra
869 588 1135 663 consuetudine.

144 688 192 762 Et
218 713 319 780 saepe
347 688 556 780 praecipuae
583 693 788 781 dogmatum
812 690 1073 760 controversiae
1095 713 1136 758 ex

144 815 271 881 genere
303 791 477 862 sermonis
509 790 723 867 iudicantur.
777 789 958 862 Vocabula
991 788 1134 883 pcccati,

145 893 295 984 gratiae,
327 892 427 976 fidei,
462 891 638 979 iustitiae,
669 892 946 979 iustificationis,
979 893 1135 986 spiritus,

144 1018 248 1088 saepe
269 993 372 1063 aliter
394 993 432 1060 in
454 1016 615 1064 sermone
646 991 852 1087 prophetico
881 1007 916 1065 et
940 993 1133 1086 apostolico

145 1108 381 1187 usurpantur,
410 1118 516 1188 quam
534 1099 626 1187 apud
646 1091 932 1181 Demosthenem,
957 1108 1018 1166 aut
1031 1092 1133 1165 Cice-

136 1201 283 1267 ronem.
334 1194 525 1284 Quomodo
549 1210 665 1267 autem
692 1221 748 1268 res
772 1198 945 1266 maximae
972 1220 1133 1287 compre·

145 1294 274 1368 hensae
296 1291 351 1366 his
372 1298 669 1389 appellationibus
695 1300 792 1369 cerni
823 1312 1008 1389 poterunt,
1038 1298 1067 1367 si
1093 1298 1131 1365 in

144 1398 317 1470 sermonis
338 1399 628 1491 intermutatione
652 1424 751 1470 mens
772 1399 934 1473 aberrat?
982 1396 1029 1469 Et
1052 1411 1134 1468 ante

144 1497 236 1571 hanc
249 1513 397 1570 aetatem
415 1501 518 1570 multi
534 1496 742 1574 hallucinati
759 1514 841 1573 sunt
858 1515 1002 1593 propter
1024 1500 1132 1570 insci-

145 1605 232 1673 tiam
244 1598 417 1671 Ebraicae
432 1604 699 1674 consuetudinis
715 1605 752 1673 in
769 1600 824 1674 bis
838 1604 924 1695 ipsis
940 1602 1132 1686 vocabulis,

143 1717 180 1774 et
201 1726 296 1772 nunc
318 1702 423 1772 multi
441 1703 596 1774 retinent
619 1708 798 1777 mordicus
818 1705 922 1775 salsas
944 1704 1132 1796 opiniones

143 1820 288 1896 propter
302 1806 450 1873 candem
465 1828 616 1880 causam.
838 1884 841 1888 ,

245 1902 350 1974 Fides
378 1904 516 1976 Latinis
545 1907 721 1977 veteribus
760 1921 794 1979 et
826 1905 972 1977 Graecis
1004 1910 1130 1976 adsen-

32 2092 35 2097 .
142 2006 279 2075 sionem
303 2006 484 2095 significat.
535 2005 639 2077 Nunc
655 2032 734 2076 cum
753 2009 879 2097 vulgus
894 2009 1000 2090 dicit,
1026 2004 1131 2076 Fides

143 2102 316 2177 catholica
340 2107 513 2196 significat
534 2110 744 2181 doctrinam.
792 2106 1131 2200 Hancdepravatio-

143 2232 225 2275 nem
240 2232 260 2276 a
274 2209 380 2297 vulgo
404 2222 579 2300 acceptam
605 2211 820 2280 transferunt
841 2211 942 2280 multi
965 2213 1008 2280 ad
1027 2233 1131 2279 enar·

142 2308 317 2379 rationem
339 2308 459 2395 Pauli,
490 2335 570 2380 cum
586 2312 690 2392 dicit,
716 2309 804 2381 Fide
820 2312 1066 2382 iustificamur:
1097 2323 1130 2380 et

141 2410 318 2479 mirantur
338 2411 527 2481 stulticiam
552 2426 724 2495 nostram,
750 2416 846 2507 quod
870 2411 970 2483 Pauli
996 2413 1128 2483 dictum

142 2510 406 2601 amplectimur,
430 2535 509 2581 cum
524 2537 629 2582 nemo
651 2514 696 2583 sit
718 2514 830 2584 iustus
847 2515 1019 2585 doctrina.
1070 2511 1130 2581 lu-

54 2640 57 2645 ·
142 2612 260 2695 sticia,
286 2612 473 2706 inquiunt,
502 2614 613 2684 virtus
634 2628 685 2699 est
700 2614 910 2708 voluntatis:
938 2614 1043 2688 Fides
1063 2638 1130 2682 no-

143 2712 224 2782 ticia
240 2725 302 2797 est,
328 2737 418 2806 quae
433 2713 534 2784 alteri
550 2717 640 2805 parti
658 2716 799 2806 propria
816 2730 879 2792 cst.
930 2716 1003 2787 Nec
1019 2714 1130 2804 magis

141 2828 234 2884 recte
253 2814 322 2885 dici
343 2828 485 2906 putant,
510 2814 599 2885 Fide
614 2816 739 2885 Petrus
754 2832 806 2888 est
821 2819 948 2890 iustus:
971 2842 1076 2910 quam
1100 2816 1130 2885 si

140 2915 298 2994 dicatur,
330 2914 466 2982 Vinum
486 2937 610 3005 sapore
627 2928 678 2984 est
698 2917 858 2991 rubrum.
914 2914 1132 2988 Existimant

141 3017 261 3105 igitur,
282 3037 349 3082 nos
363 3028 403 3083 ut
412 3009 585 3101 Argivum
601 3016 829 3106 spectatorem
846 3018 885 3085 in
903 3041 1015 3088 vacuo
1030 3012 1131 3088 thea-

140 3130 208 3198 tro,
233 3115 428 3205 spectacula
445 3138 535 3205 quae
549 3140 723 3208 nusquam
739 3130 841 3202 sunt,
867 3119 996 3189 mentis
1010 3141 1131 3187 errore

141 3215 281 3304 lingere.
332 3213 402 3286 Sed
433 3216 595 3287 nesciunt
619 3217 687 3308 ipsi
711 3241 749 3287 se
777 3218 874 3289 salsis
898 3219 1131 3311 opinionibus

140 3316 345 3401 fascinatos,
376 3329 418 3386 ut
437 3320 583 3399 surdos,
615 3342 688 3391 non
713 3321 912 3391 discerncre
932 3345 1129 3391 sermonem

141 3417 279 3508 vulgis
303 3416 440 3492 divino.
496 3416 604 3491 Hunc
625 3422 790 3492 morbum
814 3423 953 3492 tolleret
974 3422 1129 3511 cognitio

140 3514 289 3610 phrasis,
314 3519 438 3612 inqua
457 3519 629 3606 videmus,
648 3521 717 3591 fide
732 3524 968 3595 assensionem
985 3538 1019 3595 et
1036 3523 1130 3593 fidu-

139 3621 229 3690 ciam
245 3621 446 3711 significari.

241 3719 315 3793 Cur
330 3721 451 3811 igitur,
477 3720 627 3816 inquies,
649 3735 767 3793 tantae
780 3737 862 3795 sunt
877 3725 968 3814 apud
981 3721 1130 3794 ludaeos

138 3826 323 3907 tenebrae,
349 3823 378 3890 si
394 3824 548 3911 cognitio
565 3823 705 3912 linguae
727 3839 761 3897 et
777 3820 914 3915 phrasis
935 3824 1055 3894 lumen
1079 3838 1130 3894 est

140 3922 357 3997 sententiae?
405 3921 549 3993 Possem
565 3925 721 3995 breviter
738 3928 967 4017 respondere:
994 3923 1130 3996 Erudi-

141 4026 268 4107 tiores‚
293 4041 334 4097 ut
350 4025 426 4094 vidi
440 4025 600 4121 aliquos,
624 4049 699 4095 non
724 4051 864 4114 peccare
884 4027 1044 4112 inscitia,
1069 4028 1128 4096 sed

141 4126 334 4196 voluntatis
356 4127 604 4217 perversitate,
629 4140 670 4197 ut
690 4128 777 4197 olim
799 4123 953 4219 Caiphas
977 4141 1013 4199 et
1029 4127 1129 4198 sirni-

25 4222 28 4227 ’
141 4227 210 4310 les,
235 4227 298 4319 qui
316 4227 482 4300 viderunt
503 4229 666 4298 miranda
681 4227 815 4300 Christi
837 4230 938 4300 lacta.
989 4227 1060 4300 Sed
1085 4230 1131 4301 sit

141 4351 226 4397 sane
242 4327 380 4397 inscitia
401 4329 438 4397 in
461 4331 663 4426 aliquibus,
688 4326 775 4401 haec
800 4355 841 4400 ex
856 4333 994 4402 duabus
1016 4332 1131 4401 causis

142 4430 271 4499 oritur:
299 4428 398 4519 prior
412 4443 485 4514 est,
509 4447 548 4503 ut
572 4434 611 4502 in
626 4455 705 4502 arca
729 4432 881 4502 foederis
903 4446 1034 4504 stantes
1052 4429 1130 4503 An-

141 4531 211 4620 geli
233 4552 307 4600 sese
327 4541 451 4599 mutuo
474 4537 754 4619 contuebantur,
779 4548 814 4606 et
829 4534 902 4603 alas
920 4535 1129 4624 iungebant:

141 4632 191 4702 ita
218 4632 346 4701 veteris
370 4644 405 4701 et
434 4632 521 4700 novi
542 4631 761 4706 Testamenti
789 4649 1019 4706 monumenta
1042 4659 1129 4705 con-

141 4745 285 4822 gmunt.
336 4729 449 4802 Vetus
469 4746 522 4803 est
540 4733 620 4803 lons
641 4737 744 4822 novi,
764 4750 804 4808 ut
820 4738 938 4832 inquit
951 4735 1129 4807 Psalmus:

140 4832 344 4904 Benedicite
358 4831 435 4903 Deo
450 4836 494 4903 de
509 4835 668 4904 lontibus
683 4834 804 4912 lsrael.
846 4836 991 4909 Novum
1008 4851 1059 4909 est
1072 4838 1130 4907 lu‘-

576 311 733 389 DECL
778 311 854 389 DE
887 310 1117 391 STUDIO
1150 306 1419 387 LlNGUAE
1451 306 1739 387 EBRAEAE.

2104 310 2181 387 874
2209 342 2212 351 ’

1186 487 1336 573 geudam
1363 505 1436 550 non
1462 481 1577 551 solum
1594 477 1700 552 huius
1714 480 1856 572 linguae
1867 481 2071 574 cognitione
2084 505 2176 575 opus
2266 524 2273 539 ·

1188 599 1255 670 est,
1280 586 1340 654 sed
1363 584 1483 653 literas
1498 581 1643 653 Latinas
1658 598 1691 654 et
1710 580 1882 669 Graecas,
1908 598 1943 656 et
1959 585 2175 656 mediocrem

1187 687 1326 758 dicendi
1344 700 1378 757 et
1392 685 1571 755 scribendi
1586 708 1690 754 usum
1706 689 1870 758 accedere
1887 699 2036 778 oportet.
2089 684 2175 758 Sine

1185 783 1252 858 bac
1267 789 1403 859 cultura
1421 811 1526 856 nemo
1542 788 1586 855 dc
1603 786 1678 856 ullo
1692 807 1854 859 sermone
1868 787 2025 859 iudicare
2041 800 2174 880 potest:

1186 913 1291 984 quam
1321 890 1382 959 illa
1412 887 1553 958 sordida
1582 887 1724 978 ingenia
1759 913 1823 960 nec
1853 888 2074 980 intelligunt,
2108 912 2174 961 nec

1185 1003 1366 1083 appetunt.

1284 1120 1447 1216 Denique
1480 1125 1524 1193 ad
1551 1136 1644 1194 recte
1676 1120 1906 1194 iudicandum
1941 1120 1980 1193 in
2007 1120 2174 1194 omnibus

1184 1223 1297 1295 causis
1312 1225 1499 1316 praecipue
1514 1249 1604 1315 opus
1620 1238 1671 1296 est
1688 1226 1781 1295 bona
1796 1238 1925 1299 mente.
1963 1221 2061 1296 Haec
2077 1223 2174 1294 euim

1185 1339 1279 1396 amat
1292 1339 1326 1396 et
1341 1326 1477 1421 quaerit
1494 1326 1693 1411 veritatem,
1717 1339 1751 1396 et
1769 1340 1939 1418 quantum
1955 1326 2031 1396 lieri
2046 1339 2176 1418 potest,

1184 1428 1228 1497 iis
1247 1451 1283 1497 se
1296 1429 1403 1498 rebus
1416 1427 1581 1506 instruit,
1606 1450 1697 1521 quae
1712 1427 1805 1496 viam
1821 1441 2036 1499 monstrant:
2064 1441 2099 1523 et
2114 1427 2174 1497 lu·

1183 1531 1251 1621 git,
1276 1543 1310 1601 et
1326 1543 1508 1600 execratur
1524 1528 1719 1598 calumnias
1739 1541 1773 1597 et
1791 1525 2031 1621 sophisticam.
2082 1524 2174 1601 Rari

1183 1644 1398 1753 suntfftem
1413 1632 1505 1722 apud
1517 1654 1639 1699 omnes
1661 1644 1781 1719 gentes
1801 1630 1952 1721 praediti
1967 1631 2028 1701 tali
2045 1642 2172 1699 mente.

1183 1732 1253 1805 Sed
1284 1758 1322 1801 rn
1354 1728 1510 1801 Ecclesia
1542 1729 1611 1801 Dei
1642 1731 1811 1801 excellere
1838 1755 1992 1801 amorem
2015 1730 2173 1801 veritatis

1182 1846 1332 1925 oportet.

1283 1967 1366 2039 Sint
1382 1966 1490 2056 igitur
1504 1967 1638 2062 aliqui,
1665 1967 1727 2059 qui
1744 1963 1918 2037 Ebraeam
1935 1966 2093 2055 linguam
2109 1988 2172 2056 ap-

1182 2082 1320 2166 petant,
1345 2081 1491 2160 propter
1513 2063 1577 2139 has
1600 2091 1737 2153 causas,
1761 2083 1802 2138 ut
1824 2069 1938 2139 sciant
1961 2067 2077 2136 fontes
2100 2067 2172 2135 do-

1182 2173 1316 2244 ctrinae
1339 2170 1598 2244 ecclesiasticae.
1648 2167 1696 2241 Et
1717 2193 1918 2264 quanquam
1950 2181 2069 2240 extant
2092 2191 2171 2237 ver·

1182 2276 1316 2357 siones,
1342 2273 1496 2362 cogitent
1516 2286 1634 2342 tamen
1651 2272 1688 2340 id
1705 2274 1800 2364 quod
1816 2295 1872 2365 res
1889 2285 1961 2356 est,
1987 2272 2030 2341 ad
2048 2291 2169 2339 earum
2228 2328 2233 2335 .

1182 2375 1464 2446 emendationem
1480 2387 1514 2444 ct
1529 2374 1803 2445 illustrationem
1822 2375 1939 2443 fontes
1960 2394 2064 2463 saepe
2084 2393 2171 2439 con-

1181 2479 1350 2547 sulendos
1371 2499 1455 2545 csse.
1515 2474 1720 2564 Agnoscent
1740 2489 1774 2544 et
1799 2470 1888 2558 hoc,
1922 2467 2068 2564 phrasin
2092 2470 2169 2539 sine

1181 2579 1322 2668 linguae
1339 2576 1542 2667 cognitione
1555 2575 1674 2646 minus
1688 2575 1851 2665 intelligi.
1890 2573 2090 2644 Plurimum
2104 2595 2169 2643 au-

1182 2694 1253 2752 tem
1285 2678 1458 2748 momenti
1487 2678 1525 2746 in
1555 2678 1789 2768 explicatione
1815 2679 2021 2765 dogmatum
2054 2673 2171 2743 adfert

1183 2782 1336 2871 cognitio
1363 2775 1512 2872 phrasis.
1564 2778 1639 2850 lmo
1660 2780 1737 2848 sine
1760 2798 1799 2848 ea
1820 2801 1894 2848 non
1918 2788 2031 2868 potest
2046 2776 2085 2842 in
2102 2768 2171 2844 ho·

1181 2885 1278 2954 mine
1292 2883 1475 2972 ingenioso
1489 2882 1633 2952 existere
1650 2881 1835 2952 certitudo.
1885 2874 2171 2948 'l'ranslormabit

1181 2986 1275 3055 enim
1293 2987 1467 3073 dogmata,
1491 2998 1531 3055 ut
1548 3006 1663 3052 ceram
1684 2983 1722 3051 in
1737 2983 1892 3052 diversas
1919 2978 2110 3051 sententias
2136 2989 2172 3049 et

1182 3086 1389 3177 perniciosis
1411 3085 1624 3154 tumultibus
1646 3084 1860 3174 opinionum
1884 3082 1959 3173 ipse
1977 3104 2051 3150 sese
2070 3102 2171 3148 ever-

1182 3200 1242 3258 tet.
1295 3184 1375 3255 Hoc
1388 3186 1509 3255 multis
1524 3186 1717 3275 ingeniosis
1733 3184 1880 3268 accidit,
1905 3206 1980 3252 non
1996 3180 2171 3274 quaereu-

1181 3288 1277 3359 tibus
1304 3287 1605 3358 confirmationem
1637 3287 1745 3356 unius
1778 3297 1892 3355 certae
1921 3298 1957 3355 et
1984 3296 2171 3375 perpetuae

1181 3390 1374 3459 sententiae
1392 3389 1429 3456 in
1446 3387 1596 3477 singulis
1611 3387 1853 3477 dogmatibus,
1877 3389 1921 3455 ad
1941 3409 2047 3478 quam
2069 3385 2170 3453 inve-

1181 3491 1349 3559 niendam
1366 3502 1400 3560 et
1417 3490 1700 3560 constituendam
1724 3483 1860 3578 phrasis
1876 3478 2032 3574 cognitio
2049 3507 2170 3555 neces-

1182 3591 1273 3660 saria
1306 3603 1370 3660 est.
1420 3588 1542 3682 Neque
1575 3583 1661 3658 haec
1695 3588 1782 3658 levis
1816 3610 1918 3658 causa
1953 3586 2171 3656 existimetur

1181 3691 1368 3759 discendae·
1382 3686 1488 3758 huius
1506 3690 1665 3777 linguae,
1691 3691 1785 3782 quod
1811 3689 2001 3759 instructos
2016 3710 2081 3757 nos
2098 3708 2171 3756 esse

1181 3804 1321 3881 oportet
1336 3792 1379 3860 ad
1396 3792 1579 3861 refutanda
1596 3791 1825 3860 deliramenta
1841 3787 2063 3859 ludaeorum.
2099 3786 2171 3859 Sed

1182 3892 1271 3962 aliae
1287 3915 1422 3974 causae,
1438 3915 1526 3983 quas
1540 3891 1714 3975 recensui,
1730 3891 1909 3981 graviores
1924 3903 2018 3964 sunt.

1281 4021 1439 4116 Exposui
1471 4047 1534 4093 cur
1564 4025 1602 4093 in
1624 4020 1780 4095 Ecclesia
1812 4026 1968 4094 studium
2000 4021 2171 4095 Ebraicae

1183 4128 1323 4216 linguae
1341 4125 1565 4196 retinendum
1582 4126 1638 4198 sit.
1689 4121 1741 4195 Ac
1755 4126 1863 4196 fuisse
1878 4127 1942 4197 Dei
1958 4148 2094 4216 semper
2109 4126 2171 4195 be-

1182 4228 1319 4314 neficio,
1344 4251 1399 4298 res
1414 4227 1585 4312 ostendit,
1611 4227 1697 4297 alias
1717 4229 1839 4317 magis,
1864 4228 1951 4298 alias
1967 4225 2084 4297 minus
2100 4226 2172 4296 fre-

1182 4354 1307 4425 quens.
1359 4327 1442 4399 Post
1466 4329 1659 4418 discipulos
1679 4327 1931 4420 Apostolorum
1955 4330 1993 4398 in
2018 4324 2169 4399 Oriente

1181 4427 1419 4525 Epiphanius,
1436 4432 1473 4500 in
1490 4430 1616 4502 Latina
1631 4428 1787 4502 Ecclesia
1800 4429 2052 4524 Hieronymus,
2068 4429 2171 4498 dein-

1182 4537 1226 4605 de
1247 4530 1303 4603 his
1321 4533 1576 4604 recentioribus
1597 4535 1817 4623 temporibus
1838 4533 2001 4628 Lyranus
2023 4544 2057 4600 et
2077 4528 2172 4602 Bur·

1181 4635 1297 4726 gensis
1314 4635 1399 4704 clari
1415 4637 1570 4718 fuerunt,
1596 4649 1631 4704 et
1646 4635 1752 4703 luisse
1767 4635 1855 4703 alios
1871 4636 2002 4703 multos
2016 4656 2090 4701 non
2103 4633 2173 4703 du·

1182 4738 1282 4808 bium
1306 4751 1367 4807 est.
1419 4733 1525 4804 Nunc
1548 4734 1651 4804 multi
1667 4736 1761 4805 docti
1777 4750 1812 4805 et
1834 4735 1882 4824 pii
1906 4730 1995 4803 hanc
2013 4734 2184 4823 linguam

1181 4836 1338 4908 studiose
1352 4836 1486 4907 colunt.
1526 4832 1674 4929 'Estque
1691 4836 1803 4905 nostri
1821 4835 1928 4904 oflicii
1953 4837 2173 4906 iuventutem

140 4961 223 5005 men
240 4935 383 5005 veteris:
409 4949 444 5006 et
458 4934 600 5006 collatio
614 4936 799 5031 utriusque
814 4943 858 5010 ad
878 4954 1057 5034 utrunque
1073 4939 1132 5007 in·
1181 4933 1383 5023 adhortari,
1408 4952 1448 5007 ut
1471 4933 1540 5007 hoc
1564 4940 1717 5019 donum,
1743 4942 1837 5031 quod
1858 4934 1954 5007 Deus
1975 4959 2113 5029 semper
2135 4936 2174 5004 iu

140 5037 371 5125 telligendum
391 5037 584 5106 necessaria
601 5050 662 5109 est
699 5035 791 5109 Cum
806 5056 923 5112 autem
939 5062 1130 5131 aspernen·
1180 5036 1337 5110 Ecclesia
1360 5039 1543 5118 excitavit,
1569 5052 1604 5109 et
1625 5038 1751 5108 studiis
1767 5041 1951 5109 doctorum
1973 5037 2172 5111 conservari

97 5132 103 5141 ’
139 5152 200 5210 tur
223 5136 347 5208 ludaei
376 5137 702 5230 interpretationem
725 5136 858 5211 Christi
880 5158 914 5215 et
936 5139 1130 5238 Apostolo-
1181 5141 1315 5226 voluit,
1340 5153 1526 5224 tueantur,
1552 5165 1592 5208 ac
1613 5140 1725 5210 sciant
1748 5163 1784 5210 se
1803 5142 1960 5211 laborem
1982 5163 2119 5210 sumere
2134 5138 2173 5207 in

139 5265 240 5326 rum,
272 5253 307 5310 et
327 5262 390 5309 sua
417 5240 555 5313 somnia
578 5242 623 5311 de
647 5241 774 5312 mundi
798 5242 968 5333 imperio,
1000 5244 1128 5313 nolunt
1182 5267 1329 5313 munere
1345 5243 1468 5313 divino
1486 5244 1723 5335 propagando,
1748 5256 1782 5313 et
1797 5242 1835 5310 iu
1853 5244 1944 5311 veris
1959 5242 2087 5332 opibus
2103 5236 2175 5310 Ec·
2303 5240 2310 5263 ‘

139 5342 311 5425 abiicere,
335 5342 491 5415 retinent
506 5343 723 5436 corruptelas
739 5344 785 5414 ab
800 5345 1053 5435 impostoribus
1069 5368 1129 5413 ex·
1180 5344 1306 5414 clasiae
1339 5344 1581 5415 defendendis.
1639 5342 1844 5415 Laudamus
1878 5345 1956 5435 pios
1991 5341 2177 5432 principes,

139 5443 320 5534 cogitatas.
370 5442 493 5516 Altera
516 5467 618 5515 causa
641 5459 708 5516 cst:
744 5439 801 5516 Ad
827 5438 972 5538 phrasin
994 5445 1127 5517 intelli·
1179 5444 1244 5541 qni
1260 5440 1454 5540 pmhibeut
1470 5445 1671 5540 pastoribus
1684 5446 1774 5538 eripi
1789 5468 1872 5515 suos
1890 5444 1992 5512 nidos
2008 5457 2044 5514 et
2059 5464 2176 5533 agros:
