4732 6030
169 248 245 326 185
647 240 810 321 DECL.
848 239 926 318 DE
957 241 1197 319 STUllllS
1228 237 1724 317 ADOLESCENTUM.
2130 238 2203 314 tas

168 443 211 490 re
234 416 399 513 quapiam
422 414 657 505 interrogatos
679 415 730 487 ita
748 417 968 510 perturbari,
1001 440 1041 487 ac
1065 415 1163 486 velut
1210 428 1327 487 autem
1353 439 1392 486 se
1424 426 1486 484 aut
1510 414 1648 494 doceri,
1681 437 1748 505 pro
1774 408 2022 502 indignissimo
2056 412 2204 497 ducunt,

168 520 338 592 attonitos
351 520 607 602 obmutescere,
631 532 671 590 ut
690 520 749 587 vix
767 520 879 590 animi
895 532 1073 610 compotes
1089 541 1163 588 esse
1211 519 1331 589 statim
1349 519 1507 609 coarguti
1526 517 1798 594 excandescunt,
1823 512 1990 606 quidni?
2014 514 2203 584 nonenim
2257 536 2264 559 t

172 625 370 694 videantur.
412 616 549 691 Eorum
565 620 712 707 deinde,
737 621 768 690 si
783 622 871 715 quid
885 622 977 690 sorte
993 621 1161 690 discendo
1211 621 1285 690 labi
1302 644 1403 712 posse
1424 634 1486 691 aut
1503 642 1619 688 errare
1635 618 1750 687 videri
1766 617 1902 687 volunt.
1935 613 2017 685 Non
2034 615 2203 704 Tigrides
2282 662 2290 671 ·

109 788 116 795 .
170 726 274 796 etiam
291 723 469 794 consecuti
482 735 585 807 sunt,
611 723 732 793 nullus
746 746 831 793 usus
846 747 919 793 esse
940 735 1066 815 potest.
1118 723 1161 791 ln
1211 725 1376 808 atrocius,
1401 736 1462 793 aut
1477 720 1656 791 infestiore
1675 721 1739 803 ira,
1764 744 1829 811 pro
1844 717 1969 788 catulis
1984 719 2205 807 depugnant,

171 821 238 897 boc
253 826 349 895 enim
366 826 483 894 omnis
498 825 697 896 studiorum
714 826 849 897 fructus
865 825 1021 918 ponitur,
1047 839 1086 896 ut
1102 847 1162 894 ex·
1213 849 1320 917 quam
1345 825 1400 892 illi
1423 849 1488 918 pro
1513 824 1585 894 suis
1606 823 1788 894 erroribus
1809 819 2052 889 defendendis.
2103 817 2204 907 Quid

170 950 350 1020 promere,
385 928 424 996 in
446 929 633 1020 lucemque
656 927 834 1019 prolerre,
868 952 908 997 ac
931 927 1102 1018 replicare
1123 926 1160 994 id
1213 923 1278 997 bos
1300 928 1455 997 facturos
1476 940 1657 1019 putemus,
1689 925 1754 996 ubi
1780 923 1829 993 sic
1848 920 1964 992 affecti
1986 923 2031 989 ad
2048 917 2203 1011 Reipub.

171 1030 288 1122 ipsum
304 1031 402 1122 quod
425 1029 513 1098 scias
535 1028 675 1120 possis.'
710 1028 758 1101 Ut
779 1029 874 1098 enim
898 1031 1055 1100 occultae
1076 1026 1161 1098 Mu·
1213 1042 1274 1100 aut
1290 1026 1468 1099 Ecclesiae
1485 1030 1723 1118 gubernacula
1745 1024 1958 1097 accesserint
1978 1037 2014 1094 et
2031 1023 2202 1094 autorita-
2237 1109 2240 1115 Ι

170 1132 283 1215 sicae,
323 1132 374 1202 ita
399 1145 518 1200 mutae
543 1146 650 1224 atque
678 1129 826 1201 infantis
853 1131 1035 1202 doctrinae
1061 1130 1161 1200 nulla
1212 1144 1282 1201 tem
1308 1155 1348 1200 ac
1369 1131 1563 1223 potentiam
1583 1131 1738 1223 aliquam
1764 1152 1844 1196 cum
1865 1127 1946 1198 isto·
1956 1124 2146 1218 supercilio
2169 1137 2205 1195 et

169 1233 283 1323 gratia
300 1247 364 1306 est.
414 1231 586 1303 Examina
601 1255 685 1302 vero
700 1246 741 1303 ut
756 1233 929 1305 iudicium
949 1235 1106 1303 formant
1121 1256 1161 1302 ac
1212 1233 1351 1304 inscitia
1366 1232 1642 1304 coniunxerint?
1676 1227 1818 1322 Ecquos
1832 1251 2068 1321 vosunquam
2086 1221 2204 1297 horni-

166 1335 317 1420 limant,
349 1335 486 1404 animos
509 1336 740 1420 confirmant,
772 1349 905 1406 acuunt
926 1336 1097 1426 ingenia,
1111 1334 1161 1405 ita
1212 1358 1275 1405 nes
1290 1336 1439 1407 audistis
1454 1334 1724 1426 perniciosiores
1739 1328 1906 1400 Ecclesiis
1922 1328 2202 1420 autRebuspub.

167 1436 330 1527 lingnam
353 1459 493 1531 qnoque
514 1438 767 1527 expeditiorem
793 1438 969 1524 elliciunt,
1001 1438 1160 1507 celerita-
1212 1437 1390 1508 extitisse?
1441 1433 1554 1531 Atqui
1569 1436 1648 1507 talis
1669 1431 1871 1524 arrogantia
1885 1444 1920 1500 et
1935 1432 2045 1501 alitur
2059 1445 2094 1501 et
2114 1453 2203 1501 con·

171 1551 246 1611 tem
281 1541 457 1631 quandam
494 1539 673 1628 cogitandi
706 1552 740 1608 et
772 1541 1065 1632 promtitudinem
1103 1563 1161 1609 re-
1211 1540 1374 1611 firmatur
1388 1539 1426 1607 in
1445 1540 1592 1624 animis,
1618 1539 1647 1607 si
1665 1538 1764 1608 nulla
1780 1546 1905 1624 agatur
1920 1535 1965 1602 de
1980 1533 2106 1603 studiis
2120 1556 2204 1602 cen-

167 1641 368 1731 spondendi
397 1638 562 1714 afferunt.
620 1640 752 1731 Magna
784 1637 869 1712 baec
895 1643 1041 1737 quidem
1067 1655 1161 1725 sunt,
1211 1664 1312 1724 sura,
1349 1642 1491 1731 ingenia
1519 1665 1595 1711 non
1620 1640 1850 1732 explorentur
1883 1646 2203 1727 coarguanturque‚

167 1744 230 1811 sed
242 1754 345 1812 estet
360 1741 429 1811 alia
445 1766 519 1811 non
535 1743 654 1812 minor
667 1745 803 1814 utilitas
816 1747 1038 1828 examinum,
1063 1745 1160 1836 quod
1211 1768 1277 1812 nee
1304 1757 1515 1814 moneantur
1542 1743 1629 1837 quid
1655 1737 1773 1811 adhuc
1798 1739 1871 1808 illis
1897 1736 2007 1822 desit,
2037 1749 2071 1806 et
2097 1758 2204 1830 quam

166 1838 355 1914 cohercent
367 1868 406 1913 ae
421 1838 589 1914 cohibent
607 1868 750 1915 cursum
763 1847 962 1916 studiorum
979 1847 1071 1914 intra
1087 1868 1162 1912 cer·
1212 1847 1318 1934 longe
1348 1840 1463 1913 adbuc
1493 1846 1609 1912 absint
1637 1846 1681 1913 ab
1716 1868 1756 1911 eo
1783 1843 1897 1931 gradu
1922 1838 2124 1921 doctrinae,
2158 1837 2205 1908 ad
2329 1898 2332 1903 .

167 1958 222 2017 tos
238 1946 385 2014 limites:
416 1944 654 2015 adolescentes
676 1947 772 2014 enim
794 1946 864 2016 nisi
881 1947 975 2017 intra
992 1960 1084 2015 certa
1099 1969 1161 2013 ve·
1212 1970 1318 2040 quem
1341 1947 1412 2014 iam
1438 1945 1587 2015 evasisse
1604 1945 1672 2016 sibi
1695 1945 1921 2014 videbantur.
1973 1940 2204 2031 Quapropter

167 2047 225 2118 lut
238 2059 336 2139 septa
350 2046 620 2125 contineantur,
646 2071 710 2116 ceu
729 2047 831 2116 navis
847 2048 885 2116 in
903 2048 1029 2116 mediis
1045 2047 1162 2117 flucti-
1212 2047 1241 2117 si
1259 2042 1353 2116 nibil
1374 2048 1472 2118 aliud
1495 2048 1659 2118 utilitatis
1679 2047 1846 2117 afferrent
1869 2043 2049 2128 examina,
2075 2043 2131 2110 vel
2155 2042 2203 2111 ob

167 2149 236 2220 bus
258 2161 395 2218 rectore
416 2147 599 2232 destituta,
632 2147 681 2219 ita
706 2150 774 2239 ipsi
797 2150 931 2219 incerto
961 2172 1066 2219 cursu
1092 2150 1162 2218 flu·
1212 2146 1304 2219 banc
1332 2174 1441 2220 unam
1475 2174 1616 2220 causam
1643 2164 1761 2220 tamen
1788 2150 1828 2217 in
1859 2142 1998 2216 scholis
2015 2144 2205 2215 retinenda

167 2261 303 2338 ctuant,
319 2262 354 2319 et
369 2249 499 2342 siquid
515 2249 620 2319 etiam
635 2249 840 2331 instituunt,
863 2252 900 2320 id
918 2252 1019 2321 nullo
1035 2252 1161 2322 ordine
1211 2267 1326 2323 erant:
1358 2254 1454 2346 quod
1476 2254 1615 2323 duabus
1637 2252 1801 2322 maximis
1821 2249 1977 2341 pestibus
1993 2248 2204 2330 studiorum,

167 2363 330 2423 tractant.
382 2349 488 2423 Unde
510 2374 654 2442 operam
676 2352 748 2421 illis
770 2375 912 2422 omnem
935 2354 974 2422 in
992 2355 1161 2423 discendo
1211 2379 1371 2448 quaeque
1400 2356 1599 2448 plerunque
1631 2354 1840 2423 coniunctae
1861 2353 1977 2421 solent
1998 2374 2091 2435 esse,
2125 2356 2235 2417 me-'

169 2465 416 2544 consumptam
436 2453 554 2544 perire
574 2477 713 2524 necesse
736 2468 799 2525 est.
849 2452 898 2525 Et
914 2457 1065 2546 gignunt
1085 2457 1161 2547 ple·
1211 2460 1361 2539 dentur,
1392 2479 1523 2549 nempe
1541 2456 1703 2546 ignaviae
1728 2468 1762 2525 et
1785 2453 2024 2541 arrogantiam
2059 2451 2104 2519 ad
2128 2449 2204 2517 exi-

167 2577 318 2648 rumque
342 2550 428 2624 haec
458 2555 688 2626 tumultuaria
717 2579 756 2627 ac
784 2578 873 2647 vaga
893 2560 1010 2628 studia
1032 2582 1160 2627 vanam
1211 2560 1380 2651 mendum
1397 2560 1492 2628 enim
1508 2573 1704 2652 torporem,
1731 2554 1975 2626 excutiendam
1996 2552 2204 2621 somnolen-

168 2656 431 2749 persuasionem
446 2657 679 2744 entditionis,
703 2682 772 2753 qua
787 2655 882 2729 nihil
897 2661 1085 2732 nocentius
1100 2674 1167 2745 est,
1212 2662 1316 2743 tiam,
1358 2661 1417 2729 vix
1450 2661 1548 2730 aliud
1574 2663 1688 2730 calcar
1720 2671 1773 2729 est
1803 2657 1919 2727 acrius
1945 2669 1980 2725 et
2014 2652 2204 2724 efficacius.

166 2861 409 2932 indoctissime
439 2884 481 2929 ac
511 2861 739 2930 stolidissime
768 2861 938 2931 iudicent.
994 2862 1086 2932 Cum
1120 2887 1159 2934 ea
1210 2865 1304 2934 ultra
1317 2864 1465 2950 nidum,
1489 2879 1531 2935 ut
1547 2866 1660 2946 aiunt,
1685 2885 1820 2953 pennas
1835 2861 2081 2942 extendamus,
2105 2858 2203 2927 salu·

168 2962 264 3034 enim
290 2962 431 3032 inscitia
454 2959 643 3027 coniuncta
667 2980 741 3027 esse
769 2960 859 3030 solet
875 2961 1039 3051 'insignis
1062 2987 1160 3033 arro-
1211 2979 1285 3036 tare
1301 2981 1353 3037 est
1366 2967 1452 3036 vitia
1470 2980 1576 3058 atque
1592 2976 1707 3034 errata
1724 2975 1845 3032 nostra
1861 2962 1966 3031 nobis
1982 2959 2142 3044 ostendi,
2167 2971 2204 3028 et

166 3064 286 3155 gantis
303 3086 344 3131 ac
367 3058 581 3150 pertinacia,
605 3060 702 3128 unde
717 3060 778 3144 fit,
801 3074 841 3130 ut
857 3062 1056 3156 plerunque
1075 3066 1162 3135 tales
1192 3057 1396 3137 ‘adsuelieri
1420 3090 1504 3153 nos,
1527 3081 1569 3137 ut
1590 3067 1764 3156 patienter
1780 3065 1935 3134 ieramus
1955 3086 2021 3133 nos
2036 3059 2205 3151 redargui

164 3162 377 3252 Rebuspub.
392 3161 448 3230 vel
464 3157 633 3229 Ecclesiis
650 3163 814 3250 praefecti
830 3165 1042 3235 tumultibus
1058 3167 1161 3236 dein-
1211 3191 1251 3237 ao
1266 3169 1416 3261 corripi,
1448 3193 1494 3238 ne
1509 3169 1673 3261 protinus
1697 3168 1819 3236 omnia
1838 3166 1977 3235 somnia
1995 3178 2121 3234 nostra
2142 3187 2204 3233 ex-

163 3267 213 3335 de
236 3262 357 3333 omnia
386 3261 564 3330 misceant.
621 3260 687 3330 His
711 3265 813 3333 malis
842 3268 950 3337 tantis
974 3271 1162 3340 medentur
1210 3271 1412 3340 osculemur
1453 3282 1489 3341 et
1518 3294 1584 3364 pro
1620 3269 1774 3340 oraculis
1806 3270 1987 3338 adoranda
2019 3269 2204 3337 ducamus.

119 3378 125 3389 ’
163 3364 342 3448 examina,
369 3376 404 3433 et
418 3364 515 3456 quod
530 3363 723 3433 maximum
739 3379 801 3447 cst,
815 3390 943 3437 vanam
960 3369 1059 3439 illam
1081 3396 1161 3462 per·
1211 3371 1313 3461 Quae
1328 3396 1419 3442 vana
1434 3373 1614 3465 persuasio
1630 3373 1700 3442 nisi
1715 3371 1921 3460 corrigitur,
1945 3367 2203 3461 perniciosissi-

166 3467 369 3538 snasiouem
392 3465 592 3547 doctrinae,
618 3479 724 3559 atque
746 3470 1006 3557 arrogantiam,
1032 3473 1160 3544 animis
1206 3497 1285 3557 mos
1311 3474 1441 3544 deinde
1467 3499 1605 3546 errores
1630 3475 1732 3566 parit
1796 3472 1980 3543 Narcissus
2006 3471 2045 3539 in
2071 3468 2202 3541 fabulis

166 3568 346 3652 eximunt,
371 3590 441 3659 qua
458 3579 598 3636 nonest
614 3568 683 3636 alia
699 3570 806 3659 pestis
824 3596 904 3641 cum
920 3575 1026 3642 rebus
1041 3577 1160 3643 omni-
1209 3575 1420 3658 Poetarum,
1454 3580 1540 3647 dum
1562 3577 1715 3646 nimium
1740 3597 1815 3644 sese
1836 3588 1949 3660 amat,
1975 3571 2204 3657 contabescit,

166 3672 254 3757 bus,
298 3680 377 3739 tum
411 3692 496 3738 vero
532 3668 719 3760 praecipue
753 3670 881 3761 studiis
913 3675 1159 3765 perniciosior.
1210 3678 1370 3771 peritque
1385 3693 1419 3750 et
1432 3679 1507 3771 ipse
1522 3693 1557 3750 et
1570 3679 1632 3747 illa
1645 3678 1735 3747 falsa
1748 3678 1876 3767 imago,
1895 3701 2001 3768 quam
2017 3688 2202 3764 tantopere

165 3770 279 3865 Saepe
300 3772 397 3841 enim
419 3770 549 3863 aliquis
572 3771 695 3842 cristas
717 3773 814 3844 tollit
833 3788 915 3845 ante
936 3790 1092 3868 tempus,
1126 3794 1160 3851 et
1209 3781 1410 3871 deperibat,
1432 3792 1466 3848 et
1480 3804 1577 3850 nunc
1591 3792 1746 3848 mutatus
1763 3779 1801 3846 in
1816 3780 1959 3858 florem,
1984 3788 2106 3844 monet
2123 3786 2210 3853 nos,¹

166 3887 326 3967 putatae
347 3874 420 3942 iam
441 3874 498 3942 vel
521 3894 650 3942 novem
673 3874 803 3944 artium
821 3877 1023 3948 liberalium
1040 3878 1158 3970 Magi-
1208 3903 1287 3949 sero
1309 3882 1515 3962 florescens,
1547 3902 1595 3947 ne
1617 3879 1725 3946 nimis
1747 3890 1884 3945 mature
1905 3888 1940 3943 et
1960 3887 2042 3943 ante
2063 3888 2202 3966 tempus

166 3990 279 4048 strum
302 3999 394 4060 esse,
428 3975 490 4068 qui
515 3997 596 4043 curn
615 3976 774 4045 examine
792 3980 984 4063 excutitur,
1016 3981 1047 4048 si
1065 3976 1158 4050 nibil
1208 4004 1329 4069 sapere
1364 3979 1590 4068 incipiamus,
1637 4000 1726 4045 neve
1759 4001 1826 4045 nos
1856 3990 1917 4046 aut
1943 3988 2063 4045 nostra
2092 3976 2202 4048 nimis

167 4078 286 4161 aliud,
309 4071 378 4148 hoc
395 4090 490 4147 certe
504 4089 624 4145 tamen
640 4081 805 4162 docetur,
831 4081 927 4172 quod
951 4075 1067 4151 adbuc
1090 4082 1160 4150 mi-
1209 4103 1366 4150 amemus
1390 4093 1496 4173 atque
1517 4079 1744 4151 admiremur.
1797 4076 1906 4166 Quod
1936 4101 2017 4147 curn
2039 4078 2078 4148 in
2101 4079 2202 4149 omni

166 4200 238 4250 nus
250 4178 347 4264 sciat,
365 4202 471 4272 quam
489 4177 614 4269 ipsese
627 4179 716 4248 scire
732 4182 890 4270 putabat,
917 4195 950 4252 et
965 4183 1032 4251 isto
1048 4183 1158 4255 stulto
1208 4195 1319 4253 aetate
1335 4183 1498 4253 odiosum
1515 4196 1578 4266 est,
1595 4194 1671 4252 tum
1688 4204 1771 4251 vero
1788 4181 1826 4249 in
1843 4181 2080 4251 adolescentia
2096 4205 2202 4273 pror-

162 4305 209 4353 ac
224 4281 420 4372 pernicioso
435 4304 554 4350 errore
568 4280 752 4355 liberatur.
798 4279 943 4370 Quanto
961 4286 1158 4376 vercinge-
1207 4309 1285 4355 sum
1302 4284 1541 4356 intolerabile.
1577 4281 1667 4354 Nam
1683 4297 1722 4354 ut
1738 4284 1863 4354 abusu
1878 4306 1998 4353 rerum
2014 4283 2201 4378 solidaque

162 4384 229 4456 nia
249 4382 477 4453 foecundiora
499 4396 601 4465 sunt,
631 4408 672 4453 ac
691 4383 802 4475 magis
826 4386 1024 4475 praecocia,
1058 4384 1157 4458 tanto
1207 4411 1247 4457 ac
1268 4388 1419 4479 perfecta
1444 4387 1605 4457 doctrina
1629 4399 1664 4455 et
1685 4385 1856 4477 sapientia
1873 4381 1960 4455 haec
1975 4399 2069 4464 aetas
2084 4382 2202 4457 adbuc

159 4487 247 4582 plus
263 4485 310 4554 ab
326 4478 390 4556 hae
406 4499 501 4578 peste
516 4484 663 4576 periculi
679 4498 741 4555 est.
775 4484 945 4557 Videmus
962 4489 1056 4558 enim
1074 4493 1158 4585 prl-
1207 4490 1411 4580 longissime
1427 4490 1540 4574 abest,
1566 4489 1614 4557 ita
1633 4483 1697 4557 has
1713 4512 1769 4557 res
1784 4512 1860 4557 non
1874 4501 1988 4580 potest
2010 4488 2079 4558 sibi
2100 4512 2201 4560 arro-

161 4581 280 4662 αυτία
302 4587 524 4658 loelicissima
547 4588 715 4681 pleraque
737 4587 878 4678 ingenia
893 4590 931 4658 in
946 4592 1065 4661 medio
1083 4607 1158 4662 stu·
1206 4615 1288 4685 gare
1301 4592 1377 4661 sinc
1392 4615 1530 4662 summa
1545 4590 1768 4682 turpitudine
1783 4615 1823 4660 ac
1837 4590 2005 4661 vanitate.
2042 4589 2089 4663 Ut
2103 4593 2201 4661 enim

161 4691 309 4762 diorum
326 4712 431 4760 cursu
445 4690 636 4780 corrumpi,
662 4714 702 4758 ac
717 4691 814 4760 velut
829 4692 868 4760 in
883 4687 993 4763 herba
1008 4695 1156 4779 enecari,
1206 4719 1296 4764 uvae
1318 4709 1353 4765 et
1376 4717 1479 4785 poma
1501 4718 1578 4762 non
1602 4693 1641 4761 in
1664 4716 1766 4774 vere,
1794 4716 1859 4761 nec
1880 4692 1919 4759 in
1932 4706 2062 4766 aestate
2083 4706 2200 4764 matu-

160 4795 250 4864 dum
264 4790 336 4863 sibi
352 4792 422 4862 iam
445 4793 553 4862 nimis
571 4793 708 4882 placere
728 4792 924 4883 incipiunt,
951 4818 987 4864 se
1008 4797 1103 4887 ipsos
1122 4811 1158 4866 et
1205 4809 1359 4881 rescunt,
1384 4797 1497 4865 sedin
1513 4795 1867 4887 autumnoprimum,
1894 4796 1999 4886 paulo
2015 4811 2096 4867 ante
2111 4791 2201 4890 hye-

160 4917 226 4966 sua
240 4893 401 4988 impense
417 4896 652 4978 admirantur,
672 4893 841 4963 attollunt
858 4898 1057 4988 supercilia,
1075 4899 1157 4991 qui·
1205 4923 1318 4984 mem,
1352 4899 1400 4968 ita
1424 4899 1606 4969 doctrinae
1630 4897 1766 4966 fructus
1789 4896 2053 4987 ingravescente
2074 4911 2200 4982 aetate,

158 4997 284 5070 busvis
305 4998 377 5067 iam
395 5021 431 5067 se
454 5008 696 5088 praeponunt,
729 4997 873 5089 quosvis
902 5022 986 5089 prae
1008 5025 1043 5069 se
1070 5014 1156 5070 con-
1205 5023 1245 5068 ac
1263 5001 1382 5092 paulo
1412 5013 1494 5071 ante
1519 4995 1700 5095 hyemem,
1730 4994 1799 5068 boc
1825 5012 1893 5084 est,
1926 5000 1996 5068 iam
2021 5014 2199 5072 senectute

159 5111 347 5182 temnunt,
370 5099 558 5169 fastidiunt
577 5098 649 5168 iam
672 5093 846 5168 bacciam
865 5099 945 5187 illa,
971 5126 1155 5172 censuram
1206 5102 1380 5185 instante,
1405 5103 1559 5194 primum
1575 5101 1690 5171 solent
1705 5113 1951 5172 maturescere.
1984 5097 2034 5174 Et
2048 5117 2091 5173 ut
2107 5126 2199 5174 uvae

160 5202 232 5274 sibi
244 5204 290 5272 de
303 5203 481 5294 dogmatis
492 5214 652 5271 sumunt:
676 5201 770 5270 nulli
785 5202 937 5293 amplius
952 5218 1156 5296 praecepto-
1204 5227 1244 5272 ac
1257 5229 1360 5295 poma
1376 5219 1458 5276 ante
1473 5218 1612 5297 tempus
1627 5204 1809 5295 decerpta,
1830 5198 1902 5273 nec'
1912 5203 1988 5275 esui
2002 5217 2106 5289 aunt,
2131 5227 2197 5273 nee

160 5326 238 5390 res,
267 5305 363 5376 nulli
390 5304 651 5398 propemodum
674 5303 758 5372 libri
783 5316 845 5373 aut
872 5305 1061 5397 scriptores
1083 5321 1153 5378 tam
1204 5306 1271 5375 ulli
1296 5307 1360 5378 olii
1389 5306 1470 5379 usui
1502 5308 1649 5392 idonea,
1683 5306 1733 5378 ita
1765 5305 1991 5397 ingeniorum
2016 5304 2199 5376 immaturi

159 5422 347 5481 emunctae
374 5408 472 5478 naris
501 5405 636 5477 iudicio
666 5405 897 5483 satisfaciunt.
956 5405 1154 5480 Admoneri
1203 5408 1338 5485 fructus
1365 5410 1484 5482 acerbi
1509 5406 1627 5481 adhuc
1651 5421 1758 5498 sunt,
1791 5410 1827 5480 et
1853 5410 2005 5480 salutare
2036 5419 2087 5476 est
2110 5406 2200 5476 ado-
