4732 6030
122 202 195 276 341
788 194 947 273 DECL.
984 195 1058 269 DE
1094 193 1488 274 ARISTOTELE.
1592 188 1598 195 ’
2076 199 2159 275 342

124 385 341 457 exautorato,
357 371 520 463 stigmata
536 371 706 457 inureret,
722 368 1141 473 inscriberctqueiron·}
1165 394 1256 463 quae
1285 358 1444 441 utboni
1477 370 1670 441 consulatis
1696 383 1784 442 oro.
1830 366 1896 441 Est
1921 370 2017 440 enim
2048 371 2157 443 etiam

123 477 153 547 ti
181 472 266 546 haec
287 475 410 543 verba:
451 472 589 566 Hospes
607 474 777 563 ingratus.
829 472 946 543 'l'anta
969 486 1113 542 naturae
1137 480 1140 575 ξ
1164 473 1254 560 grati
1289 474 1418 558 animi,
1468 471 1748 566 qualemcunque
1785 495 1928 562 operam
1960 468 2156 554 honestam,

124 578 179 649 vis
196 591 256 657 est,
278 593 317 647 ut
333 600 440 646 nemo
454 590 525 646 tam
542 577 655 644 ferreo
672 577 791 644 animo
809 574 865 659 sit,
891 575 952 666 qui
967 574 1113 643 audiens
1137 582 1140 630 Ι
1164 574 1325 666 publicae
1342 575 1505 646 utilitatis
1520 597 1622 645 causa
1638 588 1845 667 susceptam,
1864 577 2028 666 probare.
2061 573 2156 647 Dixi.

124 676 216 750 hanc
248 673 452 763 historiam,
486 701 559 747 non
593 677 696 746 valde
726 678 854 768 probet
886 676 1112 746 iustissimam
2168 688 2171 695 '

123 775 282 871 Philippi
305 779 551 851 sententiam'
579 777 762 867 Quantum
787 791 904 848 autem
934 780 1114 868 prodesset

123 876 376 974 Reipublicae,
411 877 479 951 hoc
499 883 605 949 modo
631 894 768 951 notatos
791 902 864 951 esse
887 875 1112 949 scholasticos
1164 879 1305 954 No.47.

66 1018 73 1031 ¹
124 982 302 1074 ingratos,
333 1005 393 1052 eos
426 982 612 1067 videlicet,
649 981 709 1074 qui
743 984 788 1051 ad
819 981 1110 1071 ingratitudinem
1166 981 1302 1007 Μ

1982 909 2030 949 en.
2050 887 2143 953 1537.

1977 975 2147 1002 *N

122 1085 228 1155 etiam
251 1087 390 1156 addunt
416 1084 650 1174 impietatem,
677 1083 739 1176 qui
763 1107 888 1153 nocere
908 1096 1111 1174 praecepto·

122 1187 241 1270 ribus,
264 1200 299 1257 et
315 1186 400 1279 ipsis
419 1185 547 1255 studiis
568 1187 727 1277 cupiunt.
777 1182 855 1254 Hos
877 1185 1034 1278 oportuit
1048 1182 1111 1253 sti-

123 1288 252 1378 gmatis
265 1301 406 1359 notatos
419 1309 504 1367 esse,
531 1287 614 1380 quia
630 1287 661 1357 si
675 1301 981 1376 agnoscerentur,·
992 1286 1111 1355 minus

125 1414 253 1460 nocere
266 1402 416 1483 possent.
466 1385 544 1480 Ego
560 1412 644 1459 vero
663 1389 817 1480 optarim
840 1389 913 1474 illis
929 1388 1038 1473 etiam
1053 1388 1109 1456 in·

125 1492 239 1583 sculpi
254 1492 416 1563 cuculum
432 1489 472 1558 in
483 1490 613 1576 fronte,
637 1493 864 1562 devorantem
878 1514 977 1561 suam
994 1488 1111 1560 nutri-

124 1617 211 1664 cem.
263 1592 333 1664 Sed
363 1616 565 1686 quanquam
594 1589 652 1664 hic
681 1605 815 1662 cessant
846 1592 959 1683 lege‘s,
991 1606 1109 1662 tamen

123 1691 219 1765 Deus
244 1697 386 1765 tandem
412 1694 462 1764 eis
483 1696 642 1784 stigmata
666 1695 797 1783 inurit,
828 1719 918 1787 quae
938 1706 1112 1764 testantur

1467 1049 1543 1137 De
1577 1048 1844 1136 Aristotele.

1232 1210 1338 1264 Prodiit
1358 1209 1516 1289 seperatim:
1547 1208 1645 1262 Oratio
1666 1209 1699 1262 de
1716 1207 1766 1260 vita
1786 1205 1944 1264 Aristotelis
1967 1205 2040 1261 15³7.
2071 1206 2096 1257 8.
2119 1232 2155 1248 ι-

1266 1279 1371 1333 Recusa
1395 1278 1466 1362 apud
1483 1277 1639 1397 (ζαὴΜἹῄ.
1665 1297 1690 1344 p.
1705 1277 1755 1328 280
1772 1294 1845 1346 sqq,
1878 1275 2048 1329 inDeclam.
2073 1273 2105 1328 T.
2121 1273 2156 1330 ll.

1267 1369 1294 1418 p.
1305 1346 1381 1415 876„
1411 1367 1438 1400 sn
1455 1347 1574 1402 Servest.
1619 1382 1627 1400 .
1643 1344 1676 1397 ll.
1695 1364 1722 1416 p.
1736 1343 1794 1400 tto.
1808 1355 1837 1398 et
1851 1343 1924 1417 apud
1940 1343 2065 1402 Richard.
2085 1342 2118 1402 Τ.
2133 1343 2157 1402 Ι.

1264 1436 1291 1487 p.
1303 1417 1363 1471 684.

1164 1566 1293 1633 Oratio
1316 1557 1364 1629 de
1387 1561 1467 1628 vita
1482 1555 1717 1642 Aristotelis,
1752 1553 1855 1624 dicta
1873 1557 1914 1624 in
1926 1559 2160 1644 promotione

1225 1661 1498 1757 llloptstror'um
1516 1680 1539 1728 α
1556 1654 1655 1727 Phil.
1670 1658 1758 1728 Mel.
1774 1659 1825 1728 M.
1835 1657 2091 1728 DXXXVH.

122 1796 242 1887 quales
275 1797 420 1870 suerint.
489 1795 648 1885 Cogitate
686 1797 795 1886 igitur
826 1808 999 1887 quantum
1035 1792 1110 1864 Deo
1163 1787 1387 1888 Frequentia
1410 1807 1523 1863 vestra
1541 1792 1580 1858 in
1593 1786 1657 1858 hac
1672 1815 1800 1882 pompa
1816 1791 2050 1882 promotionis
2066 1784 2156 1858 mihi

121 1898 304 1989 displiceat
327 1897 565 1986 ingratitudo,
591 1922 697 1991 quam
720 1898 765 1968 sit
786 1897 932 1986 indigna
954 1891 1112 1978 homine,
1166 1897 1380 1991 periucunda
1397 1906 1458 1976 est,
1479 1906 1606 1962 etcum
1625 1892 1741 1961 officio
1756 1907 1872 1962 vestro
1889 1894 2053 1977 delector,
2077 1906 2155 1962 tum

122 2023 230 2090 quam
253 1999 399 2068 inimica
430 1998 498 2071 toti
527 2013 692 2078 naturae,
722 2021 827 2090 quam
850 1997 984 2086 turpis,
1016 1997 1109 2087 quod
1166 2024 1249 2071 vero
1276 1998 1389 2090 probo
1415 1993 1606 2077 iudicium,
1638 1996 1733 2086 quod
1756 1994 1959 2084 significatis
1983 2017 2045 2064 vos
2066 1994 2156 2063 bene

122 2099 297 2168 divinitus
322 2099 428 2169 etiam
458 2099 644 2191 puniatur;
676 2098 830 2192 denique
853 2100 949 2193 quod
970 2095 1112 2188 Reipu-
1165 2101 1295 2172 sentire
1316 2101 1360 2168 de
1383 2093 1451 2166 hoc
1474 2089 1617 2188 publico
1640 2120 1756 2180 more,
1793 2097 1831 2163 in
1854 2120 1944 2190 quo,
1985 2096 2048 2165 etsi
2069 2091 2155 2166 haec

72 2228 81 2241 .
123 2200 238 2270 hlicae
252 2214 395 2286 noceat,
420 2223 500 2270 cum
517 2200 666 2290 ingrati,
692 2200 775 2269 odio
794 2195 994 2284 hominum,
1021 2212 1113 2268 artes
1166 2226 1293 2297 pompa
1315 2196 1423 2269 habet
1444 2198 1547 2268 ludos
1569 2199 1739 2289 quosdam
1758 2199 1927 2290 pueriles,
1952 2211 2071 2268 tamen
2086 2199 2155 2268 sci·

122 2301 228 2371 etiarn
245 2302 362 2371 odisse
375 2314 409 2371 et
428 2325 589 2393 premere
603 2301 793 2395 incipiunt.
844 2299 942 2370 Haec
963 2301 994 2369 si
1009 2300 1113 2370 vobis
1166 2307 1210 2376 tis
1233 2302 1439 2393 gravissimo
1456 2298 1605 2371 consilio
1622 2301 1750 2388 gradm
1764 2300 1858 2391 ipsos
1873 2300 2055 2370 institutos
2069 2322 2156 2384 esse,

121 2425 224 2494 saepe
247 2403 459 2488 subiicietis,
484 2403 681 2475 excitabitis
702 2402 839 2472 anim'os
855 2405 901 2472 ad
927 2402 1111 2492 gratitudi-

121 2529 204 2574 nem
231 2516 265 2575 et
293 2506 337 2575 ad
356 2504 540 2575 colendam
563 2528 786 2575 communem
807 2504 1112 2597 tranquillitatem.

121 2602 180 2676 Ad
196 2602 282 2676 haec
297 2607 410 2676 officia
428 2606 682 2677 assuefaciendi
696 2621 780 2678 sunt
795 2599 918 2675 animi.
973 2604 1057 2676 Ideo
1074 2605 1112 2673 in

121 2704 254 2779 scholis
281 2722 316 2777 et
346 2707 383 2777 in
416 2704 473 2778 his
503 2710 646 2801 optimis
672 2709 799 2780 studiis
825 2708 1034 2795 versamini,
1073 2720 1113 2777 ot

121 2834 237 2881 mores
253 2811 360 2880 vestri
374 2812 460 2882 fiant
476 2812 656 2894 meliores,
680 2824 721 2879 nt
737 2823 828 2879 artes
849 2811 1052 2903 profuturas
1068 2809 1110 2879 ad

121 2912 371 2983 illustrandam
388 2911 537 3000 gloriam
552 2909 638 2993 Dei,
660 2922 696 2980 et
709 2910 753 2978 ad
769 2913 938 2978 tuendam
954 2934 1113 2980 commu-

123 3037 206 3083 nem
227 3013 430 3083 societatem
447 3009 548 3078 vobis
573 3009 718 3100 paretis,
743 3032 816 3078 non
836 3025 876 3080 ut
895 3010 1037 3079 discatis
1055 3034 1114 3105 sy-

122 3108 370 3204 cophanticam
404 3110 602 3180 nocituram
634 3110 738 3179 bonis
771 3110 858 3179 viris
893 3124 929 3181 et
959 3109 1113 3202 Reipub.

76 3254 79 3258 ss
123 3213 243 3302 Quam
268 3224 356 3280 tetra
377 3210 493 3300 imago
514 3225 566 3282 est
597 3212 684 3281 civis
709 3214 802 3304 apud
827 3209 1113 3297 Demosthenem,

124 3337 205 3383 cum
223 3313 335 3403 pingit
350 3308 649 3403 Aristogitonem,
675 3313 951 3385 circumeuntem
974 3316 1012 3384 in
1034 3316 1111 3384 loro

124 3429 160 3484 et
178 3415 375 3484 vibrantem
400 3414 575 3504 spiculum
597 3437 660 3484 seu
681 3429 835 3485 exertam
858 3418 1024 3501 caudam,
1049 3439 1111 3485 ceu

123 3516 301 3608 scorpium
341 3513 503 3585 insidiari
546 3516 701 3601 civibus,
748 3531 783 3586 et
824 3517 1112 3610 circumspectare

122 3641 229 3710 quem
261 3616 384 3701 feriat,
424 3642 528 3710 quem
563 3618 679 3709 aliqua
715 3617 891 3686 calumnia
926 3622 1112 3708 opprimat,

98 3808 101 3813 Ι
123 3721 252 3788 deinde
268 3719 330 3811 qui
347 3743 427 3789 cum
445 3719 546 3788 nullo
568 3719 643 3788 cive
658 3718 767 3789 ullius
783 3719 892 3787 oflicii
914 3720 1111 3790 societatem

123 3815 270 3904 haheat,
299 3823 359 3889 sed
392 3844 472 3891 cum
501 3820 574 3888 illis
595 3820 711 3923 vivat,
745 3842 834 3912 quos
856 3822 947 3912 apnd
981 3820 1113 3889 inferos

122 3923 224 3993 aiunt
237 3922 389 3992 assidere
406 3921 536 4013 impiis,
556 3921 719 3991 videlicet
735 3946 816 3992 cum
833 3922 990 4011 invidia,
1010 3921 1113 3991 furiis

124 4039 161 4093 et
183 4024 261 4092 aliis
285 4025 452 4114 pestibus.
503 4023 556 4094 Ita
573 4004 740 4092 desc'ribit
756 4019 1013 4093 Demosthenes
1027 4019 1110 4091 Ari-

125 4125 348 4212 stogitonem.
391 4124 488 4214 Quid
505 4138 622 4196 autem
637 4123 787 4193 alienius
802 4147 875 4193 esse
890 4125 997 4218 debet
1011 4146 1112 4214 prae-

123 4226 244 4297 sertim
270 4230 314 4299 ab
338 4223 483 4297 homine
508 4230 631 4310 docto,
657 4226 821 4296 instituto
844 4228 888 4295 ad
910 4221 1112 4296 hnmanita-

124 4343 214 4413 tcm,
249 4343 282 4399 et
306 4331 406 4400 cerins
425 4352 541 4398 mores
564 4343 599 4399 et
622 4327 775 4397 eruditio
794 4329 926 4398 debent
949 4330 1112 4418 prodesse

124 4427 281 4522 Reipub.
305 4434 405 4501 cuius
436 4444 507 4500 tota
533 4431 603 4500 vita
634 4431 738 4498 debet
763 4453 835 4499 esse
862 4424 1060 4522 κοινωνικὴ
1082 4445 1111 4500 et

123 4533 229 4624 plena
246 4534 363 4618 officii,
388 4558 493 4626 quam
513 4533 578 4603 isto
592 4530 845 4620 Aristogitonis
860 4556 958 4601 more
972 4533 1115 4601 vivere?

123 4635 185 4727 qui
210 4636 352 4728 quidem
378 4635 543 4727 proprius
565 4646 615 4713 est
636 4629 952 4727 sycophantarum,
978 4633 1041 4727 qni
1065 4634 1113 4703 ir·

125 4751 237 4807 ruunt
251 4737 289 4804 in
305 4736 562 4809 benemeritos.

228 4837 319 4908 Cum
347 4852 461 4908 autem
495 4834 585 4907 mihi
620 4837 763 4930 quidem
799 4836 1018 4930 impossibile
1050 4836 1115 4920 sit,

125 4940 409 5031 magnitudinem
423 4933 530 5010 huius
546 4962 668 5009 causae
686 4961 836 5030 aequare
852 4939 1016 5023 dicendo,
1040 4962 1113 5009 non

124 5042 226 5113 volui
244 5066 316 5111 esse
331 5040 513 5133 prolixior.
557 5038 605 5112 Et
620 5053 738 5110 tamen
755 5035 841 5110 haec
857 5053 1039 5134 praecepta
1056 5041 1115 5110 in·

128 5145 270 5214 terdum
293 5143 502 5212 inculcanda
523 5157 607 5216 sunt
622 5142 922 5228 adolescentibus,
947 5154 980 5212 et
995 5156 1115 5215 osten·

127 5247 304 5330 dandum,
345 5256 474 5338 quanta
504 5245 550 5315 sit
575 5245 743 5316 vitiorum
774 5244 969 5334 turpitudo.
1030 5243 1116 5314 ldeo

127 5344 214 5419 haec
231 5373 341 5442 panca
357 5351 401 5417 de
417 5346 686 5437 ingratitudine,
712 5341 780 5417 hoc
802 5360 957 5439 tempore
979 5347 1116 5439 collegi,

1167 2422 1205 2478 ut
1219 2408 1308 2476 ordo
1324 2406 1362 2472 in
1380 2403 1548 2472 discendo
1564 2396 1880 2493 praescriberetur:
1904 2415 1936 2471 et
1951 2403 2156 2472 adolescen-

1166 2525 1217 2581 tes
1245 2510 1291 2576 ad
1318 2518 1446 2575 certam
1478 2503 1678 2572 studiorum
1707 2503 1881 2572 rationem
1905 2505 2156 2574 invitarentur.

1166 2609 1269 2681 Certe
1293 2609 1398 2677 nobis
1422 2607 1461 2685 in
1487 2599 1553 2673 hac
1576 2599 1706 2675 Schola
1728 2627 1794 2674 usu
1818 2603 1937 2688 venit,
1970 2616 2011 2671 ut
2032 2599 2070 2672 hi
2093 2604 2156 2694 qui

1166 2713 1314 2802 gradum
1344 2721 1483 2800 petunt,
1520 2705 1725 2797 diligentius
1743 2729 1781 2777 se
1804 2699 2057 2796 Philosophiae
2080 2719 2156 2775 stu-

1166 2815 1235 2885 diis
1256 2813 1406 2895 dedant3
1432 2833 1507 2879 eam
1530 2808 1577 2877 ob
1600 2833 1738 2878 causam
1754 2811 1882 2898 gradem
1900 2808 2054 2877 libenter
2069 2830 2157 2877 con-

1156 2930 1357 2987 servamus.
1408 2909 1547 2980 Deinde
1568 2910 1679 2980 animi
1699 2925 1751 2980 est
1772 2934 1846 2980 non
1865 2904 2092 2980 abhorrentis
2111 2908 2157 2978 ab

1167 3014 1403 3098 humanitate,
1446 3007 1539 3081 hanc
1573 3007 1797 3081 harmoniam
1839 3012 2025 3089 ordinum,
2066 3031 2157 3103 quae

1166 3119 1309 3213 quidem
1329 3114 1484 3205 Reipub.
1515 3112 1619 3183 etiam
1648 3114 1818 3182 maximas
1849 3114 2021 3184 utilitates
2046 3112 2158 3196 affert,

1167 3218 1400 3309 magnifacere
1425 3228 1459 3285 et
1479 3238 1607 3287 amare.
1677 3214 1860 3285 Postremo
1885 3214 1972 3308 quid
1995 3209 2061 3283 hac
2082 3215 2157 3304 ipsa

1167 3317 1297 3391 horum
1328 3340 1552 3388 consessuum
1582 3315 1785 3388 celebritate
1808 3311 1994 3408 pulchrius
2016 3329 2085 3400 est,
2118 3316 2156 3382 in

1165 3423 1296 3516 quibus
1311 3417 1474 3490 homines
1486 3418 1651 3509 ingeniis,
1678 3419 1840 3488 doctrina
1855 3432 1890 3489 et
1905 3419 2037 3488 virtute
2052 3440 2156 3508 prae·

1165 3536 1295 3594 stantes
1314 3521 1552 3601 conveniunt,
1584 3520 1625 3588 ut'
1645 3522 1793 3592 audiant
1815 3521 1854 3590 in
1876 3521 2007 3613 quibus
2029 3518 2157 3588 studiis

1167 3638 1323 3696 versetur
1344 3624 1532 3705 iuventus,
1563 3644 1653 3714 quos
1673 3622 1777 3691 saciat
1801 3643 2002 3713 processus,
2029 3621 2156 3690 iuven-

1166 3741 1221 3795 tus
1244 3727 1460 3794 admonetur
1482 3723 1525 3791 de
1548 3723 1671 3792 multis
1695 3724 1831 3814 magnis
1852 3724 1979 3807 rebus,
2006 3745 2155 3816 quarum

1165 3827 1319 3916 cognitio
1345 3828 1386 3894 ad
1410 3825 1518 3895 vitam
1539 3823 1729 3893 utilissima
1751 3840 1813 3894 est.
1866 3823 1919 3918 Si·
1928 3824 2003 3892 ludi
2022 3821 2156 3910 gladia-

1166 3930 1249 3997 torii
1262 3928 1396 3994 'fierent
1416 3938 1476 3992 aut
1494 3923 1524 3990 si
1541 3922 1745 4012 peregrinae
1761 3947 1913 4007 merces,
1939 3937 2000 3993 aut
2014 3921 2154 3991 belluae

1167 4024 1420 4096 exhiberentur
1434 4024 1661 4113 spectandae,
1687 4027 1748 4116 qui
1764 4046 1955 4095 concursus
1968 4021 2155 4094 hominum

1166 4142 1238 4199 tota
1270 4127 1358 4196 urbe
1387 4124 1533 4194 fierent?
1585 4121 1634 4195 At
1664 4149 1703 4195 re
1729 4151 1810 4197 vera
1836 4128 1976 4196 nullum
2000 4139 2052 4196 est
2073 4126 2156 4218 pul·
2194 4126 2198 4133 '

1166 4226 1285 4300 chrius
1308 4227 1561 4318 spectaculum,
1583 4252 1689 4320 quam
1712 4230 1890 4300 bonorum
1914 4243 1947 4298 et
1970 4231 2156 4298 doctorum

1167 4332 1326 4401 virorum
1358 4341 1495 4414 coetus;
1527 4329 1667 4399 nullum
1693 4332 1788 4400 enirn
1810 4326 1917 4400 habet
1938 4328 2155 4420 Respublica

1167 4436 1280 4503 maius
1302 4445 1562 4505 ornamentum.
1612 4429 1662 4502 Et
1683 4458 1763 4503 cnm
1781 4434 1911 4503 virtute
1926 4427 2019 4500 nihil
2033 4432 2079 4500 sit
2093 4432 2159 4499 ad-

1167 4534 1383 4616 mirabilius,
1409 4554 1537 4621 magna
1558 4535 1721 4625 voluptas
1742 4549 1793 4605 est
1812 4537 1930 4605 bonae
1943 4533 2076 4616 menti,
2103 4545 2158 4602 ta·

1167 4639 1216 4708 les
1242 4634 1371 4704 intueri
1392 4634 1509 4714 viros,
1541 4634 1580 4705 in
1604 4636 1851 4727 quibuslucet
1873 4636 2021 4726 egregia.
2087 4631 2158 4702 lta·

1167 4765 1235 4832 que
1253 4733 1442 4806 honestum
1458 4749 1511 4804 est
1527 4737 1629 4805 vobis
1644 4734 1820 4832 aCynicis
1835 4737 1906 4806 illis
1924 4736 2158 4827 opinionibus

1167 4839 1371 4921 dissentire,
1398 4861 1487 4929 quae
1507 4832 1571 4906 hos
1586 4861 1702 4908 mores
1718 4839 1950 4909 insulsissime
1964 4833 2158 4929 repreheu·
2242 4908 2252 4927 .

1167 4944 1272 5011 dunt.
1323 4933 1424 5008 Nihil
1448 4951 1565 5008 autem
1588 4940 1625 5007 in
1640 4963 1828 5031 congressu
1846 4940 2066 5010 eruditorum
2081 4961 2159 5007 ma·

1139 5038 1143 5143 l
1167 5044 1220 5134 gis
1242 5045 1361 5125 decet,
1387 5065 1494 5134 quam
1518 5043 1564 5110 de
1589 5043 1695 5111 rebus
1718 5043 1821 5113 bonis
1843 5044 1958 5113 dicere
1976 5043 2159 5135 disputare

1168 5146 1425 5315 ahqupquinde
1447 5269 1527 5313 cum
1543 5239 1610 5314 hoc
1625 5259 1782 5338 tempore
1798 5242 1932 5336 publici
1948 5243 2055 5316 ollicii
2069 5240 2160 5312 ratio

1168 5344 1257 5418 mihi
1280 5343 1344 5418 bas
1360 5359 1473 5439 partes
1488 5346 1633 5520 dzicpndi
1648 5348 1876 5442 imposuerit,
1902 5347 1982 5418 etsi
1998 5363 2163 5434 agnosco,

1249 5454 1253 5463 '
1479 5451 1504 5519 2
