4732 6030
166 305 218 377 ss
624 300 786 381 orer.
818 301 892 377 ou
928 303 1151 378 sruoro
1185 309 1542 389 uocruruaa
1580 264 1744 398 rani.
2148 327 2197 400 ss

172 486 274 545 Mul·
326 472 441 564 Digna
464 488 516 544 θεῖ
541 475 688 544 omnino
712 472 878 568 Principe
901 474 978 545 viro
1001 498 1086 546 tura
1109 475 1161 545 rei
1212 509 1359 576 quaeso,
1384 486 1429 555 da
1446 511 1563 576 preces
1577 502 1612 559 te
1626 507 1766 564 nostrae
1781 497 1955 587 supplices
1971 498 2127 589 placent,
2150 502 2196 570 da

172 576 365 659 literatius,
389 590 422 644 et
440 578 534 668 quod
552 576 613 645 illa
628 590 748 647 renata
768 601 889 669 sapere
903 577 1052 668 incipiat
1067 573 1162 646 Ger·
1211 601 1251 656 ut
1283 589 1437 658 sentiant
1470 587 1707 663 Maximiliani
1742 620 1880 678 manes,
1919 601 2093 691 profuisse
2127 600 2195 669 sibi

170 678 309 761 mania,
345 690 379 745 et
400 682 494 770 quod
520 676 596 746 siue
616 679 728 747 literis
753 702 859 748 nemo
877 680 1050 771 imperare
1066 691 1160 747 recte
1212 693 1302 776 apud
1324 703 1356 757 te
1380 690 1456 780 pias
1470 687 1648 762 Ecclesiae
1664 720 1800 786 preces,
1834 699 1890 768 cui
1912 715 2047 770 tueum
2068 703 2198 790 guber.

168 778 265 851 sciat.
319 776 359 846 ld
376 781 471 871 quod
496 779 624 848 dixisse
643 779 755 848 fertur
769 779 1018 870 Sigismuudus
1032 776 1161 850 Caesar
1211 804 1368 858 narorem
1402 814 1442 860 ac
1470 789 1672 884 Principem
1708 799 1831 871 fecisti,
1898 798 1968 869 pe„
2000 802 2195 873 bonnam,

169 879 213 946 ad
228 877 451 948 Ludovicum
468 878 643 950 Comitem
664 878 865 950 Palatinum
886 876 1028 966 Rheni,
1053 904 1159 951 avum
1211 902 1306 959 tuam
1329 888 1471 963 Christe
1493 891 1573 964 lesu
1595 891 1682 987 Opt.
1706 895 1801 968 Max,
1823 912 1858 967 ge
1874 924 2024 992 quaeso,
2052 904 2195 972 interim

170 980 245 1049 eius
262 982 324 1073 qui
343 977 449 1048 hodie
465 983 637 1051 ditionem
657 982 847 1070 gubernat,
871 1005 1061 1074 senemque
1077 1005 1158 1071 per·
1210 992 1349 1080 plebem
1373 1008 1467 1063 tuam
1490 1018 1622 1072 assere.
1656 1021 1777 1084 serva,
1810 1015 1969 1091 protege,
2005 1027 2093 1095 quae
2114 1027 2196 1072 san-

166 1083 340 1165 movisse,
375 1097 413 1152 ut
435 1083 504 1150 iam
533 1106 641 1153 caucis
681 1084 824 1153 Latinas
857 1084 975 1152 literas
999 1083 1159 1167 disceret,
1210 1093 1316 1180 guine
1340 1107 1402 1164 tuo
1427 1095 1584 1179 imbuta,
1617 1122 1690 1167 non
1714 1101 1857 1170 aliunde
1879 1128 1986 1196 quam
2010 1127 2050 1171 ex
2074 1117 2106 1173 te
2126 1106 2196 1175 sibi

166 1205 242 1249 non
266 1185 369 1253 aliter
392 1208 497 1275 quam
518 1182 606 1254 Cato
632 1183 796 1256 Graecas.
847 1178 1157 1255 Machanicavero
1210 1195 1357 1264 satutem
1377 1209 1503 1288 sperat.
1553 1195 1649 1268 Dixi,

167 1287 341 1375 quaedam
370 1309 389 1353 a
413 1283 660 1354 Maximiliano
684 1286 827 1356 iuventa
849 1299 950 1365 sunt,
984 1288 1155 1378 quaedam

165 1398 288 1454 aucta:
332 1410 413 1454 nam
447 1386 493 1455 ad
526 1386 588 1455 illa
624 1408 705 1455 eum
736 1386 828 1456 miro
862 1387 1006 1473 ingenio
1039 1386 1159 1470 scrisse,
1211 1442 2192 1478 ..mmm

167 1486 286 1572 dignis
308 1487 376 1556 fide
395 1487 541 1557 testibus
563 1487 689 1559 didici.
748 1485 820 1558 Sed
837 1488 922 1579 quid
939 1509 1003 1576 ego
1019 1484 1157 1576 singula

168 1588 430 1657 commemoro?
462 1601 544 1658 ante
560 1590 681 1658 oculos
700 1591 822 1680 ponite
835 1585 990 1679 Reipub.
1006 1585 1158 1658 Germa-
1221 1629 1276 1700 No
1302 1631 1326 1704 4

166 1688 265 1758 nicae
280 1703 425 1774 statum,
449 1703 490 1760 ut
504 1690 602 1760 illius
618 1690 785 1782 auspiciis
802 1690 952 1760 erexerit
967 1701 1071 1781 caput
1087 1712 1157 1757 nu·
1209 1681 1341 1761 νέξ
2015 1656 2196 1774 Q·

165 1811 246 1878 per,
279 1785 346 1859 hoc
370 1804 548 1874 emortuo,
581 1793 712 1876 olata,
741 1805 819 1860 eto
840 1791 1026 1859 necessitas
1048 1791 1156 1858 modo
1359 1834 1408 1916 D
1482 1845 1500 1915 t
1532 1834 1584 1917 d.
1640 1834 1674 1919 d
1781 1841 1790 1858 .

165 1913 308 1959 rursum
323 1891 496 1963 demittat.
547 1889 681 1960 Videor
695 1888 787 1959 mihi
800 1890 919 1958 videre
936 1903 1017 1959 aute
1034 1889 1157 1957 oculos
1411 1861 1529 1918 ‘3⁸¹‘
1566 1862 1609 1917 ²⁰
1673 1849 1877 1925 ocmnae
1907 1841 2045 1930 Paul·

166 2016 393 2060 communem
422 2005 603 2079 parenlem
630 1992 792 2060 omnium
822 2003 983 2059 noslrtlm
1007 1987 1156 2057 Germa·
1277 2007 1428 2079 Separatim
1451 2008 1568 2090 prodititr
1603 2013 1670 2082 „Ad
1697 2013 1826 2070 Partim
1844 2019 1985 2075 doctrin„
2003 2023 2125 2080 ,magum
2146 2027 2196 2081 ιὰ,

167 2092 265 2160 niam
292 2093 461 2180 pullatam
481 2114 522 2159 ac
543 2091 778 2174 sordidatam,
809 2090 1000 2159 miserabili
1015 2089 1157 2179 gemitu,
1310 2078 1444 2200 ¹²⁰‘¹²¹dl.⁰·.
1474 2079 1583 2160 ¹³³¹.¹¹·²
1602 2081 1720 2198 42⁸⁰·
1734 2083 1805 2138 9²¹5
1822 2089 1922 2152 (1520).
1940 2091 2039 2173 ⁸·,¹¹la
2051 2094 2110 2176 ,ΡΨ
2134 2095 2197 2179 Vid-

167 2216 332 2261 revocare
349 2193 570 2261 Servatorem
587 2215 710 2262 surim:
744 2205 889 2275 stantes,
915 2187 980 2259 hac
997 2212 1157 2282 proceres
1243 2269 1247 2277 ¹
1309 2164 1575 2284 liiia'iiie'uiic
1589 2168 1633 2271 'li
1652 2152 1979 2282 aiiirl‘diciltlaiiiaib'
1996 2162 2197 2302 &maffia

167 2292 317 2362 militiae
332 2306 489 2372 nostrae,
508 2292 597 2369 ¹illac
613 2294 762 2361 ellusum
776 2315 914 2381 gregem
928 2316 1069 2379 eorum,
1094 2292 1156 2384 qui
1310 2283 1385 2405 ⁰f19l·
1399 2283 1510 2408 lale-be·
1519 2288 1549 2404 J·
1559 2285 1787 2406 ‚Tipsslleetsmt
1806 2290 1839 2351 T.
1852 2292 1873 2347 L
1887 2315 1914 2366 μ.
1927 2297 1971 2364 8.,
1996 2296 2024 2350 in
2038 2297 2159 2357 servent.
2171 2303 2196 2358 1.

166 2394 293 2463 studiis
314 2394 407 2484 pacis
428 2389 496 2462 hoc
519 2391 685 2483 Principe
707 2394 881 2484 stipendia
900 2394 1067 2462 lecerunt.
1120 2388 1156 2462 Ο
1312 2371 1341 2425 p.
1372 2389 1397 2423 '³
1489 2372 1546 2406 π’
1586 2389 1594 2406 ’
1644 2357 1750 2427 ‘⁹⁹²⁸‘

167 2518 233 2567 nos
253 2496 418 2577 miseros,
450 2494 579 2588 quibus
605 2491 700 2564 hunc
724 2508 795 2562 tam
820 2495 955 2563 clarum
972 2495 1081 2563 solem
1098 2494 1157 2561 in-

167 2597 332 2666 viderunt
362 2597 490 2686 superi.
550 2592 586 2666 Ο
617 2595 816 2664 infoelicem
848 2595 996 2686 patriam
1029 2595 1156 2663 amisso

166 2712 310 2788 parente
333 2698 410 2786 ipso
434 2714 508 2772 tuo.
567 2693 603 2767 Ο
627 2697 824 2766 iuloelicem
861 2697 954 2787 pacis
973 2697 1156 2765 alurruram

167 2799 289 2877 tidem,
314 2800 716 2870 amissoassertoretuo.
769 2793 1155 2866 Oiuloelicemrerum
1209 2785 1392 2886 Equidem
1424 2814 1594 2881 agnosco,
1635 2793 1807 2867 Paulinae
1841 2795 2088 2892 philosophiae
2119 2818 2196 2875 stu·

165 2899 387 2989 publicarum
411 2902 593 2967 custodem
617 2898 863 2978 concordiam,
888 2899 1017 2962 amisso
1035 2921 1076 2963 eo
1094 2897 1156 2986 qui
1209 2899 1308 2966 dium
1333 2893 1433 2962 vobis
1453 2897 1781 2979 commendaturus,
1814 2922 1888 2966 rem
1906 2925 1960 2968 mc
1983 2905 2105 2971 conari
2122 2929 2196 2973 uon

166 3022 394 3091 peromnem
426 2999 533 3065 vitam
561 2996 770 3063 concordiae
795 2994 870 3061 iura
895 2995 1156 3082 religiosissime
1209 2996 1314 3088 paulo
1338 2995 1504 3060 maiorem
1525 2994 1672 3066 viribus.
1730 2995 1831 3083 Quae
1855 3014 1905 3068 est
1929 3003 2023 3068 enim
2042 2999 2195 3077 humana

165 3113 299 3171 tutatus
321 3111 382 3166 est.
451 3093 487 3166 Ο
510 3097 689 3166 inloelices
712 3094 854 3173 Musas,
894 3097 1023 3163 amisso
1050 3098 1156 3163 uinco
1209 3095 1429 3186 eloquentia,
1451 3096 1582 3162 nedum
1598 3117 1694 3173 mea,
1718 3121 1807 3188 quae
1823 3102 1950 3188 possit,
1973 3104 2027 3170 vel
2045 3128 2108 3194 par
2122 3097 2197 3175 esse

91 3265 99 3272 .
164 3223 256 3292 pene
283 3197 455 3288 praesidio
479 3213 606 3267 vestro.
665 3194 805 3284 Quaeso
829 3219 891 3264 vos
916 3198 1004 3282 viri,
1023 3198 1157 3284 ,erigite
1209 3195 1310 3266 Pauli
1334 3195 1500 3263 laudibus
1517 3194 1750 3283 explicandis,
1777 3203 1832 3267 vel
1851 3197 1917 3270 hoc
1933 3204 2115 3274 doctrinae
2135 3229 2197 3295 ge·

150 3301 319 3383 animos,
351 3311 386 3368 et
406 3296 636 3368 Germaniam
663 3298 775 3387 ipsam
798 3297 1016 3387 lapsantem,
1043 3299 1156 3367 oculis
1210 3321 1276 3367 nus
1304 3297 1489 3364 adserere?
1535 3299 1651 3386 quod,
1685 3305 1912 3389 quantumvis
1939 3328 2067 3393 magno
2089 3305 2196 3377 Chri-

165 3400 470 3495 contemplamini:
503 3398 567 3471 Me
586 3398 682 3468 enim
708 3399 810 3490 plura
834 3400 952 3468 dicere
974 3423 1047 3467 nou
1070 3399 1156 3468 sinit
1207 3401 1341 3470 stianae
1363 3393 1596 3487 Reipublicae
1622 3397 1737 3483 malo,
1773 3403 1972 3472 seculorum
1991 3407 2127 3500 aliquot
2142 3409 2196 3476 fa-

164 3525 262 3571 nunc
282 3502 397 3571 dolor.
455 3496 593 3571 Omnes
614 3500 757 3568 interim
779 3500 868 3570 tanti
889 3498 1066 3592 Principis
1081 3525 1155 3570 me·
1208 3502 1308 3571 stidit
1327 3521 1538 3583 consensus,
1570 3522 1675 3590 quem
1700 3501 1730 3567 si
1751 3525 1899 3594 usquam
1916 3507 2023 3591 alias,
2049 3523 2142 3578 certe
2156 3510 2195 3578 iu

164 3603 316 3674 moriam
347 3603 643 3692 contemplatione
667 3601 839 3672 virtutum
864 3618 1020 3673 sanctam
1045 3603 1155 3671 duca·
1207 3603 1390 3672 literarum
1414 3601 1559 3682 studiis,
1590 3600 1659 3669 nisi
1682 3624 1755 3669 uon
1777 3604 1874 3674 dolet
1903 3607 2082 3679 dediscere
2099 3613 2194 3701 quod

165 3729 264 3785 mus,
290 3729 361 3796 quo
375 3705 538 3774 noudum
554 3705 645 3772 alius
659 3703 696 3770 in
711 3726 819 3792 reguo
835 3700 1067 3786 Germaniae,
1092 3726 1155 3772 ne-
1207 3702 1313 3773 semel
1329 3700 1553 3785 imbibimus,
1579 3702 1855 3791 pertinacissime
1870 3720 2021 3778 tuemur.
2062 3708 2195 3778 Verum

165 3832 232 3902 qne
250 3807 434 3894 privatim,
460 3828 575 3897 neque
597 3803 736 3892 publice
752 3805 948 3872 maioribus
964 3799 1155 3872 oruameu·
1207 3829 1287 3874 cum
1308 3804 1348 3871 iu
1370 3802 1428 3892 pia
1451 3825 1552 3870 causa
1579 3804 1700 3871 nullus
1720 3805 1765 3874 sit
1787 3828 1860 3873 uon
1876 3809 2073 3876 laudandus
2087 3832 2195 3878 cona-

162 3911 209 3978 tis
236 3908 429 3976 illustravit
457 3904 652 3996 Europam.
716 3903 908 3974 Doleamus
940 3930 1060 3974 casum
1087 3928 1154 3973 uo·
1206 3921 1281 3988 tus,
1305 3926 1380 3972 uon
1394 3903 1555 3970 dubitavi
1570 3903 1737 3969 audacius
1749 3905 1894 3971 sortasse
1914 3929 2018 3996 quam
2036 3912 2194 3997 prudeu-

1233 2527 1458 2601 Adhortotio
1494 2526 1546 2599 ad
1579 2525 1814 2603 christianae
1847 2533 2063 2630 doctrinae,
2103 2495 2172 2636 per

1389 2632 1582 2701 Paulum
1603 2632 1798 2724 proditae,
1831 2636 2012 2711 studium.

166 4020 294 4092 strum,
330 4009 461 4113 quibus
489 4005 705 4075 alienissimo
729 4017 904 4094 tempore,
938 4019 1044 4096 atque
1067 4009 1154 4073 adeo
1208 4007 1293 4085 tius,
1319 4003 1379 4068 sed
1403 4000 1461 4088 pie
1482 4012 1617 4078 tamen,
1642 4021 1736 4084 rem,
1767 4006 1928 4093 quamvis
1942 4006 2075 4097 impar,
2096 4033 2192 4100 egre·
2237 4062 2242 4070 -
2316 4037 2318 4041 ’

167 4135 228 4189 eo,
260 4134 341 4178 cum
363 4109 622 4201 sapientissimo
643 4105 748 4175 nobis
763 4104 929 4195 Principe
951 4126 1040 4194 opus
1056 4119 1154 4184 esset,
1206 4104 1299 4193 giam
1321 4111 1467 4172 tentare.
1525 4095 1626 4168 Nihil
1648 4113 1759 4180 aetas,
1785 4099 1878 4173 nihil
1902 4109 2054 4177 tenuitas
2071 4126 2192 4181 nostra

163 4210 412 4284 Maximiliano
438 4211 629 4280 carendum
651 4222 712 4277 est.
767 4204 876 4273 Vides
895 4219 1029 4290 autem,
1068 4205 1155 4273 lllu·
1207 4199 1478 4284 dehortabatur,
1511 4204 1653 4293 quando
1679 4224 1751 4271 nou
1771 4203 1862 4275 alius
1878 4208 1976 4277 lusus
1994 4206 2084 4281 hauc
2099 4226 2195 4283 aeta-

166 4313 334 4385 st'rissime
351 4310 522 4400 Princeps
529 4303 574 4379 F
569 4304 735 4390 riderico,
760 4320 801 4377 ut
816 4308 901 4375 inte
917 4307 986 4375 iam
1001 4329 1057 4377 res
1072 4308 1155 4375 uni-
1205 4323 1276 4378 tem
1291 4303 1562 4396 perindedecet,
1585 4317 1689 4397 atque
1703 4304 1946 4401 qualecunque
1958 4333 2077 4380 rerum
2087 4308 2195 4383 Chri-

165 4436 284 4483 versae
300 4412 443 4506 imperii
459 4410 617 4483 Romani
633 4409 823 4478 inclinatae
838 4411 1054 4477 recumbant.
1096 4407 1154 4477 Tu
1205 4410 1399 4479 stiauarum
1422 4404 1676 4479 rudimentum.
1735 4404 1826 4475 Nam
1841 4413 1936 4501 quod
1955 4412 2072 4483 noluit
2086 4411 2196 4484 Chri·

165 4515 264 4606 pacis
291 4517 427 4599 studia,
462 4515 533 4598 ius,
566 4512 741 4602 fidemque
771 4510 969 4599 publicam,
1003 4509 1154 4601 quaein
1206 4525 1280 4580 stus
1293 4521 1498 4582 nosterase
1516 4529 1645 4594 pueros
1658 4507 1789 4591 arceri,
1815 4509 1915 4602 quasi
1938 4513 2037 4602 signo
2053 4517 2193 4587 sublato

165 4611 332 4686 humeros
358 4618 427 4685 iam
452 4629 532 4685 tuos
554 4614 775 4696 inciderunt,
803 4609 1010 4690 sustinebis,
1037 4633 1156 4679 serva-
1204 4607 1477 4681 adulescentiam
1497 4609 1541 4674 ad
1557 4607 1611 4675 sui
1626 4608 1783 4677 studium
1799 4611 1974 4682 invitavit.
2026 4613 2195 4702 Proinde,

164 4719 242 4796 his,
276 4739 316 4784 ac
344 4717 508 4787 tuebaris.
574 4713 746 4803 Magnum
772 4711 912 4781 virtutis
937 4725 1017 4780 tuae
1043 4713 1153 4780 docu-
1205 4712 1275 4781 nisi
1290 4704 1382 4776 nihil
1400 4703 1705 4777 huiusmodivotis
1718 4711 1916 4798 proficitur,
1939 4714 2194 4804 optarimmihi

163 4813 504 4889 mentumhactenus
517 4816 597 4887 orbi
613 4813 760 4884 dedisti:
789 4813 1153 4881 lamuunctibicon-
1206 4836 1279 4883 non
1303 4809 1549 4879 inimitabilem
1583 4807 1747 4891 Periclis,
1782 4825 1842 4881 aut
1866 4812 1992 4907 Lysiae
2021 4815 2192 4911 eloquens

163 4921 353 4993 nitendum
372 4932 441 4998 est,
466 4933 507 4990 ut
529 4942 608 4988 cum
626 4917 738 4985 salute
754 4928 873 4983 nostra
895 4914 1102 5004 sapientiam
1120 4929 1154 4984 et
1206 4917 1309 4986 tiam:
1343 4934 1495 5005 quorum
1515 4909 1660 4979 alterius
1684 4911 1782 4978 labra
1799 4909 1922 4984 Partho
1943 4916 2114 4988 insedisse
2130 4944 2194 4988 ve·

161 5010 330 5091 virtutem
355 5018 695 5088 tuamconiunxisse
721 5017 883 5086 videaris.
935 5013 1154 5103 Hocsuper-
1206 5032 1262 5086 tus
1284 5011 1476 5084 Comoedia
1507 5023 1667 5080 leslaluss
1699 5011 1848 5081 alierum
1872 5016 1976 5085 ellim
2004 5018 2065 5089 ille
2096 5022 2193 5090 lum

163 5137 234 5206 est,
258 5137 299 5192 ut
332 5121 440 5190 sacris
476 5120 567 5188 votis
592 5119 730 5211 piisque
754 5117 890 5185 inleriis
915 5115 1153 5185 Maximiliani
1207 5114 1386 5207 Apollinis
1399 5112 1580 5182 oraculum
1595 5111 1734 5201 sapiens
1747 5111 1910 5186 Socrates
1923 5120 2116 5190 admiratus
2130 5136 2192 5193 cst.

93 5288 96 5292 .
162 5226 316 5294 animam
342 5244 614 5313 prosequamur,
646 5220 741 5314 quod
767 5219 841 5300 illi,
875 5217 930 5285 vel
950 5232 988 5287 ut
1004 5218 1153 5306 parenti,
1205 5218 1275 5290 Sed
1302 5215 1404 5285 illum
1426 5215 1542 5304 ipsum
1567 5237 1650 5282 vert
1679 5215 1906 5286 flextsslmllm
1929 5216 2099 5291 paulin&
2121 5222 2193 5289 lin·-

160 5325 338 5415 Principi,
365 5326 421 5393 vel
436 5337 477 5393 ut
491 5323 612 5403 fratri,
639 5317 778 5390 homini
792 5318 939 5389 debetis.
992 5318 1049 5388 Tu
1065 5343 1154 5412 quo·
1205 5334 1292 5409 guae
1314 5316 1500 5409 spirltum,
1532 5314 1704 5387 dlvlssllus
1731 5321 1967 5407 ⁸¹¹PP‘dll2lis
2000 5336 2034 5390 0¹
2060 5322 2193 5391 ⁰f³ll⁰”

157 5417 789 5520 que'perbouitatemtuamChriste
809 5416 1154 5513 lesu0p101ttax.te
1205 5445 1287 5512 nem
1312 5430 1470 5488 nostram
1494 5416 1750 5503 animatorum,
1782 5431 1817 5488 et
1844 5436 1982 5510 pectora
2005 5432 2120 5491 vestra
2145 5425 2191 5492 uel

204 5534 389 5600 lteram.
416 5530 523 5599 Orare.
549 5517 634 5597 Vos..
662 5527 726 5595 xl.
1555 5516 1580 5587 3
