4732 6030
45 368 52 377 ,
154 279 303 376 ,toa
679 271 838 352 nucu.
885 272 1804 396 tunaunuuuovauscnonan.
1970 380 1974 390 Ι
2185 289 2264 361 aoe

223 452 407 537 dandum,
439 465 473 523 et
501 449 741 542 suscipiendae
764 464 903 543 partes,
935 475 1023 544 quas
1045 475 1120 522 non
1144 452 1219 544 ipse
1265 450 1365 544 plus,
1391 449 1452 518 alii
1477 448 1596 521 minus
1618 451 1807 540 immanes,
1839 454 2051 549 'cyclopicsm
2078 461 2258 551 quandam

228 549 319 624 mihi
335 553 430 623 ultro
446 552 595 643 sumpsi,
621 554 679 621 sed
699 552 831 623 illisuo
846 553 922 623 iure
937 555 1194 645 imposuerunt.
1266 555 1375 623 vitam
1400 564 1550 641 agentes.
1606 553 1697 624 Nam
1725 581 1805 625 cum
1835 558 1871 625 in
1899 551 2104 629 huiusmodi
2128 563 2259 631 barba-

330 654 510 743 Quoniam
535 669 651 722 autem
675 649 733 723 hic
756 656 853 724 locus
878 657 1051 746 postulat,
1075 669 1116 726 ut
1133 679 1219 727 con·
1266 656 1354 724 riem
1372 648 1499 722 harum
1516 657 1674 743 gentium
1690 681 1806 727 mores
1823 662 2033 749 degenerare
2048 684 2185 732 necesse
2199 668 2257 745 sit,

228 757 349 828 silium
366 770 538 840 vestrum,
562 758 659 848 quod
681 758 724 825 de
742 757 987 828 constituenda
1004 754 1123 828 schola
1139 781 1220 827 coe-
1266 758 1336 825 nisi
1353 756 1464 826 literis
1484 761 1527 824 ad
1548 756 1732 843 virtutem,
1755 762 1800 828 ad
1821 755 2096 848 humanitatem,
2119 767 2164 833 ad
2183 767 2257 856 pie-

228 860 347 951 pistis‚
380 878 565 941 ornemus,
599 859 749 948 optarim
774 855 866 928 hanc
888 883 1026 929 causam
1053 884 1072 929 a
1096 860 1220 928 lacun-
1266 872 1372 929 tatem
1391 857 1586 926 excitentur
1611 884 1651 929 ac
1673 861 1886 931 formentur:
1925 864 2102 954 praeclare
2116 867 2258 957 sapien·

229 960 390 1029 diorihus
420 960 495 1048 agi,
533 959 593 1050 qui
625 984 689 1050 pro
719 961 891 1050 dignitate
925 961 1146 1051 praedicare,
1185 973 1221 1030 et
1266 974 1388 1051 terque
1409 983 1429 1026 a
1449 959 1552 1026 vobis
1573 962 1702 1030 lactum
1729 977 1799 1052 est,
1826 963 1887 1056 qui
1911 965 1950 1032 in
1966 966 2091 1034 urbem
2106 981 2258 1037 vestram

192 1136 196 1142 ,
228 1062 509 1150 magnitudinem
526 1060 575 1128 rei
593 1061 753 1131 oratione
768 1086 919 1155 aequare
933 1076 1087 1153 possent.
1127 1061 1218 1132 Nam
1267 1056 1430 1129 honestas
1452 1059 1674 1150 disciplinas,
1707 1062 1867 1133 alumnas
1892 1067 2052 1137 omnium
2076 1068 2260 1156 virtutum,

228 1159 320 1232 mihi
345 1165 381 1231 in
405 1159 469 1230 hac
499 1162 649 1231 infantia
669 1187 747 1232 mea
773 1166 966 1233 verendum
984 1177 1051 1247 est,
1083 1187 1128 1231 ne
1143 1165 1219 1232 cul·
1266 1161 1479 1243 accersistis,
1504 1161 1637 1255 quique
1654 1188 1717 1254 pro
1735 1166 1870 1234 viribus
1885 1168 1965 1235 illas
1986 1167 2098 1254 tueri,
2120 1184 2154 1240 et
2171 1196 2258 1241 con-

228 1289 274 1357 pa
289 1264 442 1355 ingenii,
468 1264 589 1332 laudes
605 1277 739 1334 vestras
755 1266 909 1334 deteram
923 1258 959 1361 ')
974 1266 1120 1333 minime
1137 1265 1220 1334 vul·
1267 1286 1407 1332 servare
1421 1263 1584 1336 studetis.
1633 1261 1746 1335 Porro
1762 1260 1818 1335 his
1836 1256 1935 1338 ituris
1956 1270 2194 1359 temporibus,
2219 1274 2259 1343 in

228 1368 321 1456 garis
337 1365 546 1456 sapientiae,
573 1367 1039 1456 etpropemodumdivinae.
1075 1363 1218 1437 Etenim
1269 1365 1393 1457 primis
1416 1377 1572 1434 meretur
1594 1365 1733 1435 laudari
1755 1384 1910 1439 vestrum
1936 1370 2148 1452 consilium.
2177 1377 2259 1445 curn

228 1471 325 1562 quod
338 1465 563 1559 perspexistis
577 1467 649 1534 vim
665 1481 699 1536 et
713 1467 904 1539 utilitatem
920 1468 1101 1538 literarum
1117 1469 1221 1559 igno-
1268 1466 1465 1558 periculum
1483 1478 1535 1535 est
1553 1490 1598 1534 ne
1620 1468 1842 1558 naufragium
1860 1470 1998 1557 literae,
2024 1472 2062 1540 in
2078 1467 2145 1542 hoc
2160 1475 2259 1548 fatali

228 1584 299 1642 tam
320 1570 450 1658 vulgo,
477 1568 748 1662 longissimeque
767 1594 786 1638 a
807 1583 995 1662 conspectu
1015 1570 1221 1640 multitudi-
1266 1582 1368 1639 motu
1391 1565 1612 1659 Rerumpub.
1634 1569 1776 1643 faciant.
1841 1570 1930 1642 Nam
1963 1596 2083 1644 errore
2103 1579 2259 1668 quodam

229 1673 286 1741 nis
309 1672 482 1763 positam,
516 1672 774 1747 conservandas
791 1695 884 1755 esse,
908 1686 942 1740 et
956 1674 1159 1743 asserendas
1174 1673 1219 1741 ab
1267 1669 1364 1757 vulgi
1390 1665 1531 1739 scholae
1561 1672 1783 1743 deseruntur.
1845 1671 2000 1760 Quidam
2034 1674 2129 1744 enim
2158 1679 2260 1751 stulti

229 1773 377 1842 interitu
400 1770 599 1851 iudicastis,
626 1773 832 1863 praesertim
851 1769 1112 1862 hoctempore,
1139 1796 1219 1841 cum
1267 1771 1534 1841 concionatores
1564 1795 1584 1840 a
1616 1773 1729 1842 literis
1752 1769 1979 1857 abstrahunt,
2022 1799 2149 1867 magna
2178 1804 2260 1870 pars

227 1875 362 1967 ubique
391 1873 652 1964 periclitamur,
685 1873 722 1941 id
747 1876 903 1964 profecto
927 1874 1070 1942 divinae
1100 1873 1219 1942 cuius-
1267 1871 1383 1939 ventri
1410 1884 1589 1955 metuens,
1622 1875 1666 1942 ad
1692 1887 1918 1968 quaestuosas
1946 1889 2038 1946 artes
2062 1901 2099 1947 se
2124 1882 2258 1972 recipit,

206 1979 311 2046 >darn
336 1974 527 2065 sapientiae
548 1986 612 2044 est.
673 1972 774 2062 Quae
797 1975 891 2044 enim
914 1975 980 2043 alia
998 1998 1054 2043 res
1068 1977 1219 2042 maiores
1267 1987 1454 2065 postquam
1472 1991 1550 2062 spes
1570 1970 1703 2044 abiecta
1720 1989 1788 2060 est,
1822 1978 2043 2048 sacerdotum
2061 1968 2260 2053 redditibus

228 2078 399 2146 utilitates
414 2075 478 2146 toti
493 2076 612 2165 generi
624 2070 781 2146 humano
797 2077 928 2159 adfert,
953 2101 1058 2168 quam
1075 2075 1220 2144 literae?
1268 2073 1473 2160 victitandi,
1506 2098 1595 2166 quos
1617 2076 1730 2161 solos,
1764 2077 1897 2146 laboris
1919 2080 1974 2148 sui
2006 2081 2162 2171 praemia
2186 2107 2260 2154 esse

227 2179 338 2249 Nulla
362 2192 455 2263 arte,
485 2177 587 2246 nullo
609 2177 770 2268 opificio,
804 2202 876 2246 non
899 2171 1043 2247 hercule
1058 2177 1219 2267 frugibus
1268 2176 1453 2267 putabant.
1513 2173 1653 2263 Quotus
1669 2177 1818 2272 quisque
1832 2180 1927 2248 enim
1945 2191 2128 2273 tantopere
2146 2185 2260 2257 virtu-

227 2281 314 2372 ipsis
331 2293 422 2350 terra
438 2279 547 2362 natis,
572 2303 647 2347 non
663 2281 815 2372 denique
832 2274 899 2349 hoc
915 2280 1008 2363 sole,
1040 2303 1145 2372 quem
1164 2277 1219 2346 vi·
1268 2291 1339 2346 tem
1362 2276 1530 2360 miratur,
1561 2291 1600 2346 ut
1624 2278 1731 2366 gratis
1750 2304 1826 2348 eam
1845 2281 2028 2351 colendam
2052 2306 2125 2353 esse
2141 2286 2259 2360 ducat.

112 2437 116 2447 ,
228 2397 285 2455 tae
309 2376 495 2452 authorem
518 2381 622 2450 multi
646 2383 891 2464 crediderunt,
923 2394 1105 2471 tantopere
1130 2403 1218 2471 opus
1268 2376 1360 2448 Cum
1384 2379 1422 2445 in
1452 2371 1521 2445 hoc
1544 2377 1750 2449 discrimine
1780 2381 1825 2450 sit
1847 2404 1902 2450 res
1932 2383 2106 2469 literaria,
2140 2387 2258 2458 decuit

228 2497 297 2567 est,
319 2495 425 2575 atque
437 2482 582 2550 scicntia
597 2482 790 2554 literarum.
839 2480 927 2550 Nam
944 2507 1023 2551 carm
1041 2483 1116 2550 sine
1131 2481 1219 2570 legi·
1269 2502 1392 2548 omnes
1404 2476 1535 2567 Reges,
1568 2503 1608 2549 ac
1622 2478 1805 2574 Principes
1819 2479 2040 2576 Rerumpuh.
2054 2484 2258 2575 periclitan-

227 2586 295 2654 bns
321 2608 360 2653 ac
383 2582 541 2667 indiciis,
574 2597 608 2651 et
631 2584 707 2650 sine
728 2582 979 2674 religionibus,
1014 2607 1078 2651 nec
1105 2583 1217 2653 teneri
1268 2581 1364 2651 tibus
1380 2580 1577 2671 disciplinis
1594 2606 1696 2672 opem
1714 2585 1861 2653 adferre.
1912 2585 1982 2656 Sed
2000 2587 2113 2658 nostri
2127 2584 2257 2680 Reguli

227 2684 386 2776 Respub.
412 2708 475 2754 nec
494 2685 697 2773 congregari
720 2698 841 2754 coetus
858 2679 1065 2768 hominum,
1090 2687 1219 2774 guber·
1270 2682 1398 2774 partim
1424 2683 1473 2751 ita
1496 2683 1602 2751 crassi
1625 2674 1729 2770 sunt',
1753 2698 1793 2754 ut
1807 2686 1964 2776 precium
1981 2687 2164 2758 literarum
2185 2714 2259 2761 non

228 2788 378 2881 narique
395 2787 546 2878 possint,
571 2780 757 2854 hominum
773 2808 883 2876 genus
896 2787 1049 2856 ferarum
1068 2788 1138 2857 ritu
1157 2810 1219 2854 va·
1270 2783 1488 2872 intelligant,
1522 2784 1652 2873 partim
1678 2786 1726 2856 ita
1753 2786 1860 2873 mali,
1896 2801 1937 2858 ut
1964 2791 2146 2882 tyrannidi
2174 2816 2258 2863 suae

227 2891 386 2980 gabitur,
421 2888 450 2958 si
467 2882 533 2956 hae
548 2886 759 2968 occiderint,
786 2888 882 2956 unde
897 2889 1013 2956 bonae
1026 2887 1119 2977 leges
1134 2912 1220 2979 pro·
1272 2885 1429 2975 expediri
1443 2887 1606 2971 credant,
1631 2885 1723 2978 leges
1739 2912 1882 2974 omnes,
1907 2890 2133 2980 religionem,
2157 2907 2191 2964 et
2207 2896 2259 2964 ci-

228 2998 365 3062 cr'eatae
383 3002 483 3074 sunt,
515 2988 589 3057 nati
611 2989 698 3058 boni
721 3012 835 3057 mores
856 3001 890 3056 et
911 2984 1131 3074 humanitas,
1157 3012 1220 3080 per
1270 2985 1376 3055 vilem
1398 2985 1623 3077 disciplinam
1650 2990 1757 3059 semel
1780 2992 1953 3065 aboleri..
1985 2990 2081 3079 Quid
2104 2993 2148 3061 de
2168 2990 2258 3087 Epi-

190 3146 196 3167 .
229 3116 317 3188 quas
353 3102 542 3183 propagata
577 3090 703 3179 religio
741 3092 783 3158 ad
823 3104 980 3161 nostram
1010 3091 1217 3159 memoriam
1271 3088 1384 3180 scopis
1406 3088 1538 3173 dicam,
1570 3113 1660 3182 quos
1681 3104 1715 3161 et
1735 3093 1841 3159 sacris
1867 3105 1901 3161 et
1922 3093 2048 3163 studiis
2075 3094 2258 3164 literarum

229 3198 346 3268 dunt,
404 3193 442 3263 Si
465 3191 544 3285 quis
567 3216 689 3283 parum
713 3191 796 3261 fidei
822 3185 907 3262 huic
936 3216 1034 3260 meae
1065 3191 1219 3261 orationi
1270 3189 1383 3260 nostri
1402 3186 2020 3278 lmperatorespraeessevoluerunt.
2074 3194 2258 3266 Necaliud

229 3293 356 3381 habet,
387 3295 417 3364 is
439 3315 558 3363 earum
582 3293 769 3361 nationum
790 3317 906 3362 mores
934 3307 968 3364 et
994 3293 1085 3363 vitae
1110 3315 1220 3382 genus
1269 3292 1413 3360 fuerunt
1428 3290 1513 3357 olim
1530 3289 1674 3375 collegia
1690 3292 1930 3374 sacerdotum,
1955 3293 2025 3360 nisi
2040 3290 2200 3379 scholae,
2226 3311 2262 3369 et

229 3399 445 3474 consideret,
480 3418 571 3488 quae
596 3394 713 3462 nullas
736 3408 870 3464 norunt
893 3396 1032 3478 literas,
1055 3398 1149 3488 quod
1168 3396 1220 3463 fe·
1271 3406 1307 3462 ut
1326 3390 1455 3473 otium,
1485 3413 1526 3458 ac
1548 3402 1709 3480 sumptus
1730 3387 1948 3460 discentibus
1965 3394 2106 3464 abunde
2132 3411 2261 3485 essent,
2347 3391 2350 3398 ¹

229 3485 315 3572 funt
336 3502 379 3569 de
400 3489 554 3592 Scythis.
612 3492 662 3562 Hi
679 3494 833 3585 primum
850 3496 966 3566 nullas
984 3491 1116 3566 hahent
1132 3494 1220 3565 civi·
1271 3488 1479 3582 amplissimi
1495 3490 1654 3559 redditus
1670 3491 1827 3580 collegiis
1842 3493 2026 3564 constituti
2043 3508 2136 3565 sunt.
2186 3497 2263 3569 Nec

229 3618 318 3675 me,
347 3598 485 3688 legibus
516 3595 743 3678 constitutas,
775 3597 905 3692 iudicia
934 3599 1052 3682 nulla,
1084 3598 1141 3672 ius
1169 3611 1221 3666 est
1271 3591 1420 3665 omnino
1445 3591 1656 3663 infoeliciter
1670 3607 1814 3684 apparet
1827 3594 1912 3662 olim
1934 3597 1980 3665 ab
1992 3620 2033 3667 eo
2049 3619 2175 3689 genere
2192 3593 2264 3668 ho-

230 3702 399 3798 quicquid
423 3701 581 3766 lecerunt
597 3692 655 3778 hi,
682 3699 743 3790 qui
764 3713 826 3769 aut
849 3699 985 3769 viribus
1011 3713 1071 3770 aut
1095 3699 1221 3768 factio·
1271 3695 1411 3772 minum
1436 3706 1598 3764 [laetitias
1623 3717 1696 3764 ²⁵⁵⁸
1719 3719 1799 3764 tum
1822 3696 1908 3764 ³5³⁸
1933 3696 2071 3779 literas,
2105 3712 2181 3768 lum
2205 3724 2288 3787 ⁸³·-

229 3807 337 3876 nibus
367 3800 561 3894 plurimum
592 3798 748 3892 pollent,
779 3800 866 3869 foris
885 3801 983 3870 nulla
1011 3799 1221 3870 commercia
1273 3820 1359 3867 cras.
1411 3792 1514 3864 Nunc
1530 3796 1690 3866 videmus
1705 3822 1878 3890 nusquam
1895 3821 1968 3868 csse
1981 3800 2179 3870 infestiores
2195 3795 2264 3873 ho·

230 3930 311 3979 eum
332 3903 479 3988 vicinis,
504 3903 601 3972 nulla
623 3925 742 3973 rectam
759 3892 1005 3987 commutatio,
1029 3927 1143 3973 unum
1158 3903 1222 3970 ad·
1273 3913 1342 3971 stes
1366 3898 1539 3965 honarum
1565 3900 1714 3984 artium,
1748 3923 1853 3991 quam
1884 3899 1923 3968 in
1946 3902 2018 3970 illis
2041 3904 2263 3974 sacerdotum

230 4031 351 4079 versus
373 4006 501 4074 famem
527 4005 742 4096 praesidium
767 4018 820 4076 cst
844 4005 1048 4077 latrocinari
1075 4005 1225 4088 multos,
1271 3999 1458 4072 sodalitiis.
1532 3997 1688 4070 Proinde
1732 4003 1927 4070 necessario
1963 4016 2120 4095 tempore
2158 4006 2262 4077 vohis

230 4111 336 4182 etiarn
360 4103 555 4199 hospitium
578 4107 744 4175 carnibus
769 4107 927 4176 victitare
950 4109 1040 4177 fama
1061 4122 1130 4191 cst,
1156 4108 1222 4176 do·
1273 4104 1313 4173 in
1336 4115 1489 4170 mentem
1519 4103 1637 4184 venile
1670 4101 2115 4175 ²¹⁰¹³¹¹10⁵⁵⁰l⁸⁸²dlb⁰⁸
2143 4105 2265 4177 mem
2354 4183 2356 4186 -

231 4214 283 4282 mi
305 4235 407 4292 vero,
441 4230 516 4277 non
536 4207 644 4276 modo
667 4207 854 4299 disciplina
877 4208 999 4293 nulla,
1031 4208 1221 4277 sedetiam
1272 4201 1429 4296 hospitio
1451 4203 1625 4293 excipere,
1658 4216 1691 4271 et
1713 4215 1881 4296 tanquam
1905 4207 2052 4276 domum
2077 4208 2264 4283 deducere.

232 4290 377 4385 affectus
398 4310 451 4380 illi
472 4331 561 4402 quos
585 4322 710 4378 natura
734 4308 969 4379 communiter
987 4306 1169 4398 generavit
1183 4307 1222 4375 in
1273 4304 1355 4376 Non
1371 4306 1486 4395 pigeat
1501 4303 1668 4374 adiecisse
1682 4297 1751 4376 hoc
1764 4306 1871 4375 decus
1886 4306 2031 4400 reliquis
2044 4311 2264 4382 ornamentis

231 4416 362 4488 animis
390 4408 596 4490 hominum,
630 4411 715 4478 tides
729 4409 942 4498 coniugalis,
967 4433 1067 4479 arnor
1080 4408 1224 4492 sobolis,
1273 4406 1375 4478 urbis
1401 4419 1553 4490 vestrae,
1590 4427 1680 4497 quae
1702 4404 1773 4473 iam
1798 4419 1878 4474 ante
1902 4409 2051 4500 opibus,
2084 4411 2265 4494 aediliciis,

231 4514 385 4589 charitas
409 4512 692 4606 propinquorum
722 4525 756 4580 et
783 4510 1030 4591 familiarium,
1063 4510 1224 4580 barbaris
1273 4509 1439 4601 opiticum
1469 4505 1639 4596 ingeniis,
1674 4506 1722 4577 ita
1749 4507 1890 4596 floruit,
1928 4524 1969 4581 ut
1998 4512 2152 4582 conferri
2182 4537 2264 4585 cum

123 4663 124 4667 =
230 4620 392 4690 moribus
408 4615 553 4687 extincti
568 4627 663 4685 sunt.
714 4612 821 4682 Nulla
838 4627 890 4685 est
905 4613 1052 4684 scientia
1069 4614 1225 4681 educan-
1273 4610 1398 4706 quavis
1415 4608 1735 4679 laudatissimorum
1749 4609 1892 4679 urbium
1912 4613 2005 4702 apud
2022 4602 2156 4684 veteres
2170 4630 2264 4688 recte

231 4724 361 4793 dorum
383 4720 600 4801 liberorum,
633 4717 709 4784 sine
731 4739 800 4809 qua
819 4716 906 4784 boni
929 4715 998 4785 viri
1017 4714 1226 4799 nullifiunt,
1274 4710 1394 4805 possit.
1451 4707 1574 4802 Neque
1606 4710 1676 4778 alia
1699 4713 1785 4781 urbs
1813 4712 1851 4780 in
1874 4705 2065 4785 Germania
2087 4715 2265 4788 doctiores

232 4825 332 4895 nulla
349 4820 491 4892 virtutis
513 4818 720 4900 admiratio,
753 4818 875 4888 nullus
896 4817 1096 4896 intellectus
1112 4810 1225 4885 hone-
1272 4811 1444 4884 hactenus
1465 4811 1559 4881 cives
1581 4804 1726 4899 habuit,
1758 4812 1820 4906 qui
1836 4814 1919 4906 qnia
1934 4816 1976 4883 ad
1995 4817 2265 4904 gubernandam

231 4927 296 5011 sti,
331 4924 450 4993 nullae
480 4915 641 4990 honestis
668 4920 793 4989 officiis
828 4919 1011 5012 copulatae
1042 4918 1228 5000 amicitiae,
1273 4914 1454 5008 Rempub.
1483 4913 1665 4984 scientiam
1693 4915 1907 5006 optimarum
1936 4918 2066 4988 artium
2089 4914 2266 4992 adhibue-

232 5021 307 5100 non
324 5021 557 5096 humanitatis
578 5023 673 5092 ullus
698 5045 832 5092 sensus.
882 5018 1083 5106 Postremo,
1107 5020 1229 5089 nullae
1275 5032 1379 5096 runt,
1420 5015 1611 5085 effecerunt
1639 5028 1681 5086 ut
1700 5016 1847 5110 reliquis
1871 5014 2084 5089 Germaniae
2114 5022 2266 5092 urbibus

232 5127 482 5215 dereligione
510 5125 624 5216 deque
657 5124 841 5195 voluntate
866 5120 935 5194 Dei
957 5145 1038 5212 erga
1063 5120 1230 5191 mortales
1274 5113 1362 5188 haec
1377 5119 1482 5207 longe
1498 5131 1689 5208 praestaret
1703 5119 1883 5191 omnibus.
1932 5118 2264 5194 Nuncautemcum

231 5246 346 5304 rectae
368 5227 567 5320 opiniones.
627 5224 686 5296 Sic
705 5227 744 5295 in
761 5249 888 5317 genere
908 5237 993 5297 suut
1011 5223 1153 5294 barbari
1169 5220 1232 5294 alii
1274 5215 1334 5291 hic
1369 5220 1591 5289 domicilium
1622 5214 1779 5288 honestis
1810 5220 2008 5312 disciplinis
2038 5225 2267 5310 constituitis,

1275 5324 1319 5392 sd
1336 5321 1438 5391 illum
1455 5323 1637 5392 cumulum
1653 5320 1799 5390 laudum
1816 5336 2028 5405 vestrarum,
2055 5325 2267 5399 incredibile

265 5462 294 5527 sq
314 5461 463 5525 deseram]
483 5456 644 5530 detergam?
1275 5438 1328 5530 §Sl
1348 5435 1481 5519 quonia
1502 5423 1563 5494 hat
1585 5421 1748 5536 accessio.
1805 5421 1896 5493 Nam
1912 5425 1941 5495 sl
1955 5426 2100 5519 pergllls
2116 5431 2269 5504 excllm
