4732 6030
846 303 1009 379 DECL.
1048 299 1123 375 DE
1159 297 1426 374 PHYSlCA.
2074 298 2148 384 558

119 307 195 386 557

118 508 192 553 non
217 505 337 552 omnes
361 502 521 549 exercere
553 478 698 546 eandem
729 492 840 548 artem
870 489 1036 567 possunt,
1067 489 1108 543 ut
1158 470 1246 539 ficiis
1263 473 1420 559 obligare
1436 472 1568 539 multos
1583 485 1743 558 possent,
1770 486 1879 541 artem
1897 498 1954 542 eos
1970 473 2146 543 Medicam

117 584 325 654 Aristoteles
352 582 458 654 dixit:
496 575 551 648 Ex
576 576 740 666 Agricola
763 594 797 649 et
813 576 955 647 Medico
973 588 1107 645 constat
1157 575 1201 640 ad
1222 574 1474 661 professionem
1490 568 1675 660 Evangelii
1694 571 1789 641 Deus
1809 576 2000 663 adiungere
2018 575 2145 660 voluit,

118 687 258 765 civitas,
289 685 452 774 pluribus
468 680 603 750 artibus
616 677 772 771 Reipub.
787 705 876 772 opus
897 694 959 749 est.
1012 675 1106 746 Tra·
1157 689 1191 743 ct
1206 698 1332 743 manus
1348 698 1472 744 eorum
1488 674 1526 740 in
1542 676 1698 741 curando
1716 677 1816 745 rexit.
1861 674 1933 743 Nec
1952 679 2144 747 existimate

117 790 251 856 duntur
264 810 345 874 ergo
360 780 448 853 haec
460 781 561 850 initia
572 777 747 875 Physices,
769 807 842 851 non
859 783 973 850 solum
985 779 1106 868 cogni·
1157 776 1364 844 indecorum
1389 777 1490 844 vobis
1514 797 1602 857 esse,
1636 790 1815 846 tantorum
1836 778 1993 846 virorum
2010 778 2142 847 imitari

116 887 243 971 tionis,
276 911 336 955 scu
361 883 606 956 oblectationis
634 907 754 966 causa,
794 887 854 952 sed
879 899 920 953 ut
952 884 1106 951 serviant
1156 877 1288 959 studia,
1315 879 1377 970 qui
1395 879 1459 946 etsi
1482 877 1702 947 sustinebant
1724 878 1792 945 alia
1809 902 1955 947 munera
1974 879 2142 958 difficilia,

115 988 237 1057 multis
261 988 350 1057 vitae
374 988 542 1077 partibus.
601 980 753 1052 Etiamsi
775 1010 848 1053 non
871 1007 1105 1053 omnesexer-
1157 995 1274 1048 tamen
1300 974 1447 1047 humani
1463 980 1620 1069 corporis
1636 979 1814 1069 opificium
1839 995 1873 1049 et
1885 994 2142 1070 temperamen—

116 1103 194 1157 cent
210 1089 517 1165 medendiartem,
543 1099 660 1154 tamen
677 1087 862 1165 omuibus,
888 1111 962 1155 non
976 1087 1104 1154 barba·
1158 1096 1206 1163 ta,
1230 1105 1269 1148 ac
1286 1082 1490 1149 morborum
1514 1082 1666 1148 remedia
1692 1081 1937 1172 inquirebant,
1962 1083 2052 1150 alius
2070 1083 2144 1149 for·

115 1191 189 1261 rico
207 1214 305 1258 more
326 1188 547 1270 viventibus,
572 1210 661 1276 opus
684 1199 736 1255 est
752 1191 902 1280 quadam
924 1187 1106 1257 communi
1157 1198 1245 1251 tasse
1261 1183 1330 1250 alio
1348 1183 1557 1250 studiosius:
1591 1184 1650 1249 sed
1672 1196 1788 1251 tamen
1812 1179 1902 1251 hanc
1918 1206 2141 1252 communem

115 1289 295 1374 doctrina,
320 1292 364 1358 de
386 1311 572 1380 corporum
596 1288 809 1373 seminibus,
836 1313 926 1381 quae
942 1310 1105 1356 vocamus
1156 1278 1341 1375 Physicam
1366 1305 1489 1351 omnes
1511 1282 1705 1366 callebant,
1737 1308 1825 1372 quae
1850 1287 1925 1353 sine
1941 1286 2052 1353 literis
2069 1308 2142 1351 non

113 1388 319 1475 Elementa,
354 1393 398 1460 de
425 1389 727 1478 temperamentis,
750 1391 794 1458 de
816 1391 1054 1458 membrorum
1071 1403 1104 1457 et
1158 1385 1314 1456 discitur.
1374 1384 1429 1454 Sit
1460 1386 1568 1471 igitur
1595 1379 1680 1452 haec
1707 1385 1820 1473 prima
1854 1387 2006 1470 utilitas,
2046 1386 2142 1477 quod

115 1515 329 1578 organorum
351 1493 390 1559 in
412 1485 559 1560 homine
583 1490 824 1560 functionibus
839 1505 873 1560 et
892 1504 1036 1571 natura,
1060 1491 1104 1557 de
1156 1489 1328 1578 qsraedam
1353 1482 1554 1554 Medicinae
1584 1486 1756 1576 particula
1786 1499 1848 1556 est.
1913 1487 1982 1557 Sed
2009 1499 2143 1555 suntet

115 1593 227 1662 causis
250 1594 474 1675 morborum,
506 1592 633 1659 addam
664 1593 834 1682 amplius,
874 1593 918 1662 de
948 1591 1105 1660 motibus
1156 1589 1245 1655 aliae
1270 1589 1399 1658 multae
1423 1612 1565 1670 causae,
1601 1612 1665 1654 cur
1686 1587 1970 1657 adolescentibus
1993 1583 2142 1681 Physica

116 1695 223 1778 coeli,
250 1707 281 1763 et
307 1695 413 1762 variis
438 1693 637 1772 effectibus,
661 1694 723 1784 qui
748 1710 864 1764 motus
881 1694 1105 1762 comitantur.
1158 1691 1353 1760 traduntur.
1413 1687 1539 1757 Manat
1562 1689 1645 1755 inde
1676 1711 1755 1777 pars
1785 1711 1911 1776 magna
1932 1691 2142 1778 disputatio·

115 1792 211 1864 Haec
235 1795 379 1864 memini
409 1795 515 1862 luisse
545 1793 742 1862 doctrinam
767 1797 873 1864 etiam
900 1795 1104 1864 matrumfa-
1157 1814 1243 1856 num
1265 1785 1479 1872 ethicarum,
1508 1790 1590 1879 quia
1612 1813 1734 1857 causae
1758 1790 1928 1858 virtutum
1955 1791 1992 1857 in
2015 1803 2142 1858 natura

115 1896 249 1979 milies,
274 1897 358 1989 quia
380 1898 423 1964 ad
444 1895 683 1964 valetudinem
705 1897 871 1964 tuendam
898 1909 932 1963 et
953 1897 995 1963 ad
1018 1895 1106 1963 edu·
1157 1886 1311 1957 hominis
1335 1893 1555 1980 quaerendae
1577 1905 1670 1957 sunt.
1726 1888 1848 1980 ltaque
1872 1893 1963 1958 etin
1990 1889 2143 1977 negociis

115 1997 290 2064 cntionem
306 1996 499 2065 necessaria
516 2008 577 2063 est.
614 1992 811 2063 Domestica
827 1998 978 2086 quadam
993 1995 1106 2063 scien·

116 2097 165 2164 tia
186 2099 334 2166 tuendae
359 2095 574 2166 valetudinis
601 2108 636 2164 et
652 2096 794 2181 regendi
813 2098 924 2166 victus
940 2096 1105 2164 omnibus

116 2219 205 2284 opus
232 2210 293 2267 est.
344 2193 388 2267 Et
413 2200 571 2267 literatos
594 2199 691 2264 decet
713 2220 815 2265 nosse
840 2198 954 2268 fontes
979 2193 1105 2265 harum

115 2297 416 2385 disputationum,
449 2299 510 2391 qui
534 2297 671 2365 etiamsi
694 2297 861 2367 videntur
885 2299 1017 2386 exigui,
1051 2310 1104 2367 ta—

115 2422 198 2465 mcu
223 2421 367 2465 monere
388 2400 562 2466 studiosos
584 2398 694 2465 multa
721 2413 876 2487 possunt.
934 2399 1016 2467 Non
1033 2411 1106 2467 erat

115 2499 333 2588 professione
353 2497 516 2568 Medicus
534 2497 664 2582 Varro,
696 2502 754 2568 sed
779 2513 894 2569 tamen
918 2502 1055 2569 ratione
1072 2512 1106 2567 et

115 2600 298 2687 diligentia
315 2601 352 2667 in
364 2600 562 2690 provincia,
588 2623 678 2690 quae
694 2616 768 2670 erat
782 2602 907 2673 infesta
923 2603 981 2671 lue
997 2601 1104 2692 pesti-

111 2701 220 2786 lenti,
246 2702 293 2771 ita
309 2703 458 2771 serravit
475 2725 511 2771 se
530 2715 563 2770 et
577 2701 794 2773 comitatum.
848 2702 953 2773 lussit
969 2703 1104 2772 obstrui

115 2825 237 2870 omnes
260 2804 449 2886 fenestras,
481 2815 618 2893 praeter
649 2802 816 2885 Arctoas,
847 2809 942 2871 uude
970 2805 1106 2894 spirant

115 2904 301 2991 rigidiores
333 2904 441 2973 veriti.
517 2900 715 2969 Consilium
759 2902 794 2968 id
834 2927 874 2969 ex
908 2906 1105 2991 puerilibus

114 3005 326 3094 praeceptis,
361 3000 508 3093 quaein
529 2996 677 3089 Physica
701 3003 744 3065 de
770 3000 960 3069 ventoruni
979 3004 1104 3072 discri-

114 3105 211 3171 mine
244 3104 449 3184 traduntur,
483 3112 661 3190 sumptum
695 3114 789 3190 erat,
828 3115 868 3171 ut
901 3127 1022 3171 omnes
1048 3104 1105 3171 in-

112 3202 281 3290 telligitis.

219 3301 348 3372 Narrat
365 3297 523 3370 Galenus
544 3295 743 3370 Antonium
766 3299 1017 3394 Imperatorem
1039 3306 1102 3374 de-

116 3404 246 3495 pellere
261 3403 450 3473 cruditates
468 3402 835 3484 ventriculisolitum,
862 3406 979 3475 inedia
996 3408 1103 3475 unius

115 3505 207 3589 diei,
239 3517 273 3573 et
294 3499 514 3574 haurientem
539 3499 703 3596 cyathum
730 3505 825 3589 vini,
858 3509 915 3577 cui
938 3507 1103 3600 aliquan-

115 3622 190 3678 tum
216 3604 347 3696 piperis
370 3604 541 3693 inspersit.
599 3600 798 3673 Domestica
818 3625 901 3678 sunt
917 3602 1019 3690 haec,
1043 3612 1101 3677 sed

115 3722 155 3778 ut
170 3720 264 3776 recte
280 3720 421 3775 utaruur
434 3705 511 3773 sine
523 3700 687 3797 Physices
701 3705 920 3793 cognitione,
939 3709 1013 3775 heri
1029 3734 1101 3794 non

115 3822 238 3900 potest.
290 3805 378 3876 Nam
398 3803 584 3875 Antonino
607 3829 728 3873 causae
753 3812 974 3897 quaerendae
992 3823 1102 3890 erant,

115 3935 178 3981 cur
188 3911 293 3978 rebus
309 3932 398 3999 peue
413 3906 714 3976 inflammantibus
725 3920 894 3978 uteretur.
928 3909 1102 3980 Animad-

114 4012 220 4080 vertit
250 4011 358 4097 igitur
388 4033 428 4078 ex
459 4007 645 4076 ventriculi
668 4007 796 4094 frigore
818 4009 885 4078 sibi
913 4011 1103 4081 cruditates

115 4111 214 4180 oriri.
268 4109 385 4198 Quam
409 4111 539 4180 multos
563 4133 696 4198 possem
713 4110 859 4178 recitare
876 4107 991 4180 Duces
1007 4126 1101 4180 vete·

1157 1990 1321 2059 civilibus
1335 2014 1436 2080 saepe
1451 1991 1585 2082 aliquid
1603 2015 1644 2058 ex
1653 1987 1800 2083 Physica
1814 1993 1973 2059 doctrina
1984 1991 2143 2081 decerpi-

1157 2106 1225 2160 tur.
1274 2086 1323 2159 Et
1339 2089 1440 2160 Plato
1456 2092 1588 2184 inquit:
1622 2089 1783 2176 Periclen
1805 2092 1884 2162 ideo
1902 2093 2145 2162 antecelluisse

1157 2192 1301 2263 caeteris
1314 2186 1547 2283 Oratoribus,
1581 2195 1677 2285 quod
1691 2191 1935 2283 Anaxagoram
1953 2189 2144 2285 Physicum

1156 2295 1311 2364 studiose
1339 2296 1510 2366 audierat.
1570 2294 1668 2383 Quid
1704 2299 1798 2387 quod
1827 2297 1963 2366 erudita
1995 2292 2144 2387 Physica

1157 2397 1261 2463 etiam
1280 2395 1463 2465 confirmat
1481 2392 1645 2466 honestas
1667 2398 1856 2466 sententias
1873 2401 1917 2467 de
1940 2399 2017 2468 Deo
2044 2412 2076 2465 et
2100 2399 2144 2465 de

1157 2497 1388 2586 providentia.
1447 2495 1538 2566 Nam
1566 2522 1606 2565 ex
1627 2499 1786 2565 doctrina
1805 2498 1848 2566 de
1871 2500 1983 2568 causis
2000 2498 2144 2566 ratioci-

1158 2621 1284 2665 namur
1303 2621 1374 2665 esse
1399 2613 1575 2667 aeternam
1597 2612 1768 2681 mentem,
1800 2624 1925 2683 unam,
1951 2599 2143 2670 immensae

1159 2699 1353 2790 potentiae,
1377 2702 1568 2790 sapientem
1586 2724 1626 2768 ac
1650 2700 1839 2789 optimam,
1865 2714 1899 2769 et
1915 2716 1954 2770 ut
1967 2698 2069 2768 Plato
2086 2699 2143 2766 in·

1157 2803 1253 2894 quit,
1276 2800 1363 2868 boui
1388 2826 1526 2870 causam
1550 2802 1588 2868 in
1614 2816 1750 2872 natura.
1802 2799 1874 2871 Nec
1891 2798 1983 2870 nihil
2003 2804 2144 2891 prodest

1156 2908 1200 2969 ad
1224 2901 1465 2991 disciplinam,
1496 2902 1688 2970 imbecilles
1710 2926 1749 2970 ac
1778 2903 1983 2991 languentes
2006 2903 2143 2971 animos

1158 2998 1213 3070 his
1239 3004 1455 3090 argumentis
1483 3003 1701 3074 confirmare.
1760 3002 1840 3072 Non
1866 3029 1946 3073 raro
1972 3005 2045 3095 ipse
2071 3029 2143 3071 nse·

1156 3127 1236 3172 cum
1251 3126 1373 3171 omnes
1385 3099 1618 3197 Physicorum
1631 3105 1802 3187 rationes,
1827 3107 1870 3174 de
1887 3103 1981 3188 Deo,
2006 3106 2145 3193 colligo,

1155 3216 1195 3272 ut
1214 3204 1381 3272 falsarum
1397 3205 1609 3293 opinionum
1631 3207 1853 3294 praestigias,
1876 3229 1962 3297 quas
1978 3201 2145 3294 Epicurei

1155 3319 1216 3373 aut
1239 3302 1441 3374 Academici
1463 3301 1782 3381 oculiahomiuum
1806 3307 2016 3384 offundunt,
2048 3307 2144 3377 refu·

1156 3421 1229 3474 tare
1250 3405 1379 3474 clarius
1404 3407 1547 3496 possim.
1603 3404 1780 3478 Discimus
1808 3434 1850 3478 ex
1881 3404 2039 3502 Physicis
2070 3431 2142 3476 uon

1155 3531 1256 3599 posse
1270 3507 1527 3594 intelligentem
1545 3521 1708 3577 naturam
1725 3509 1810 3577 oriri
1825 3535 1843 3578 a
1860 3511 1983 3593 bruto,
2008 3523 2069 3578 aut
2084 3533 2142 3577 ca·

1154 3633 1195 3678 su
1216 3609 1323 3709 nasci:
1382 3607 1486 3677 Mens
1508 3604 1663 3677 humana
1691 3622 1760 3693 cst,
1791 3610 2143 3699 intelligensnatura,

1155 3710 1356 3800 etquidem
1383 3709 1604 3778 immutabile
1625 3710 1813 3780 discrimen
1848 3707 2076 3779 honestorum
2108 3726 2144 3780 et

1154 3810 1332 3899 turpium,
1364 3833 1509 3878 nascens
1534 3833 1649 3878 secum
1670 3811 1794 3882 adfert.
1846 3810 1993 3880 Necesse
2010 3825 2060 3879 est
2075 3811 2141 3898 igi·

1154 3924 1213 3980 tur
1234 3935 1253 3977 a
1278 3923 1395 3975 mente
1416 3909 1532 3997 aliqua
1548 3911 1798 3996 praestantiore
1817 3936 1857 3979 ac
1870 3925 2010 3979 aeterna
2028 3924 2141 3979 ortam

1155 4033 1237 4080 esse.
1268 4007 1483 4093 Quisautem
1495 4009 1835 4079 nonvidetaliorum
1852 4026 2142 4100 argumentorum

1154 4109 1400 4198 cogitationem
1416 4109 1605 4178 admodum
1619 4111 1742 4180 utilem
1759 4114 1856 4182 esse?
1886 4114 1953 4184 Sed
1969 4114 2141 4182 assentior

115 4234 171 4280 res
190 4223 233 4307 et·
247 4227 423 4295 recentes,
460 4211 523 4304 qui
543 4211 608 4281 etsi
632 4209 849 4278 Medicinam
873 4237 1102 4282 nonexerce-
1154 4214 1322 4301 regendas
1346 4233 1420 4278 csse
1449 4210 1676 4298 cogitationes
1700 4239 1786 4283 voce
1811 4215 1971 4298 coelesti,
2006 4215 2044 4282 in
2070 4236 2139 4308 qua

116 4315 224 4398 burst,
251 4327 368 4382 tamen
388 4308 453 4382 hac
474 4308 703 4402 Philosophia
724 4324 874 4396 esseae,
900 4328 933 4384 et
951 4315 1102 4382 aliorum
1154 4312 1250 4383 Deus
1265 4311 1374 4399 magis
1395 4313 1578 4402 perspicue
1605 4330 1638 4383 et
1660 4329 1821 4384 naturam
1845 4341 1944 4386 suam
1961 4329 1995 4385 et
2009 4317 2140 4384 voluu-

115 4413 221 4482 saluti
251 4415 492 4486 consulebant.
550 4411 745 4482 Alexaudri
774 4413 841 4482 fuit
867 4416 1035 4483 exiruium
1063 4417 1101 4484 in
1154 4429 1259 4485 tatem
1276 4414 1444 4504 patefecit.
1500 4413 1615 4483 Venio
1633 4416 1742 4503 igitur
1755 4420 1797 4485 ad
1815 4415 1991 4488 Ecclesiae
2007 4418 2140 4487 doctri-

115 4510 182 4582 hoc
205 4536 331 4603 genere
352 4515 528 4598 studium,
561 4515 622 4605 qui
646 4515 794 4598 sciebat,
826 4511 1102 4587 etAchilleura
1153 4540 1247 4589 nam.
1297 4510 1373 4584 Etsi
1387 4515 1461 4583 scio
1475 4515 1560 4584 olim
1579 4513 1786 4587 Manicheos
1802 4535 1834 4588 et
1854 4521 2038 4612 plerosque
2051 4519 2140 4589 alios

113 4611 271 4684 Chirone
292 4613 507 4682 Medicinam
532 4615 713 4700 didicisse,
743 4628 782 4685 ut
797 4619 888 4706 apud
906 4614 1101 4687 Homerum
1153 4618 1340 4688 fascinatos
1360 4615 1496 4683 deliciis
1517 4617 1696 4701 fanaticis,
1726 4621 1876 4689 movisse
1900 4622 2059 4707 ingentes
2081 4634 2140 4690 tu-

115 4717 274 4803 lcgimus.
331 4713 404 4785 Nec
430 4739 492 4801 ego
515 4737 612 4783 nurse
642 4719 686 4784 de
718 4718 850 4806 integra
877 4715 1100 4788 Medicorum
1153 4720 1286 4790 multus
1307 4717 1345 4782 in
1367 4711 1543 4798 Ecclesia,
1578 4718 1669 4787 male
1706 4723 1877 4791 contextis
1905 4716 2138 4814 Physicorum

114 4833 189 4888 arte
212 4819 356 4909 loquor,
390 4818 432 4886 de
456 4811 522 4883 hac
541 4817 719 4884 communi
744 4832 780 4888 et
793 4821 1017 4888 oeconomica
1035 4823 1101 4890 do-
1153 4816 1346 4900 sententiis,
1371 4829 1488 4885 tamen
1503 4812 1596 4885 nihil
1611 4819 1758 4889 dubium
1774 4835 1840 4906 est,
1864 4819 2042 4891 Ecclesiae
2056 4848 2139 4893 eru-

114 4919 228 4990 ctrina
249 4919 401 5002 dissero,
428 4942 495 5009 qua
519 4941 637 4985 carere
659 4940 731 4984 nou
753 4943 953 5007 possumus,
978 4923 1100 4991 sinon
1152 4922 1224 4990 dita
1242 4934 1275 4988 et
1298 4917 1432 4987 sincera
1453 4914 1602 5010 Physica
1629 4944 1719 5010 opus
1740 4945 1825 4993 esse.
1876 4923 1915 4995 Si
1934 4925 1997 5017 qui
2019 4925 2139 5016 iuepte

113 5043 259 5113 prorsus
278 5020 436 5089 belluino
449 5043 548 5087 more
566 5019 683 5086 vivere
698 5019 872 5093 volumus.
906 5017 909 5021 ’
1152 5018 1356 5092 tumultuati
1378 5033 1478 5103 sunt,
1507 5016 1693 5089 hominum
1716 5024 1817 5092 furor
1837 5027 2052 5095 execrandus
2075 5041 2139 5108 est,

217 5119 357 5190 Addam
374 5134 408 5191 et
423 5120 578 5209 exenipla
596 5115 783 5188 Ecclesiae.
835 5120 930 5192 Haec
943 5123 1016 5214 ipsa
1035 5125 1101 5193 do-
1151 5147 1225 5192 non
1247 5144 1304 5192 ars
1326 5121 1576 5211 vituperanda,
1601 5147 1706 5215 quam
1727 5124 1780 5192 illi
1799 5126 1864 5216 ipsi
1885 5127 2059 5215 flagitiose
2075 5132 2138 5196 de-

113 5223 226 5293 ctrina
243 5221 391 5318 Physica
408 5223 549 5312 propria
564 5221 629 5291 fuit
640 5215 781 5304 Nubae,
806 5218 988 5305 Abrahae,
1011 5223 1101 5294 Pro-
1151 5226 1357 5315 pravabant.
1408 5218 1457 5293 Et
1476 5224 1614 5293 facilius
1635 5227 1779 5295 refutari
1801 5243 1966 5318 possunt,
1992 5228 2139 5318 prolatis

113 5320 299 5416 phetarum
328 5338 364 5394 et
396 5320 662 5413 Apostolorum.
720 5319 813 5391 Nam
841 5338 882 5395 ut
912 5327 1100 5398 autoritate
1150 5323 1243 5394 veris
1263 5325 1635 5398 demonstrationibus.
1692 5323 1864 5418 Exempla
1888 5330 1992 5400 etiam
2018 5342 2139 5397 osteu-

111 5427 231 5520 aliqua
248 5425 444 5496 eminerent
458 5424 551 5530 inter
567 5437 719 5494 caeteros
737 5418 919 5512 homines,
945 5440 978 5498 et
990 5430 1100 5498 bene·
1151 5429 1261 5513 dunt,
1286 5451 1360 5496 non
1377 5424 1531 5518 potuisse
1544 5425 1752 5519 interpretes
1767 5444 1899 5500 veteres
1915 5425 2138 5525 carerePhy-
2227 5469 2237 5487 ι
