4732 6030
255 242 330 322 265
906 234 1067 313 DECL.
1105 234 1179 312 DE
1211 231 1643 314 GRATITUDINE
2153 260 2156 265 ·
2213 252 2292 330 256

254 420 369 495 oensis
387 418 597 492 coelestibus
610 428 643 485 et
659 413 836 483 similibus
854 410 953 488 lucis.
996 408 1143 485 Utinam
1159 436 1244 481 vero
1341 414 1396 479 Dii
1408 420 1557 479 maiorum
1569 419 1683 480 umbris
1698 430 1821 481 tenuem
1838 432 1868 482 et
1882 423 1949 483 siue
1961 426 2087 504 pulvere
2104 439 2225 512 terrem,

256 524 460 615 diligentiae
482 531 747 613 praeceptorum
763 516 802 585 in
815 515 1115 608 disputationibus
1130 527 1244 585 vestra
1344 516 1559 604 spirantesque
1574 542 1677 583 morus
1691 535 1721 583 et
1736 526 1769 583 in
1785 544 1859 584 urus
1874 538 2058 607 perpetuum
2072 550 2135 611 rer,

256 628 425 700 sedulitas
438 620 676 713 responderet.
706 614 798 689 Nam
813 618 851 686 in
865 614 930 687 hac
943 632 1043 709 parte
1056 616 1245 709 praecipue
1343 617 1410 700 Qui
1423 635 1647 706 praeceptorem
1662 631 1756 689 musti
1770 630 1892 687 voluere
1907 634 2039 710 parentis

256 735 375 802 deesse
406 723 509 793 vobis
540 721 781 791 adolescentes
812 719 882 811 ipsi
907 720 1100 804 videmini,
1135 742 1244 813 eaque
1343 720 1570 789 Eusloeoetu.

132 830 135 835 ’
256 839 444 906 causaest,
467 837 509 895 nt
531 834 844 915 etpraeeeptorum
859 823 975 893 studia
997 822 1084 893 fiant
1106 822 1151 890 ad
1168 821 1241 889 dis·
1294 816 1415 908 Quare
1435 845 1510 891 non
1533 819 1653 890 minos
1677 821 1836 892 crudeles
1857 836 1942 895 sunt
1964 824 2097 919 ingrati
2117 830 2287 905 adversus

254 930 454 1026 putandum
486 926 721 1015 languidiora.
779 923 913 1014 Magna
937 925 1069 1008 virtus,
1107 923 1244 1013 egregia
1294 935 1556 1014 praeceptores,
1588 946 1695 1016 quam
1717 923 1781 1017 qui
1810 926 2018 1017 parentibus
2041 930 2170 1023 ingrati
2191 950 2289 1011 sunt.

254 1032 416 1104 doctrina
437 1043 542 1122 atque
565 1023 768 1097 humanitas
792 1039 843 1096 est
865 1039 899 1095 et
923 1026 962 1094 in
986 1025 1136 1094 aliarum
1158 1048 1243 1117 pro·
1293 1022 1390 1093 Ilaec
1410 1038 1528 1096 antem
1550 1024 1709 1114 impietas
1735 1026 1922 1117 praecipue
1947 1052 1966 1099 a
1986 1027 2201 1105 Christianis
2223 1040 2289 1107 ab·-

254 1135 448 1207 fessiunum
472 1128 706 1213 Ductoribus,
740 1126 993 1198 lureconsultis
1024 1141 1057 1197 et
1082 1126 1244 1197 Medicis.
1295 1146 1368 1196 esse
1384 1126 1506 1211 debet,
1528 1126 1568 1193 in
1584 1126 1714 1220 quibus
1728 1127 1784 1197 vel
1800 1129 1952 1200 maxime
1966 1134 2124 1205 eminere
2138 1138 2290 1227 gratitu-

255 1237 395 1311 Deinde
409 1256 484 1301 nun
500 1232 615 1302 solum
622 1229 785 1300 doctrina
800 1242 1066 1320 praeceptorum
1079 1226 1245 1311 fruimur,
1295 1228 1416 1295 dinem
1431 1238 1581 1317 oportet,
1606 1240 1648 1297 ut
1661 1226 1909 1318 intelligantur
1920 1232 2027 1303 etiam
2038 1231 2181 1308 Christo
2197 1241 2287 1329 grati

257 1341 318 1410 sed
353 1334 478 1405 multis
512 1335 617 1402 etiam
651 1331 732 1399 aliis
769 1330 894 1399 officiis
934 1330 1065 1419 singuli
1098 1327 1244 1399 utimur.
1295 1351 1368 1397 esse
1384 1352 1449 1418 pro
1466 1328 1510 1396 iis
1526 1325 1724 1413 beneficiis,
1749 1355 1840 1424 quae
1853 1334 1899 1402 ab
1914 1358 1956 1403 eo
1972 1336 2112 1409 infinita
2128 1341 2287 1432 quotidie

183 1520 187 1529 ¹
256 1442 397 1531 Quare,
429 1434 684 1527 utaliquando
712 1432 849 1512 finiam,
882 1427 1053 1501 adhortor
1077 1452 1160 1516 vos,
1193 1441 1245 1513 ut,
1296 1429 1501 1521 accipimus.
1531 1426 1629 1498 Haec
1643 1434 2086 1527 saepemultumqnevobis
2101 1442 2286 1530 cogitanda

257 1542 355 1635 qood
373 1551 425 1608 est
438 1536 668 1606 iustissimum
683 1548 717 1603 et
733 1529 1040 1617 humanissimum,
1055 1534 1145 1601 detis
1159 1555 1244 1622 ope·
1295 1544 1379 1600 sunt
1392 1530 1650 1611 adolescentes,
1670 1544 1712 1601 ut
1725 1534 1884 1604 animum
1901 1541 1945 1605 ad
1959 1541 2212 1628 gratitudinem
2228 1568 2287 1612 ex·

254 1667 345 1727 ram,
361 1652 402 1710 ut
416 1650 684 1732 praeceptorum
701 1657 779 1724 erga
797 1658 859 1704 vus
874 1634 1152 1717 benevolentiae,
1169 1658 1244 1702 me-
1296 1632 1428 1719 citetis;
1452 1634 1547 1725 quud
1566 1632 1595 1700 si
1610 1632 1780 1720 feceritis,
1804 1636 1910 1706 simul
1933 1639 2022 1709 illud
2039 1645 2288 1735 assequemini,

256 1745 352 1828 ritis,
386 1740 586 1824 laboribus,
621 1736 818 1807 assiduitati
844 1736 1021 1827 gratitudo
1048 1751 1163 1805 vestra
1187 1759 1243 1804 re·
1295 1748 1334 1803 ut
1356 1734 1539 1803 literarum
1563 1748 1668 1826 atque
1691 1738 1819 1808 artium
1835 1738 1907 1807 vim
1932 1743 2040 1831 magis
2064 1744 2284 1833 intelligatis.

257 1846 440 1939 spondeat.
470 1839 680 1911 Aristoteles
694 1839 828 1922 scribit,
846 1835 1002 1907 Graecos
1019 1837 1146 1928 templa
1165 1858 1244 1924 gra-
1294 1834 1384 1907 Cum
1402 1835 1564 1905 videlicet
1585 1838 1782 1926 expenditis
1798 1840 2048 1911 beneficiorum
2065 1848 2283 1934 magnitudi-

256 1950 387 2021 tiarnrn
404 1946 441 2013 in
456 1942 581 2012 mediis
597 1940 747 2010 urbibus
763 1939 1070 2023 cooderesolitus,
1093 1949 1134 2008 ut
1150 1938 1243 2007 cives
1294 1960 1388 2005 nem.
1436 1932 1576 2007 Deinde
1598 1938 1778 2027 gratitudo
1801 1941 1917 2012 flectet
1944 1944 2081 2015 animos
2109 1948 2213 2016 etiam
2236 1950 2282 2016 ad

256 2065 401 2120 mutuae
421 2043 671 2115 beneficentiae
693 2054 796 2136 atque
820 2041 1046 2131 gratitudinis
1072 2043 1243 2108 admone·
1294 2054 1446 2109 caeteras
1460 2038 1610 2108 virtutes
1617 2062 1627 2124 ;
1658 2052 1710 2112 est
1725 2042 1820 2111 enim
1835 2044 1916 2113 funs
1930 2045 2100 2121 iusticias.
2150 2046 2283 2117 Liben-

256 2164 391 2223 rentur.
442 2148 495 2218 lta
510 2161 545 2218 et
558 2167 621 2214 vos
635 2144 674 2212 in
691 2144 817 2213 mediis
834 2138 964 2213 scholis
979 2143 1147 2211 collocata
1165 2164 1244 2230 gra-
1295 2141 1365 2212 tius
1385 2141 1491 2209 etiam
1515 2164 1555 2210 ac
1576 2139 1716 2211 facilius
1739 2145 1905 2235 parebitis
1928 2149 2230 2241 praeceptoribus,
2255 2151 2285 2220 si

257 2254 386 2325 tiorum
402 2250 532 2341 templa
552 2246 766 2331 existimate,
792 2269 873 2315 cum
888 2247 933 2314 de
952 2243 1168 2334 gratitudine
1181 2267 1244 2311 au·
1295 2257 1399 2312 etrus
1413 2242 1458 2311 ab
1474 2241 1559 2332 ipsis
1575 2244 1685 2311 amari
1703 2244 1906 2336 intelligetis
1918 2263 1953 2318 et
1962 2250 2116 2320 vicissim
2132 2274 2192 2322 eos
2202 2255 2285 2323 red·

125 2354 144 2415 ‘r
256 2355 340 2424 ditis
356 2352 605 2423 concionantes
620 2360 655 2416 et
671 2368 787 2415 sacros
804 2348 915 2415 libros
929 2359 964 2415 et
978 2360 1155 2426 auctores,
1181 2343 1242 2438 qui
1294 2343 1469 2414 amabitis.
1521 2342 1648 2413 Talem
1671 2361 1789 2416 autem
1804 2347 2031 2420 Academiam
2055 2353 2197 2443 qualem
2223 2378 2285 2423 vus

257 2456 360 2526 vobis
376 2465 597 2523 enarrantur.
650 2442 798 2519 Scholas
812 2448 909 2516 enim
924 2449 1024 2517 decet
1044 2469 1117 2516 esse
1132 2446 1240 2515 offici-
1295 2440 1448 2526 habetis,
1475 2444 1538 2514 ubi
1563 2459 1658 2516 tanta
1682 2448 1841 2517 discendi
1865 2451 2012 2521 facultas
2030 2466 2081 2521 est
2104 2455 2284 2540 studiosis,

256 2580 338 2639 nas,
365 2570 403 2627 ut
420 2567 635 2624 caeterarum
650 2550 840 2629 virtutum,
866 2549 914 2618 ita
929 2549 1080 2618 maxime
1096 2548 1245 2638 gratitu-
1294 2548 1357 2618 ubi
1381 2570 1463 2616 vere
1484 2562 1568 2617 sunt
1594 2548 1707 2634 fores,
1732 2563 1773 2620 ut
1794 2551 1941 2633 dicitur,
1972 2552 2141 2648 ἄφθονοι
2162 2579 2282 2624 musa.

192 2692 195 2703 =
256 2658 363 2728 dinis.
417 2654 564 2725 Nullum
595 2650 690 2719 enim
712 2651 840 2721 vitium
866 2650 976 2739 magis
1000 2662 1135 2744 pugnat
1163 2674 1243 2718 curn
1294 2674 1396 2733 rum,
1429 2672 1504 2717 non
1518 2671 1655 2736 amare,
1682 2651 1794 2719 animi
1808 2665 1860 2722 est
1875 2667 1942 2722 eta
1965 2657 2075 2724 literis
2090 2669 2123 2725 et
2145 2658 2190 2726 ab
2213 2653 2282 2726 hu-

257 2775 385 2831 natura
400 2770 434 2827 et
447 2755 612 2825 societate
630 2747 777 2821 humani
793 2752 942 2842 generis,
963 2776 1070 2845 quam
1091 2751 1245 2841 ingrati·
1294 2751 1464 2821 monitate
1478 2745 1720 2822 abhorrentis:
1736 2750 1812 2823 Vos
1825 2767 1941 2823 autern
1957 2769 2142 2847 parentum
2157 2772 2283 2828 auctu·

256 2864 358 2935 tudo.
410 2858 481 2929 Nec
498 2858 543 2925 de
558 2850 673 2924 nihilo
697 2868 766 2938 est,
792 2855 887 2947 quod
911 2854 1079 2933 dixerunt
1096 2866 1244 2923 veteres:
1294 2853 1416 2937 ritate,
1441 2847 1510 2921 hoc
1525 2865 1593 2937 est,
1618 2853 1743 2923 divina
1757 2855 1962 2926 auctoritate
1979 2853 2048 2927 huc
2069 2859 2166 2927 missi
2185 2861 2282 2945 estis,

257 2963 402 3035 Dixeris
430 2959 615 3029 maledicta
640 2968 763 3025 cuncta
791 2980 872 3026 curn
899 2954 1077 3044 ingratum
1102 2955 1243 3023 dixeris.
1293 2968 1384 3025 utet
1404 2954 1523 3024 literas
1547 2955 1767 3046 percipiatis,
1791 2958 1833 3028 et'
1851 2957 1988 3029 animos
2003 2962 2043 3027 ad
2064 2961 2229 3031 virtutem
2247 2978 2283 3034 et

258 3066 355 3153 Quid
374 3065 469 3156 quod
488 3061 591 3130 etiam
613 3057 878 3126 immanissimis
894 3057 1009 3127 beluis
1030 3056 1140 3126 indita
1163 3068 1247 3125 surrt
1295 3051 1530 3127 humanitatis
1543 3056 1658 3125 officia
1672 3058 1919 3130 assuefaciatis.
1957 3058 2082 3153 anue
2098 3062 2136 3129 in
2152 3086 2189 3131 re
2206 3088 2283 3133 nou

257 3163 483 3255 gratitudinis
510 3155 746 3230 simulachra?
797 3154 1016 3229 Meministis
1040 3159 1179 3229 leonem
1208 3159 1246 3225 in
1295 3159 1409 3227 solum
1432 3171 1567 3227 vestrae
1587 3158 1695 3229 saluti
1717 3161 1927 3246 consuletis,
1952 3161 2142 3233 sedetiam
2166 3184 2186 3232 a
2208 3162 2284 3236 Re-

258 3267 351 3335 circu
381 3261 576 3331 reddidisse
602 3261 750 3347 gratiam
777 3260 947 3348 fugitiru,
980 3283 1089 3354 aquo
1114 3262 1246 3330 volnus
1294 3261 1381 3353 pub.
1395 3283 1460 3328 vos
1475 3260 1515 3327 in
1533 3254 1598 3328 hac
1612 3260 1766 3329 statione
1777 3261 1966 3331 collocatos
1982 3276 2115 3354 putate,
2142 3278 2183 3335 ut
2197 3266 2284 3335 olim

258 3366 371 3459 ipsius
399 3377 559 3433 curatum
597 3361 729 3443 fuerat;
774 3360 1018 3450 turpissimum
1048 3375 1164 3431 autem
1195 3375 1247 3431 est
1295 3386 1336 3431 ex
1351 3360 1477 3431 studiis
1493 3360 1619 3445 vestris
1632 3360 1749 3455 aliqua
1765 3362 1885 3432 redeat
1900 3364 2048 3438 utilitas.
2090 3361 2138 3435 Et
2154 3369 2196 3435 ad
2213 3364 2285 3437 Ec-

258 3469 364 3539 nubis
377 3466 471 3535 vinci
490 3460 624 3533 iustitia
641 3473 675 3530 et
691 3460 817 3550 pietate
831 3483 852 3529 a
868 3461 993 3531 beluis.
1038 3459 1248 3532 Laudentur
1295 3463 1435 3531 clesiam
1457 3476 1493 3532 et
1516 3477 1668 3534 caeteras
1689 3463 1848 3556 tteipub.
1870 3476 1987 3555 partes
2011 3466 2125 3537 otium
2152 3470 2285 3559 putatis

258 3586 293 3641 et
307 3569 464 3640 ciconiae
480 3564 518 3634 in
537 3563 666 3657 quibus
681 3560 773 3653 pulli
789 3562 938 3654 adultis,
964 3584 1055 3654 quae
1072 3586 1137 3654 per
1151 3575 1247 3633 aeta-
1295 3586 1368 3633 esse
1390 3559 1565 3650 scholam,
1590 3566 1652 3633 sed
1668 3560 1759 3634 mihi
1780 3566 1930 3652 credite,
1953 3556 2079 3656 ingens
2101 3570 2283 3657 negotium

258 3687 331 3744 tem
360 3680 544 3762 nequeunt
570 3665 778 3756 pabolarum
809 3664 921 3750 exire,
954 3664 1053 3735 cibos
1081 3664 1247 3739 afferunt.
1294 3666 1486 3766 sustinetis,
1510 3678 1544 3735 et
1558 3667 1655 3759 quud
1673 3668 1719 3735 ad
1735 3668 1935 3738 universam
1951 3665 2127 3761 Rempub.
2143 3670 2282 3747 attinet.

258 3778 311 3848 lta
327 3797 392 3843 vos
408 3793 551 3866 quoque
575 3767 806 3835 memineritis
825 3762 1157 3865 ἅντιπελαργητέον
1177 3762 1247 3837 hor
1295 3766 1415 3856 Quare
1430 3791 1493 3836 vus
1508 3762 1646 3853 hortor,
1669 3783 1710 3839 ut
1727 3783 1872 3861 propter
1888 3769 2036 3860 gloriam
2052 3766 2121 3839 Dei
2136 3782 2171 3841 et
2185 3773 2286 3843 solu-

258 3890 310 3948 est
337 3890 461 3946 mutua
489 3872 619 3965 pietate
645 3868 812 3938 colendos
841 3882 946 3963 atquc
975 3869 1147 3939 fovendos
1173 3891 1247 3939 esse
1294 3882 1365 3939 tern
1381 3881 1545 3953 vestram,
1570 3869 1727 3940 officium
1739 3883 1892 3940 vestrum
1908 3871 2063 3944 studiose
2077 3869 2287 3963 diligenter.

258 3990 500 4070 praeceptores
524 3972 772 4044 benemeritus.
822 3968 1006 4041 Postremo
1030 3970 1246 4061 gratitudine
1294 3994 1363 4064 que
1380 3969 1529 4041 faciatis.
1568 3969 1739 4043 invitabit
1754 3985 1867 4044 vestra
1885 3973 2064 4063 gratitudo
2079 3990 2287 4067 praeceptu-

258 4078 513 4172 iorpetrabitis,
537 4088 577 4144 ut
591 4069 689 4142 Deus
705 4073 813 4158 magis
830 4072 945 4141 faveat
964 4074 1090 4144 studiis
1108 4074 1247 4155 vestris,
1294 4096 1375 4142 rum
1393 4072 1527 4158 studia,
1552 4086 1592 4143 ut
1607 4086 1642 4145 et
1654 4072 1897 4145 instructiores
1909 4076 1954 4145 ad
1969 4076 2170 4145 docendum
2186 4100 2289 4149 acce-·

260 4205 370 4272 eaque
386 4180 430 4247 ad
448 4178 595 4245 salutem
610 4186 761 4241 vestram
776 4189 810 4242 et
824 4175 932 4241 tutius
944 4170 1098 4264 Reipub.
1116 4178 1246 4263 guber·
1294 4178 1400 4261 dant,
1422 4188 1458 4245 et
1475 4175 1587 4265 magis
1605 4174 1677 4243 sint
1693 4174 1837 4244 assidui.
1886 4172 2082 4269 Reliquum
2095 4189 2165 4263 est,
2192 4192 2234 4250 ut
2251 4192 2284 4251 et

258 4295 410 4351 naturus
426 4278 481 4350 sit.
529 4272 577 4345 Ut
591 4275 686 4341 enim
706 4273 862 4358 ingratos
878 4267 972 4341 hand
990 4276 1098 4343 dubie
1111 4277 1247 4366 pooiet,
1295 4298 1358 4367 ego
1379 4278 1508 4367 gratias
1532 4298 1633 4365 agam
1661 4275 1887 4367 amplissimis
1908 4291 1944 4348 et
1966 4278 2179 4349 doctissimis
2200 4280 2287 4352 viris

258 4384 310 4454 ita
333 4392 450 4469 gratos
472 4389 566 4445 amat
589 4398 627 4442 ac
648 4387 779 4444 tuetur.
838 4370 974 4442 Videtis
994 4400 1100 4465 quam
1122 4375 1247 4465 ingens
1297 4403 1359 4469 pro
1391 4376 1569 4447 beneficiis
1598 4376 1636 4444 in
1668 4399 1724 4445 me
1755 4377 1922 4468 privatim
1945 4379 2094 4453 collatis.
2146 4378 2287 4471 Quam.

258 4481 457 4578 praemium
474 4475 782 4567 addideritquartu
800 4486 1001 4567 praecepto:
1023 4472 1170 4544 Honora
1185 4500 1248 4567 pa·
1295 4504 1401 4573 qoam
1416 4494 1532 4549 autem
1547 4472 1633 4547 haec
1650 4480 1938 4550 commemoratio
1959 4481 2035 4550 leve
2058 4480 2215 4553 officium
2232 4485 2288 4552 vi.

259 4604 349 4656 trem
375 4599 410 4653 et
425 4594 593 4661 matrem,
624 4591 664 4647 ut
689 4577 736 4646 sis
758 4576 950 4664 longaevus
972 4599 1078 4668 super
1098 4588 1245 4664 terram,
1295 4589 1417 4665 detur,
1454 4594 1574 4649 tarnen
1606 4577 1776 4672 quoniam
1803 4580 2097 4670 significationem
2130 4582 2287 4679 aliquam

258 4684 329 4759 hoc
342 4701 412 4770 est,
437 4699 477 4754 ut
492 4681 601 4755 tutius
615 4680 707 4750 vitae
729 4701 851 4748 corsus
865 4679 1000 4750 faustus
1015 4704 1056 4749 ac
1071 4678 1177 4747 foelix
1191 4680 1247 4751 sit.
1296 4676 1402 4751 habet
1424 4696 1541 4771 gratae
1565 4680 1712 4766 mentis,
1738 4684 1943 4774 praesertim
1966 4706 2046 4752 cum
2068 4684 2128 4756 fiat
2146 4685 2187 4753 in
2206 4686 2289 4758 loco

259 4790 358 4861 ldem
381 4788 478 4857 locus
499 4783 732 4854 concionatur
748 4782 792 4849 de
806 4779 923 4849 officio
940 4803 1020 4870 erga
1041 4794 1247 4871 praecepto·
1296 4784 1457 4873 publico,
1491 4806 1564 4850 xron
1599 4782 1684 4852 duxi
1717 4806 1794 4854 eam
1828 4807 1901 4853 esse
1924 4787 2290 4876 praetermittendam.

259 4916 337 4977 res,
362 4890 424 4983 qui
441 4913 521 4958 cum
534 4886 723 4956 succedant
738 4884 776 4950 in
793 4895 977 4970 parentum
992 4904 1123 4952 munus
1136 4895 1172 4952 et
1185 4907 1247 4952 cu·
1295 4882 1412 4973 Cogor
1426 4898 1543 4954 autem
1561 4887 1794 4956 verecundius
1816 4887 1860 4954 de
1876 4886 2002 4956 vestris
2019 4888 2153 4958 meritis
2169 4889 2292 4963 dicere
2336 4906 2344 4922 ·

259 5018 338 5078 ras,
370 4992 448 5061 locu
479 5001 664 5082 parentum
689 4982 845 5055 habendi
876 4997 968 5053 sunt.
1020 4980 1070 5055 Et
1095 4985 1126 5054 si
1156 4999 1248 5055 recte
1296 5000 1439 5077 propter
1454 4985 1660 5056 modestiam
1678 5003 1842 5076 vestram.
1879 4985 2037 5059 Tantum
2052 4989 2143 5059 illud
2159 4992 2292 5077 dicam,
2337 5024 2341 5029 ·

259 5094 502 5174 aestimamus,
529 5090 660 5159 maiora
683 5086 850 5158 beneficia
872 5110 894 5155 a
913 5085 1018 5155 bunis
1032 5085 1248 5168 domatibus,
1295 5112 1352 5156 me
1367 5087 1520 5156 libenter
1539 5089 1704 5179 profiteri,
1730 5113 1804 5157 non
1824 5089 1941 5159 ruinas
1957 5114 2013 5159 rne
2029 5091 2132 5160 vobis
2146 5094 2293 5181 debere,

259 5222 372 5293 qoam·
381 5197 425 5263 ab
442 5192 527 5283 ipsis
541 5190 746 5282 parentibus
761 5187 960 5280 accipimus.
984 5185 1074 5257 Nam
1086 5189 1248 5259 doctrina
1297 5213 1404 5282 quam
1419 5191 1505 5257 meis
1521 5190 1736 5282 parentibus.
1775 5189 1897 5284 ltaque
1914 5193 2015 5261 vobis
2029 5204 2062 5261 et
2078 5188 2192 5264 habeo
2207 5218 2293 5286 gra-

260 5297 445 5388 religionis
454 5307 488 5365 ct
501 5292 649 5361 aliarum
666 5287 1020 5361 honestarumrerum
1034 5288 1260 5381 longepraes·
1296 5294 1381 5361 tiam
1403 5306 1436 5362 et
1457 5292 1628 5383 pulliceor
1648 5314 1722 5375 me,
1747 5292 1859 5363 sicubi
1881 5309 2004 5384 putero
2020 5319 2057 5362 re
2080 5295 2154 5386 ipsa
2170 5298 2293 5369 decla.

258 5403 404 5472 ferenda
418 5410 470 5468 est
485 5394 553 5485 ipsi
567 5393 671 5465 vitae.
721 5389 832 5463 Recte
846 5392 954 5481 igitur
970 5390 1162 5462 luvenalis:
1297 5416 1375 5462 rare
1406 5394 1517 5463 animi
1547 5390 1819 5483 gratitudinem,
1858 5419 1996 5465 summa
2029 5396 2097 5465 tide
2122 5388 2295 5473 daturum
