4732 6030
119 272 194 350 aet
762 257 923 337 DECL.
971 256 1050 335 nu
1083 253 1501 335 PHILOSOPHIA.
2073 258 2150 331 282

124 459 159 517 et
173 455 267 515 reeta
281 440 338 511 via
353 437 505 533 inquirit
518 451 554 508 et
569 427 741 530 patefacit.
790 432 867 527 Qui
882 433 922 507 in
938 458 980 507 eo
994 430 1115 507 studio
1134 426 1451 573 [Mathematicen.
1507 428 1579 503 Sed
1601 440 1636 501 'et
1656 422 1742 500 haec
1769 442 1852 521 pars
1879 453 1961 502 cuni
1987 423 2149 524 Physicis

125 550 216 620 bene
237 542 438 623 auuefacti,
471 537 546 623 ἕξιν
569 541 639 611 sibi
654 554 894 633 perarmat,
924 533 1115 610 revocandi
1144 627 1145 631 Ἰ
1161 535 1406 627 coniungenda
1420 544 1485 605 est.
1536 529 1625 603 Inde
1640 529 1738 603 enirn
1751 532 1849 606 velut
1864 555 1906 604 ex
1919 533 2018 607 fonte
2031 534 2150 626 plera·

126 647 244 720 omnia
262 646 308 717 ad
324 638 550 724 methodum,
573 666 664 738 quae
680 641 878 732 intelligere
899 656 962 714 aut
976 641 1115 713 tradere
1144 636 1145 644 '
1161 639 1284 735 quein
1302 632 1462 733 Physicis
1486 632 1663 707 oriuntur.
1710 632 1762 708 Et
1780 636 1959 707 harbaries
1974 631 2150 730 quaedam

124 750 202 820 aliis
224 746 395 839 cupiunt,
425 739 466 815 hi
481 760 617 816 norunt
636 742 741 815 etiam
757 743 795 812 in
813 743 1115 836 disputationibus
1161 755 1230 826 est,
1256 754 1297 811 ut
1321 735 1414 810 nihil
1439 739 1538 810 aliud
1561 738 1697 822 dicam,
1731 750 1957 809 contemnere
1972 737 2052 808 illas
2067 739 2151 832 pul·

124 849 306 941 religionis
322 840 515 919 informare
532 840 740 939 methodos,
765 846 928 917 evolvere
938 846 1115 929 intricata,
1161 839 1353 914 cherrimus
1368 858 1476 927 artes,
1499 843 1545 911 de
1559 840 1714 912 motibus
1729 841 1913 936 syderum,
1939 863 2031 934 quae
2045 839 2151 911 nobis

123 953 291 1045 dissipata
304 942 533 1035 contrahere,
557 948 717 1019 obscuris
733 950 770 1019 et¹
791 947 965 1039 ambiguis
986 949 1115 1020 addere
1160 968 1274 1017 annos
1311 959 1346 1018 et
1384 958 1582 1036 temporum
1625 940 1831 1013 discrimina
1861 941 2072 1026 conficiunt,
2113 956 2150 1014 et

124 1056 259 1127 lumen.
1066 1086 1069 1091 ·
1160 1047 1293 1119 multas
1315 1068 1371 1116 res
1392 1046 1561 1117 maximas
1574 1056 1740 1116 venturas
1751 1044 1989 1130 denunciant,
2013 1066 2150 1138 nosque

223 1152 357 1242 Magna
380 1162 416 1221 et
440 1149 581 1241 eopiosa
604 1150 766 1222 doctrina
789 1152 835 1222 ad
860 1151 1006 1224 alteram
1027 1174 1115 1235 reni,
1161 1149 1298 1222 utiliter
1310 1162 1470 1224 monent.

123 1256 273 1340 “llicet’
305 1253 350 1323 ”d
376 1252 611 1372 ffflffldffl.
626 1253 823 1372 “famem
846 1277 937 1375 ⁰pl¹i
964 1266 1034 1371 ω)
1073 1264 1116 1370 ln
1262 1297 1336 1370 Nec
1367 1300 1430 1387 rg'o
1455 1296 1581 1387 ignoro
1610 1296 1707 1366 aliud
1738 1295 1921 1366 doctrinae
1945 1318 2054 1387 genus
2076 1319 2151 1367 esse

123 1369 260 1427 norunt
285 1376 410 1423 omnes
439 1353 497 1424 vel
517 1355 743 1425 mediocriter
768 1369 898 1426 versati
925 1378 963 1424 in
992 1356 1115 1424 literis.

124 1457 196 1530 Sed
211 1470 251 1528 ut
264 1450 357 1525 hanc
369 1451 446 1537 ἕξιν
460 1450 619 1525 methodi
637 1457 883 1529 informandae
898 1457 1002 1528 nobis
1016 1480 1116 1527 coni-

124 1580 308 1651 pacemus,
333 1579 408 1626 non
423 1558 563 1626 minore
576 1558 694 1629 studio
709 1583 798 1651 opus
812 1573 875 1634 est.
914 1557 987 1629 Nec
1003 1569 1115 1649 potest

124 1654 212 1729 haec
236 1656 441 1747 contingere
464 1658 527 1743 iis,
561 1659 623 1750 qui
645 1685 720 1730 non
741 1662 931 1733 assuefiunt
948 1661 987 1729 in
1002 1661 1115 1751 pluri-

123 1761 189 1831 bus
218 1754 471 1852 Philosophiae
498 1761 678 1850 partibus,
718 1763 758 1831 in
792 1764 923 1857 quibua
954 1762 1016 1856 qui
1041 1784 1115 1831 non

123 1875 344 1945 exercentur,
370 1860 507 1929 etiamsi
522 1860 972 1949 attigeruntDialecticam,
999 1877 1114 1933 tamen

124 1977 260 2035 tantum
278 1962 441 2031 umbram
457 1963 636 2053 quandam
656 1957 818 2033 methodi
840 1976 1117 2057 consequuntur.
1188 2011 1193 2019 .
1682 2009 1690 2025 ‚
1792 2007 1801 2024 ,
1837 2007 1847 2025 ,
2014 2006 2023 2024 ‚

122 2063 197 2134 Nec
225 2061 288 2129 ,ffi
318 2061 458 2152 ,πρίω
494 2059 620 2130 vitiosa
649 2076 683 2133 e,
701 2058 903 2156 sophistica
931 2065 1116 2155 colligum,
1163 2013 1256 2104 apud
1273 2035 1309 2079 se
1322 2023 1479 2103 reputet,
1504 2034 1551 2080 an
1567 2011 1732 2100 expedire
1749 2020 1922 2077 existimet
1944 2009 2023 2078 orbi
2040 2020 2155 2077 terra-

126 2189 233 2258 quam
251 2162 321 2235 isti.
371 2158 534 2255 Cumque
556 2185 593 2231 se
614 2165 763 2235 artifices
784 2160 942 2238 methodi
960 2188 1033 2235 esse
1050 2190 1118 2257 pu·
1162 2139 1242 2286 fruhm
1261 2113 1367 2232 “lein
1391 2115 1639 2233 thummim&
1660 2106 1918 2228 &phimum
1951 2109 2155 2227 'niblguam

1062 2267 1072 2286 .
1224 2217 1395 2303 eulogiam
1426 2209 1549 2286 invehi
1577 2237 1616 2283 in
1647 2208 1851 2283 Ecclesiam.
1908 2205 1958 2282 Et
1990 2212 2155 2282 indoctos

123 2278 217 2348 tent,
243 2277 362 2333 tamen
384 2262 647 2349 viadeerrant,
680 2280 714 2337 et
741 2281 843 2347 sunt,
869 2282 910 2338 ut
924 2266 1116 2337 Homerico
1163 2342 1250 2388 voco
1274 2340 1349 2385 non
1369 2316 1486 2385 solum
1509 2317 1616 2387 md„
1638 2316 1841 2393 mamm,
1872 2325 1914 2383 m
1945 2326 2028 2384 ,unq
2053 2311 2156 2382 Am.

123 2367 234 2435 verbo
265 2375 365 2443 utar,
407 2355 643 2436 ἅλαόσκοποι.
716 2364 830 2438 Porro
865 2392 941 2438 non
979 2382 1116 2439 tantum
1250 2421 1258 2437 .
1488 2420 1496 2436 .
1573 2419 1581 2435 .
1664 2417 1673 2434 .
1898 2415 1908 2432 .
2123 2411 2133 2432 .

1011 2463 1021 2492 ι
1162 2420 1353 2510 baptistae,
1375 2420 1434 2488 sed
1449 2433 1556 2489 etiam
1571 2416 1819 2505 illosineptos‚
1846 2438 1999 2508 quicum
2015 2436 2155 2502 magni-

124 2480 271 2640 }mpm
290 2458 516 2588 mellwdum’
547 2488 609 2536 ’ω
638 2465 924 2612 “1.Ριᾶιο.ω,ωῑ
947 2465 1118 2569 dmm
1162 2521 1226 2591 lice
1240 2520 1486 2602 declamitent,
1511 2532 1628 2589 tamen
1644 2517 1731 2586 certi
1744 2511 1838 2583 nihil
1853 2515 1996 2599 dicunt,
2022 2528 2057 2584 et
2068 2512 2153 2606 quia

148 2590 424 2666 ⁰7⁰7l’a‘9m77'
452 2589 542 2657 ⁰9⁰⁸
556 2580 606 2637 ⁰⁸¹
619 2563 869 2663 Ph¹l⁰⁸⁰ph¹³’
897 2574 959 2643 “d
981 2585 1021 2642 Μ
1035 2586 1118 2643 ³⁰¹⁰
1163 2625 1207 2692 ad
1225 2616 1431 2692 methodum
1456 2644 1529 2690 non
1553 2631 1638 2688 sunt
1659 2614 1861 2700 assuefacti,
1888 2615 2021 2707 etquia
2037 2616 2155 2685 fontes

123 2671 231 2788 diii,
252 2668 357 2787 eliam
377 2667 489 2786 multa
514 2672 723 2786 assumenda
754 2671 1052 2793 sunt·Theulo·go
1075 2698 1116 2743 eir
1163 2747 1281 2794 mmm
1313 2746 1387 2792 non
1410 2722 1494 2793 mis
1516 2733 1655 2802 mem,
1685 2730 1870 2808 proptera
1893 2716 1978 2810 quia
2003 2739 2083 2785 cum
2112 2714 2154 2784 in

124 2765 302 2866 phym’
331 2768 515 2839 ”humi
531 2771 749 2858 ungularum
768 2789 923 2865 paruum
942 2790 1052 2860 'alm’
1077 2789 1117 2844 ¹¹⁸
1162 2819 1394 2916 Philosophia
1414 2847 1489 2892 non
1514 2824 1586 2893 sint
1605 2819 1779 2900 instituti,
1813 2842 1888 2889 non
1908 2819 2155 2889 satiavideant

126 2867 199 2956 his,
232 2871 296 2965 qui
319 2870 469 2939 solidam
484 2871 683 2941 doctrinam
710 2884 898 2963 expetunt,
932 2876 1118 2946 nonsatis
1292 2927 1301 2944 .
1344 2922 1403 2996 Th
1450 2926 1461 2993 ¹
1510 2924 1519 2942 ,
1626 2923 1648 2991 fi
1935 2946 1943 2961 ¹

122 2974 170 3044 sit
201 2996 312 3064 pauca
344 2970 518 3060 quaedam
552 2990 756 3058 excerpere,
797 2974 858 3042 sed
886 2998 943 3043 ars
968 2975 1118 3066 integra,
1163 2928 1625 3119 ἱῗίῧῗὲῖὴὴᾝξὲἰίΐῖ
1651 2934 1782 3007 icatur,
1808 2933 1869 2990 aut
1883 2934 2057 3014 quatenus
2071 2941 2153 2989 cum

123 3088 298 3169 quantum
322 3065 398 3135 fieri
423 3077 553 3158 potest,
589 3074 830 3157 cognoscenda
856 3087 919 3149 est.
979 3075 1115 3167 Magno
1748 3148 1757 3162 ,

123 3176 362 3245 instrumento
383 3166 571 3237 destitutus
594 3182 646 3240 est
670 3166 892 3263 Theologus,
919 3176 982 3270 qni
1004 3180 1118 3248 nescit
1263 3171 1365 3247 Nihil
1380 3198 1469 3268 opns
1486 3187 1538 3247 est
1550 3169 1609 3246 hie
1622 3188 1756 3245 veteres
1772 3172 1855 3245 illos
1867 3193 2064 3253 recensere,
2090 3170 2154 3267 qni
2272 3184 2277 3191 “

18 3304 22 3311 ·
124 3276 206 3342 illas
227 3267 480 3340 eruditissimas
502 3268 780 3360 disputationes,
820 3277 866 3346 de
896 3278 1035 3362 anima,
1071 3280 1117 3349 de
1163 3278 1362 3351 doctrinam
1375 3274 1613 3350 Christianam
1630 3274 1874 3346 insulsissimis
1890 3273 2036 3365 argutiis
2051 3270 2155 3368 peni-

124 3372 304 3457 sensibus,
326 3368 500 3455 decausis
513 3370 774 3462 appetitionum
789 3390 824 3448 et
838 3377 1046 3461 affectuum,
1071 3381 1117 3450 de
1163 3394 1220 3453 tus
1235 3379 1445 3454 obruerunt.
1501 3375 1690 3450 Eruditam
1712 3370 1984 3468 Philosophiam
1999 3375 2157 3468 requiro,

123 3473 275 3556 noticia,
298 3470 344 3542 de
365 3470 559 3542 voluntate.
614 3468 663 3545 Et
677 3491 885 3566 arroganter
904 3479 1028 3564 faciet,
1052 3481 1116 3575 qni
1164 3506 1237 3552 non
1255 3481 1335 3551 illas
1349 3479 1610 3561 cavillationes,
1635 3478 1767 3572 quibus
1788 3479 1909 3549 nullae
1923 3501 1977 3547 res
1991 3476 2154 3549 subsunt.

122 3601 161 3648 se
177 3574 363 3667 profitetur
375 3570 630 3659 Dialecticum,
655 3575 686 3645 si
707 3578 819 3649 nescit
834 3581 916 3649 illas
931 3605 1115 3652 causarum
1165 3582 1248 3656 ldeo
1271 3582 1347 3654 dixi
1368 3607 1481 3654 unum
1496 3582 1674 3674 quoddam
1698 3573 1951 3671 Philosophiae
1966 3601 2076 3668 genus
2089 3575 2157 3648 eli·

122 3674 349 3771 partitiones,
383 3696 472 3767 qnae
497 3675 688 3746 traduntur
716 3689 854 3749 tantum
884 3681 923 3749 in
944 3677 1118 3778 Physicis,
1163 3687 1424 3776 gendumesse,
1446 3684 1663 3776 quodquam
1678 3681 1868 3752 minimum
1880 3675 2007 3771 habeat
2022 3674 2156 3771 Sophi-

122 3793 158 3852 et
174 3776 329 3866 intelligi
349 3798 424 3844 non
439 3788 587 3865 possunt
609 3776 677 3846 nisi
693 3803 713 3848 a
731 3774 900 3874 Physicis.
953 3778 1116 3854 Omnino
1162 3787 1282 3872 stices,
1307 3799 1341 3857 et
1357 3786 1484 3855 iustam
1499 3779 1706 3853 methodum
1723 3782 1889 3853 retineat:
1914 3780 1996 3848 talis
2006 3795 2057 3849 est
2069 3776 2155 3848 Ari-

122 3892 177 3953 est
196 3877 294 3951 orbis
315 3877 462 3972 quidam
486 3876 635 3963 artium,
664 3903 736 3972 quo
760 3881 854 3952 inter
874 3906 912 3952 se
932 3885 1117 3955 devinctae
1162 3887 1298 3958 stotelis
1313 3885 1486 3954 doctrina.
1538 3883 1610 3954 Sed
1627 3879 1711 3952 buic
1722 3897 1840 3952 tamen
1859 3879 2004 3948 aliunde
2017 3880 2155 3949 adden·

122 3981 378 4074 copulataeque
397 3992 483 4050 sunt
506 4002 648 4064 omnes,
681 3994 720 4051 nt
742 3984 788 4052 ad
819 3983 976 4074 singulas
1001 3985 1117 4079 perci·
1163 3989 1208 4057 da
1234 3999 1285 4056 est
1308 3985 1370 4053 illa
1394 3982 1690 4073 praestantissima
1716 3974 1968 4072 Philosophiae
1988 4004 2086 4073 pars,
2109 3982 2155 4051 de

124 4081 293 4175 piendas,
325 4079 437 4150 multa
459 4103 501 4150 ex
523 4078 605 4149 aliis
626 4081 758 4152 assumi
789 4098 963 4174 oporteat:
1008 4109 1117 4181 quare
1165 4086 1321 4156 motibus
1337 4081 1570 4154 coelestibus·
1609 4080 1700 4153 Nam
1724 4081 1881 4177 reliquae
1897 4095 2011 4153 sectae
2029 4082 2154 4175 plenae

124 4179 302 4256 Ecclesiae
318 4205 408 4275 opus
423 4195 475 4253 est
490 4192 564 4252 toto
580 4182 644 4251 illo
657 4184 899 4255 doctrinarum
916 4188 1013 4259 orbe.
1163 4204 1247 4259 sunt
1262 4181 1498 4279 sophistices,
1531 4200 1566 4256 et
1581 4185 1815 4256 absurdarum
1838 4199 1872 4257 et
1889 4184 2055 4255 falsarum
2072 4184 2154 4276 opi·

225 4282 308 4356 Non
332 4282 463 4376 opinor
488 4307 691 4379 quenquam
715 4288 805 4356 adeo
832 4286 1006 4358 insulsum
1030 4310 1115 4370 esse,
1163 4289 1335 4373 nioiium,
1360 4280 1569 4382 qnaeetiam
1588 4286 1749 4358 moribus
1765 4300 1904 4358 nocent.
1955 4283 2046 4356 Nam
2071 4286 2177 4357 illae.

122 4400 256 4458 utnon
279 4385 556 4470 animadvertat,
591 4409 652 4457 eos
673 4388 734 4481 qui
749 4388 911 4459 instructi
928 4404 1012 4461 sunt
1028 4384 1116 4459 Phi·
1163 4387 1379 4487 hyperbolae
1408 4388 1609 4460 Stoicorum
1633 4402 1716 4459 sunt
1749 4388 1901 4459 omnino
1922 4384 2154 4480 sophisticae,

122 4482 288 4579 losophia
301 4487 446 4570 morali,
473 4488 602 4557 multas
615 4505 731 4580 partes
745 4491 927 4561 doctrinae
944 4488 1117 4562 Christia-
1162 4494 1293 4564 bonam
1309 4491 1573 4572 valetudinem,¹
1601 4515 1686 4583 opes
1701 4504 1736 4561 et
1755 4489 1886 4559 similia
1905 4513 1979 4560 non
1995 4513 2069 4561 esse
2087 4490 2154 4560 ho-

122 4614 192 4662 nae
207 4588 368 4661 foelicius
385 4601 536 4659 tractare
551 4612 662 4679 posse.
713 4588 805 4660 Nam
824 4616 903 4662 cum
915 4593 1026 4665 multa
1044 4592 1114 4664 sint
1162 4619 1221 4671 na.
1278 4587 1528 4665 commentitia
1541 4607 1595 4665 est
1609 4607 1643 4664 et
1658 4585 1841 4677 ἀπάθεια,
1870 4590 1958 4662 falsa
1982 4607 2017 4663 et
2032 4591 2155 4683 perni-

1161 1394 1446 1492 Philosophiam‚
1479 1399 1579 1469 aliud
1599 1392 1846 1486 Theologiam.
1902 1396 1976 1469 Nec
1999 1422 2062 1489 ego
2088 1399 2151 1469 illa

1161 1507 1208 1577 ita
1231 1503 1371 1574 misceri
1396 1501 1497 1586 volo,
1530 1514 1569 1573 ut
1584 1499 1773 1570 confundit
1786 1499 1896 1569 multa
1913 1500 1990 1570 iura
2006 1524 2152 1595 coquus,

1162 1609 1223 1679 sed
1246 1603 1408 1677 adiuvari
1431 1598 1654 1693 Theolognm
1678 1601 1760 1670 volo
1783 1601 1822 1669 in
1843 1602 2050 1671 oeconomia
2077 1626 2153 1673 nie·

1162 1706 1273 1781 thodi.
1326 1706 1447 1778 Multa
1460 1707 1566 1776 etiam
1582 1703 1737 1774 mutuari
1756 1726 1837 1772 eum
1862 1726 1904 1771 ex
1921 1696 2153 1793 Philosophia
2244 1722 2250 1741 ’

1162 1831 1302 1880 necesse
1331 1809 1409 1885 erit·
1477 1806 1518 1877 Si
1545 1807 1625 1900 quis
1654 1801 1738 1875 huic
1766 1803 1922 1875 orationi
1951 1799 2154 1874 nonhabet

1162 1913 1287 1990 fidem,
1312 1910 1343 1977 is
1365 1908 1564 1979 consideret
1587 1909 1813 1977 indoctorum
1837 1901 2093 1996 Theologiam,
2119 1916 2155 1975 et

122 4691 273 4776 similia,
298 4694 342 4760 de
358 4689 513 4779 legibus,
534 4692 647 4782 deque
663 4691 816 4781 politicis
826 4695 1005 4777 moribus,
1025 4720 1114 4765 eon·
1162 4697 1256 4767 ciosa
1276 4694 1401 4786 opinio
1421 4695 1466 4763 de
1486 4695 1570 4769 fato.
1625 4690 1804 4785 Epicurus
1826 4716 1901 4763 non
1921 4687 2154 4785 philosopha·
2292 4756 2296 4763 .

122 4793 313 4878 tractibus,
334 4807 368 4862 et
382 4791 504 4862 multis
517 4791 611 4860 vitae
624 4793 767 4880 officiis,
786 4795 1018 4883 adiuvamur,
1040 4822 1114 4866 nun
1162 4812 1241 4883 tur,
1266 4799 1325 4866 sed
1340 4809 1540 4878 esuriatur,
1566 4817 1647 4887 cuni
1661 4797 1812 4866 affirmat
1827 4795 1947 4865 omnia
1968 4819 2050 4865 casu
2064 4794 2155 4865 exti-

120 4894 239 4967 solum
266 4893 392 4965 ordine
425 4918 465 4963 ac
498 4887 667 4963 methodo
693 4894 733 4964 in
761 4891 1012 4990 Philosophia,
1052 4901 1112 4968 sed
1162 4900 1262 4970 tiase:
1287 4898 1381 4969 tollit
1394 4898 1545 4989 primam
1568 4921 1726 4981 causam,
1751 4910 1786 4967 et
1800 4896 1964 4967 dissentit
1978 4897 2016 4966 in
2036 4909 2152 4969 totum

121 4998 227 5068 etiam
251 4997 358 5067 rebus
382 4994 467 5086 ipsis
489 4994 680 5085 diligenter
701 4998 876 5089 perceptis
884 5022 894 5086 3
927 5013 962 5070 et
989 4980 1018 5069 ii
1043 5022 1113 5092 qua
1144 5026 1180 5088 ¹‚a
1209 5023 1294 5071 vera
1322 4994 1555 5094 Physicorum
1589 4999 1761 5071 doctrina.
1826 4995 2010 5088 Fugienda
2038 5011 2090 5068 est
2118 5011 2153 5069 et

123 5112 208 5169 sunt
244 5097 449 5183 dissimilia,
500 5098 653 5168 multum
688 5096 777 5168 lucis
811 5102 925 5170 adfert
959 5101 1113 5172 collatio.
1160 5097 1374 5187 Academia,
1399 5115 1712 5196 quaenonservat
1735 5096 1964 5187 methodum,
1989 5114 2025 5172 et
2044 5098 2152 5172 sumit

121 5200 236 5272 Porro
258 5215 299 5272 ut
319 5199 465 5269 claudus
485 5198 594 5291 pilam
617 5212 730 5286 tenet,
764 5199 814 5270 ita
844 5198 1112 5296 Philosophiam
1160 5204 1229 5272 sibi
1261 5204 1440 5274 licentiam
1482 5203 1750 5274 immoderatam
1792 5203 1913 5275 omnia
1951 5200 2154 5274 evertendis

120 5304 292 5374 moralem
302 5314 426 5372 tractat
441 5301 487 5384 is,
513 5297 775 5398 queinPhysica
791 5302 998 5377 destituunt.
1035 5303 1110 5376 lam
1160 5307 1256 5400 qnod
1278 5304 1342 5401 qni
1365 5306 1481 5376 facere
1503 5307 1666 5391 student,
1698 5305 1765 5377 lios
1793 5328 1934 5377 necesse
1960 5318 2013 5376 est
2039 5301 2151 5373 multa

117 5400 305 5493 historiae,
329 5418 529 5497 temporum
543 5418 660 5477 exacta
674 5404 898 5499 supputatio,
922 5408 1113 5504 requirunt
1159 5402 1350 5503 sophistice
1378 5406 1553 5499 colligere·
1619 5405 1835 5504 Quanquam
1865 5408 1896 5478 is
1931 5406 1994 5501 qui
2023 5404 2153 5474 ducem
