4732 6030
215 255 288 333 291
684 243 841 320 DECL.
876 238 951 316 DE
984 238 1189 316 PRAEF.
1220 239 1279 314 ΙΝ
1313 235 1796 317 ARlTHMETlCEN.'
2179 246 2256 322 292

224 427 369 507 delicet,
401 436 658 496 numerantem.
716 413 814 486 Haec
853 439 957 487 causa
991 431 1061 503 est,
1094 429 1219 486 curet
1270 434 1475 484 communes
1499 411 1705 504 disciplinas
1723 412 1821 482 illam
1843 427 1977 506 partem
1999 415 2043 486 de
2060 419 2219 490 motibus
2232 435 2267 493 ct

158 576 161 580 -
224 545 360 601 veteres
377 527 506 598 Graeci
523 537 602 616 pust
618 518 888 589 Grammaticen
904 544 985 588 mox
1006 518 1221 589 tradiderint
1271 516 1454 585 effectibus
1468 515 1677 584 coelestibus
1692 517 1899 605 adiungant.
1925 513 2033 588 Hunc
2050 521 2181 608 virum,
2204 525 2268 617 qui

226 630 506 712 arithmeticen,
542 624 673 694 deinde
716 621 822 693 tertio
856 622 936 692 loco
972 623 1222 714 proponebant
1270 619 1472 687 universam
1486 612 1756 708 Philosophiam
1778 618 2138 713 animocomplexus,
2165 650 2268 696 arca-

225 734 460 811 Dialecticen,
489 742 614 820 quarto
633 714 886 797 Geometriam.
930 722 1219 794 Videbantenim
1270 744 1333 790 nas
1349 743 1469 790 causas
1488 719 1723 811 plurimarum
1741 722 1980 791 mutationum
2000 724 2040 793 in
2057 741 2203 813 natura,
2231 742 2267 800 et

211 829 443 911 ¹Dialecticeu
460 831 562 900 initia
578 851 716 899 sumere
730 828 775 897 ab
790 821 1046 910 Arithmetica,
1072 839 1219 895 etexer·
1269 817 1458 892 hominum
1484 823 1575 906 vita,
1599 833 1634 890 et
1656 823 1771 892 fontes
1794 824 1954 910 virtutis,
1979 839 2014 897 et
2030 821 2264 900 honestorum

228 937 349 1009 citatio
364 931 675 1025 multiplicationis
691 942 726 999 et
742 928 948 1010 divisionis,
968 929 1100 1021 optime
1117 953 1219 1019 prae·
1271 925 1467 993 officiorum
1486 923 1672 1012 intelligit,
1698 939 1792 995 recte
1808 926 2181 1019 beatumdixerimus,
2196 933 2266 1003 sic-

229 1051 332 1132 parat
355 1037 495 1127 ingenia
520 1037 565 1103 ad
588 1032 830 1127 Syllogismos.
887 1029 976 1100 Item
998 1030 1049 1099 vis
1072 1033 1219 1098 demon·
1271 1039 1312 1098 ut
1327 1039 1361 1096 et
1380 1024 1560 1114 Vergilius
1576 1027 1832 1118 sapientissime
1849 1029 1954 1099 dixit:

229 1139 412 1213 strationis
442 1139 567 1207 melius
590 1134 740 1222 intelligi
766 1145 898 1225 potest,
931 1133 1070 1223 cognita
1094 1126 1220 1202 Arith-
1378 1134 1488 1196 Foelix
1506 1140 1558 1219 qui
1571 1141 1672 1216 potuit
1685 1160 1784 1198 rerum
1798 1160 1978 1220 cognoscere
1993 1159 2111 1203 causas.

229 1244 376 1314 metica:
404 1241 486 1334 quia
510 1234 596 1307 haec
613 1233 719 1306 habet
735 1235 886 1304 maxime
904 1234 1057 1304 illustres
1072 1237 1219 1303 demon·
1709 1230 1805 1307 Dixi,

230 1346 429 1418 strationes.
480 1341 664 1412 Praeterea
679 1338 784 1407 multi
799 1337 870 1406 loci
894 1336 931 1405 in
954 1336 1138 1407 autoribus
1161 1361 1220 1404 oc-

230 1460 398 1531 currunt,
430 1444 492 1539 qui
516 1443 592 1511 sine
614 1437 680 1510 hac
701 1452 775 1510 arte
797 1463 872 1507 non
891 1453 1038 1531 possunt
1058 1437 1221 1526 intelligi.

229 1542 459 1647 Pythagorici
479 1546 626 1635 figurate
648 1542 703 1611 usi
728 1555 811 1612 sunt
826 1541 1007 1611 vocabulis
1023 1535 1221 1611 arithmeti-
2036 1616 2040 1625 ¹

232 1654 300 1737 cis,
326 1672 437 1744 eaque
461 1645 722 1718 transtulerunt
745 1645 788 1713 ad
812 1639 1000 1736 Physicam
1025 1656 1059 1713 et
1082 1645 1125 1712 ad
1143 1668 1219 1710 mo·
1271 1639 1334 1715 Nr.
1351 1639 1411 1712 40.
2044 1654 2209 1734 (.„,1536
2230 1653 2265 1735 ?)

231 1755 342 1826 ralcm
358 1744 639 1839 Philosophiam.
692 1746 750 1817 Sic
763 1743 857 1815 enim
872 1741 1090 1838 Pythagoras
1104 1743 1220 1813 Deum
1271 1739 1401 1765 Μ
1950 1739 1955 1747 ’
2046 1744 2258 1782 Μ

234 1854 410 1926 delinivit:
452 1849 549 1921 Deus
571 1863 622 1918 est
645 1871 802 1917 excessus
823 1847 966 1915 maximi
989 1870 1218 1915 numerorum
1366 1847 1443 1931 De
1468 1848 1753 1932 astronomia
1778 1856 1825 1930 et
1849 1848 2153 1960 geographia·

232 1981 338 2049 supra
352 1955 553 2048 proximum
568 1974 767 2019 numerum.
822 1947 1221 2039 ltavoluitsignilicare,
1570 2010 1575 2021 ,
1942 2018 1954 2033 ⁸

231 2060 348 2132 Deum
370 2081 443 2127 esse
465 2078 596 2138 unum,
622 2065 656 2122 et
683 2052 828 2146 quidem
849 2074 1022 2119 summam
1046 2064 1221 2125 naturam.
1342 2041 1373 2096 ¹¹¹
1388 2040 1513 2165 ⁰⁰3⁸ss
1533 2040 1566 2163 f·
1582 2038 1603 2096 ¹·
1613 2041 1717 2164 &3⁸⁶4
1728 2060 1803 2115 “tt-v
1833 2041 1952 2100 serven.
1969 2042 2004 2099 Τ·
2019 2043 2038 2102 ¹·
2055 2062 2082 2116 P·
2093 2044 2154 2099 ³¹⁵·
2171 2055 2195 2100 ²¹
2211 2044 2264 2098 ffi-

230 2160 323 2232 Nam
340 2159 526 2230 denarium
542 2154 708 2244 intelligit
721 2151 913 2224 maximum
926 2175 1126 2236 numerum,
1138 2149 1221 2221 huic
1375 2112 1467 2166 ‘¹¹³¹'
1510 2129 1599 2181 “¹''
1667 2153 1674 2169 '
1837 2176 1839 2180 ³

176 2275 181 2283 “
233 2262 417 2356 proximus
437 2273 488 2330 est
512 2258 736 2329 novenarius.
787 2251 957 2325 Excessus
983 2278 1088 2347 supra
1112 2279 1222 2324 nove-

232 2364 375 2437 narium
398 2378 448 2434 est
472 2362 608 2432 unitas:
636 2355 704 2428 hoe
726 2359 834 2426 modo
852 2357 1080 2426 involverunt
1095 2381 1221 2426 nume·
1299 2293 1428 2454 osam
1451 2286 2087 2490 dediironpismbzfflwpha’
2112 2292 2241 2366 'millia

232 2469 282 2537 ris
303 2480 411 2536 totam
442 2455 723 2553 Philosophiam.
780 2455 858 2528 Etsi
881 2473 997 2528 autem
1021 2458 1147 2528 melius
1172 2471 1223 2528 est

231 2582 323 2640 artes
341 2567 487 2660 proprie
500 2565 655 2647 tradere,
679 2574 715 2632 et
735 2584 809 2630 non
829 2561 1012 2630 involvere
1028 2574 1117 2630 totas
1135 2560 1223 2650 ligu-
1272 2548 1392 2630 Vetus
1407 2560 1537 2649 legitur
1550 2558 1708 2654 Sibyllae
1722 2563 1903 2634 oraculum
1922 2566 1965 2634 de
1980 2560 2149 2649 Athenis,
2174 2569 2263 2637 duas

232 2673 281 2742 ris
303 2683 336 2741 et
358 2667 633 2759 aenigmatibus,
665 2679 784 2733 tamen
815 2663 995 2732 interdum
1026 2664 1131 2733 etiam
1161 2664 1220 2732 alii
1273 2665 1305 2733 ei
1328 2677 1441 2754 pestes
1465 2663 1571 2732 exitio
1598 2665 1734 2733 suturas
1756 2687 1847 2749 esse,
1882 2667 2037 2751 fraudes,
2068 2669 2261 2741 etDucmn

230 2757 461 2863 Philosophi,
494 2769 554 2862 qui
585 2765 767 2858 perspicue
788 2759 1057 2855 Philosophiam
1086 2767 1222 2836 tradere
1273 2765 1461 2856 ignaviam.
1512 2764 1582 2835 Sed
1604 2766 1634 2833 si
1658 2791 1879 2836 commuuem
1899 2762 2084 2838 hominurn
2104 2772 2264 2842 vitamet

232 2876 444 2952 voluerunt,
471 2867 643 2940 adhibent
657 2868 831 2959 exempla,
856 2863 1110 2951 Arithmetica,
1131 2891 1222 2960 quae
1274 2868 1438 2938 interitus
1453 2865 1659 2956 Regnorum
1676 2869 1950 2950 consideramus,
1977 2895 2049 2940 non
2065 2886 2135 2942 tam
2148 2868 2263 2942 Athe-

232 3001 307 3047 non
330 2975 528 3064 intelligere
552 2987 654 3063 turpe
678 2984 739 3041 est.
789 2963 890 3040 Plato
912 2995 991 3040 cum
1012 2970 1117 3053 dicit,
1143 2994 1223 3038 mu·
1274 2971 1351 3054 nis,
1383 2994 1489 3062 quam
1520 2971 1688 3040 omnibus
1711 2972 1862 3041 urbibus
1881 2997 1920 3041 ac
1943 2970 2102 3064 Imperiis
2124 2975 2262 3068 Sibylla

231 3079 300 3149 tari
327 3078 434 3165 Resp.
464 3090 607 3167 propter
633 3074 798 3142 coelestes
819 3095 959 3156 causas,
990 3097 1081 3165 quae
1112 3086 1222 3142 certas
1275 3072 1463 3143 vaticinata
1488 3085 1548 3144 est.
1616 3068 1716 3141 Olim
1741 3070 1937 3145 Germania
1961 3091 1996 3148 et
2019 3077 2262 3167 magnitudine

232 3179 494 3249 vicissitudines
511 3200 628 3244 rerum
644 3175 801 3243 efficiunt
819 3175 855 3242 iu
878 3175 1079 3244 civitatibus
1101 3187 1134 3244 et
1156 3176 1222 3242 im·
1273 3174 1474 3244 animorum
1492 3174 1702 3259 excellebat,
1726 3189 1761 3244 et
1774 3176 1812 3242 in
1828 3177 1986 3246 consiliis
1998 3179 2156 3264 veritate,
2181 3205 2264 3248 can-

232 3280 360 3372 periis,
403 3278 535 3370 inquit:
595 3273 904 3362 Quemadmodum
935 3277 1065 3347 resistit
1096 3291 1221 3345 natura
1274 3280 1360 3345 dure
1382 3301 1421 3344 ac
1444 3277 1523 3349 tide.
1573 3275 1677 3345 Nunc
1703 3272 1839 3346 technis
1863 3293 2034 3364 certatur,
2067 3283 2265 3352 eluduntur

234 3384 273 3452 in
307 3379 472 3463 vocibus,
509 3401 588 3446 cum
623 3373 864 3467 sesquitertius
897 3377 1030 3444 fundus
1063 3379 1223 3466 iungitur
1275 3391 1365 3447 recta
1387 3378 1553 3461 consilia,
1577 3393 1676 3449 vetus
1700 3379 1761 3448 illa
1783 3380 1915 3469 gloriae
1937 3382 2104 3453 militaris
2124 3385 2264 3476 cupidi-

126 3555 132 3565 ,
233 3483 420 3580 quinario,
447 3482 484 3550 id
503 3494 572 3566 est,
596 3502 675 3548 cum
699 3470 763 3548 dmi
786 3473 978 3572 τεσσάρων
1000 3479 1144 3547 additur
1159 3473 1221 3549 dcci
1274 3496 1325 3551 tas
1355 3493 1389 3548 et
1415 3479 1586 3551 fortitudo
1609 3481 1760 3552 extincta
1783 3496 1845 3552 est.
1913 3481 1996 3553 ldeo
2019 3486 2146 3556 videtis
2170 3481 2264 3556 nihil

234 3583 360 3670 πέντε,
390 3575 543 3667 horest,
570 3606 649 3652 curn
673 3579 845 3670 completa
872 3592 923 3649 est
945 3574 1132 3649 harmonia
1159 3575 1222 3651 did
1273 3604 1348 3651 esse
1372 3582 1628 3673 praesidiorum
1651 3582 1689 3650 in
1706 3596 1804 3654 tanto
1822 3584 1979 3675 periculo
1996 3588 2155 3677 publico,
2187 3613 2260 3656 non

132 3711 138 3717 “
232 3693 376 3762 πασῶν.
430 3685 482 3756 lta
501 3709 581 3755 cum
599 3684 807 3753 circumacta
827 3696 878 3751 est
901 3682 1132 3772 imperiorum
1160 3707 1223 3773 pe·
1273 3685 1388 3755 solum
1412 3680 1644 3767 Germaniae,
1670 3687 1730 3754 sed
1756 3688 1942 3757 universae
1967 3689 2121 3783 reliquae
2141 3685 2261 3758 Euru-

231 3793 376 3876 riodus,
409 3802 521 3859 ruunt
541 3802 576 3857 et
595 3797 780 3855 mutantur
802 3781 961 3873 Respub.
1021 3782 1163 3854 Adiecit
1188 3797 1222 3854 et
1282 3811 1349 3855 iae.
1404 3783 1456 3854 De
1479 3812 1550 3878 qno
1573 3788 1750 3874 cogitans,
1775 3790 1926 3857 maxime
1948 3815 2058 3880 angor
2080 3792 2262 3864 animode

232 3918 371 3965 sarisam
387 3888 499 3977 hanc,
525 3890 607 3986 quia
628 3912 707 3958 cum
723 3886 820 3979 plani
841 3888 921 3956 cubi
938 3888 1161 3978 complentur
1177 3888 1219 3956 ad
1278 3885 1430 3956 Ecclesia
1461 3903 1494 3957 et
1522 3891 1565 3957 de
1596 3891 1726 3960 nostris
1749 3892 1893 3976 studiis,
1923 3893 2053 3985 quibus
2076 3895 2261 3985 praecipue

231 3997 366 4068 solidos
388 4019 519 4088 usque,
547 4017 611 4060 nec
632 3991 727 4061 enim
752 4004 878 4058 natura
902 3990 1053 4059 ulterius
1075 4012 1219 4082 progre-
1274 3989 1424 4059 Turrica
1453 3990 1634 4060 barbaries
1664 3993 1859 4063 vastitatem
1883 4010 1916 4064 et
1939 3996 2120 4067 interitum
2144 3997 2261 4065 mina-

232 4100 350 4183 ditur,
381 4096 484 4167 multi
515 4094 702 4163 dissimiles
726 4092 866 4159 numeri
889 4108 1137 4182 procreantur:
1172 4092 1229 4162 ita·
1274 4107 1340 4162 tur.
1394 4089 1608 4186 Quanquam
1629 4094 1737 4184 igitur
1760 4096 1965 4184 impendent
1978 4099 2101 4167 fatales
2118 4122 2264 4189 poenae,

233 4204 422 4288 degeneres
444 4196 556 4279 cives,
584 4194 647 4287 qui
671 4209 788 4263 tamen
814 4194 999 4280 potiuntur
1021 4193 1162 4284 Repub.
1180 4218 1221 4262 ex
1272 4210 1311 4264 ut
1334 4195 1443 4264 merlta
1466 4209 1549 4266 sunt
1572 4222 1645 4264 non
1667 4198 1781 4265 solum
1807 4196 1845 4264 iu
1869 4200 1989 4283 astris,
2017 4202 2076 4269 sed
2097 4201 2204 4270 etiam
2222 4201 2262 4270 in

232 4298 547 4392 praestantioribus
569 4298 656 4378 orti,
682 4307 844 4362 evertunt
866 4291 1023 4383 Respub.
1051 4295 1219 4382 paulatim
1273 4297 1431 4366 moribus
1447 4293 1652 4377 hominum,
1678 4299 1796 4386 signa,
1823 4313 1940 4370 tamen
1957 4297 2021 4370 hac
2037 4327 2093 4371 me
2108 4327 2168 4393 spe
2184 4327 2263 4373 sus-

179 4392 185 4400 *
231 4403 404 4496 usquead
423 4399 621 4489 periodum.
674 4394 742 4463 Hic
758 4418 802 4461 ne
817 4395 986 4464 vocabula
1002 4397 1145 4488 quidem
1164 4396 1221 4462 iu·
1271 4411 1389 4483 tento,
1414 4395 1680 4470 EcclesiasDeo
1705 4402 2063 4485 curaeluturasesse,
2096 4406 2261 4476 etlilium

233 4507 443 4594 telliguntur
465 4501 542 4569 sine
570 4493 814 4568 Arithmetica.
871 4493 941 4564 Sed
965 4492 1030 4564 hae
1052 4498 1220 4566 utilitates
1271 4498 1339 4568 Dei
1370 4515 1674 4593 propugnaturum
1706 4517 1844 4571 nostros
1876 4517 2012 4589 coetus,
2062 4523 2102 4577 ut
2131 4504 2263 4578 Daniel

233 4609 384 4678 leviores
401 4618 503 4687 sunt,
528 4602 610 4670 illae
624 4616 707 4670 suut
731 4621 898 4687 magnae,
923 4623 1010 4692 quas
1034 4624 1139 4691 supra
1162 4624 1217 4667 re·
1270 4603 1456 4691 praedixit.
1509 4601 1629 4690 Quare
1651 4596 1736 4672 haec
1758 4607 1874 4675 studia
1896 4606 2020 4687 uobis,
2055 4611 2261 4679 adolescen-

232 4712 373 4794 censui,
407 4708 504 4801 quod
526 4730 606 4774 cum
636 4703 672 4772 iu
706 4701 827 4771 multis
848 4700 926 4770 aliis
949 4705 1040 4773 vitae
1065 4701 1220 4793 negociis
1271 4717 1339 4783 tes,
1366 4728 1440 4772 non
1454 4719 1537 4773 suut
1552 4704 1771 4792 abiicienda,
1796 4709 2058 4800 desperatione,
2086 4713 2142 4781 vel
2157 4736 2261 4802 prae·

231 4808 297 4882 hac
313 4826 386 4882 arte
402 4835 490 4902 opus
506 4809 569 4892 sit,
593 4821 667 4878 tum
684 4830 767 4875 vero
787 4804 864 4873 sine
880 4828 918 4873 ea
936 4806 980 4874 ad
1000 4806 1097 4875 illam
1115 4828 1218 4895 prae·
1270 4805 1445 4891 mierum,
1471 4807 1528 4874 vel
1543 4806 1675 4877 salutis.
1728 4807 1803 4879 lmo
1821 4834 1861 4879 eo
1880 4811 2061 4882 ardentius
2077 4814 2263 4886 excitanda

232 4915 482 4984 stantissimam
506 4904 759 5000 Philosophiae
784 4921 918 4997 partem
943 4908 987 4975 de
1010 4911 1116 4978 rebus
1136 4931 1215 4978 coc·
1269 4922 1369 4994 sunt,
1395 4921 1434 4978 ut
1458 4909 1562 4977 etiam
1588 4909 1681 4979 inter
1700 4913 1836 4982 medios
1859 4906 1976 4982 hostes
1993 4931 2263 5004 conserventur,

230 5018 377 5087 lestibus
392 5016 513 5085 nullus
526 5026 641 5106 pateat
655 5012 782 5084 aditus.
834 5007 930 5078 Haec
946 5033 1069 5099 magna
1087 5027 1121 5082 et
1137 5035 1218 5100 gra·
1268 5011 1298 5078 si
1321 5011 1370 5081 ita
1394 5012 1509 5080 serent
1531 5013 1613 5082 fata.
1679 5010 1727 5084 Et
1750 5013 1920 5107 quoniam
1946 5012 1983 5085 hi
2004 5018 2118 5088 nostri
2141 5034 2264 5090 coetus

231 5120 285 5188 vis
307 5143 408 5189 causa
433 5129 503 5201 est,
537 5139 627 5209 quae
651 5116 842 5184 accendere
865 5135 1051 5200 generosas
1073 5128 1217 5183 naturas
1268 5136 1349 5202 pars
1367 5129 1448 5184 sunt
1465 5109 1662 5196 Ecclesiae,
1689 5116 1826 5207 quoties
1842 5119 2094 5199 convenimus,
2121 5123 2262 5213 quoties

229 5224 273 5294 ad
297 5219 390 5291 hauc
411 5233 521 5289 artem
543 5217 667 5299 debet,
692 5216 775 5307 quia
798 5214 861 5308 qui
878 5228 1045 5306 expetunt
1067 5217 1216 5286 solidam
1267 5215 1311 5282 de
1327 5217 1453 5286 studiis
1467 5217 1671 5307 cogitamus,
1695 5220 1862 5289 accedant
1879 5219 1935 5312 pia
1954 5236 2047 5310 vota,
2068 5235 2099 5291 et
2118 5248 2262 5294 oremus

227 5326 445 5407 doctrinam,
470 5334 504 5391 et
523 5318 660 5407 magnis
684 5317 768 5386 viris
788 5316 950 5405 dignam,
973 5319 1141 5389 omnibus
1159 5316 1217 5385 iu·
1253 5313 1402 5405 'Deum,
1429 5318 1570 5391 Patrem
1593 5321 1794 5391 liberatoris
1816 5323 1929 5392 nostri
1947 5320 2026 5393 lesu
2044 5319 2198 5410 Christi,
2221 5341 2263 5398 ut

227 5430 339 5519 geniis
362 5426 498 5498 viribus
519 5422 732 5493 contendere
754 5420 903 5506 debent,
935 5434 972 5492 ut
995 5424 1038 5492 ad
1063 5436 1216 5493 caeteras
1265 5414 1461 5492 Ecclesiam
1486 5435 1521 5493 et
1542 5417 1688 5501 honesta
1714 5425 1829 5495 studia
1853 5426 2038 5513 defendat,
2063 5450 2130 5498 uos
2145 5443 2264 5501 servet
