4732 6030
288 343 364 418 799
679 331 844 420 DECla
878 329 957 409 DE
988 328 1188 412 utero:
1231 324 1640 429 1010111111
1676 325 1805 406 ΜΕΑ
1834 348 1920 410 arc.
2246 338 2331 413 800

302 514 370 589 No.
389 513 474 587 100.
1063 473 1066 476 γ
1106 508 1267 578 1111548.
1432 498 1729 597 Quandocumque
1751 496 1848 574 Deus
1873 501 1981 575 tradit
2002 514 2064 576 aut
2085 514 2239 579 renovat
2264 512 2333 583 do·

297 609 469 645 *⁸*
1101 597 1274 633 Μ
1332 604 1505 691 ctriuam,
1530 604 1647 676 statim
1670 604 1823 675 obruere
1842 628 1920 675 eam
1934 603 2130 695 Diabolus,
2154 622 2196 682 ut
2209 607 2333 686 Deum

252 680 258 701 ἦ
374 712 451 799 De
481 710 629 798 dictos
658 707 802 797 Pom
822 707 959 795 verba
987 734 1090 794 mea
1118 717 1200 793 eto,
1333 707 1546 778 contumelia
1561 705 1710 792 afficiat,
1735 719 1899 779 conatur.
1950 704 1999 780 Ut
2011 708 2142 782 alludit
2156 713 2332 788 nebulam

360 871 394 927 1„
408 872 503 927 select
517 867 600 928 nect.
616 868 649 930 T.
663 867 711 923 111.
725 885 753 938 g·
767 867 847 935 609„
870 856 1002 922 Ricina.
1016 867 1065 922 m·
1078 887 1108 941 p.
1120 865 1199 929 ma
1216 865 1284 923 sec-
1332 806 1464 893 Herae,
1486 821 1644 926 uteama
1660 807 2095 928 voce-divinaebduceret.
2136 810 2191 884 lta
2208 831 2331 907 postea

396 951 460 996 vest.
474 936 520 993 111.
542 936 644 1008 pan.
663 946 690 992 11
712 935 741 991 iu
760 935 872 1008 Georgii
893 935 1028 1008 Principis
1044 935 1154 993 anhalt.
1169 937 1285 992 concio·
1334 933 1436 1001 Saepe
1452 909 1628 1003 ‘omnibus
1659 910 1829 981 aetatibus
1855 911 2027 993 >tn-duciae
2052 927 2137 986 811111
2159 918 2332 993 111181)ηο

396 1005 666 1132 ffi‘g'ffil'i'
693 1025 720 1078 p.
741 1003 829 1089 {¹⁶¹³-
872 1005 943 1088 usn
969 1012 1009 1058 ‘⁸‘
1034 1005 1286 1088 qncfoosynsata,
1335 1011 1476 1080 coelesti
1503 1009 1695 1080 doctrinae.
1751 1007 1805 1079 Ac
1826 1010 1964 1081 vidistis
1984 1007 2053 1084 hac
2074 1031 2191 1088 nostra
2213 1033 2331 1093 aetate

474 1095 518 1150 gro
560 1093 577 1127 n
597 1085 684 1128 atino
703 1085 819 1146 scripta,
846 1092 892 1146 qm
913 1092 972 1128 esm
991 1075 1285 1143 tantantummodo

393 1136 752 1288 gafflqqmmffi
770 1142 846 1198 1548.
883 1140 947 1200 vit.
964 1140 1045 1196 etiam
1064 1140 1134 1216 epp.
1155 1140 1219 1201 Vol.
1235 1143 1286 1204 vg
1334 1112 1503 1183 fanaticos
1518 1112 1710 1181 multorum
1726 1110 1877 1186 furores.
1926 1110 2031 1184 Talia
2042 1118 2194 1207 pericula
2205 1122 2244 1191 in
2262 1117 2331 1193 hac

296 1377 423 1450 oratio
452 1363 674 1468 [synodica]
702 1366 751 1440 de
777 1367 879 1442 dioto
902 1373 1041 1443 1111111
1063 1367 1147 1446 dh:
1169 1375 1289 1456 ⁴Posui

509 1470 621 1544 uerba
648 1494 734 1544 men
761 1476 802 1544 in
828 1494 891 1544 ore
917 1481 983 1545 sao
1006 1481 1078 1546 esc.

563 1211 606 1267 ¹⁶·
1337 1208 1524 1282 hominum
1542 1210 1784 1282 imbecillitate
1806 1236 1945 1306 semper
1959 1220 2146 1289 metuenda
2163 1237 2267 1308 sunt,
2295 1237 2332 1298 et

1337 1316 1504 1385 adversus
1520 1338 1559 1384 ea
1576 1315 1782 1383 nonsolum
1807 1315 2026 1398 eruditione,
2052 1333 2084 1391 et
2102 1335 2223 1394 nostra
2238 1326 2330 1415 vigi.

1336 1415 1467 1499 lautia,
1493 1428 1527 1484 et
1543 1416 1739 1485 constantia
1755 1431 1891 1488 mentes
1907 1419 2121 1490 muniendae
2137 1439 2241 1511 sunt,
2265 1429 2325 1497 scd

1338 1517 1443 1588 etiarn
1466 1513 1562 1588 Deus
1591 1518 1748 1586 orandus
1773 1530 1843 1604 est,
1877 1532 1916 1589 ut
1937 1519 2011 1611 ipse
2039 1521 2208 1608 insidias,
2238 1552 2327 1621 qnae

297 1609 479 1699 Condidit
494 1614 590 1688 Dens
605 1640 715 1708 genus
731 1611 927 1700 humanum
945 1618 988 1687 ad
1010 1616 1230 1713 societatem,
1254 1625 1290 1685 et
1338 1641 1441 1710 saepe
1464 1630 1653 1689 struuntur
1676 1617 1847 1706 singulari
1861 1621 2009 1702 astutia,
2040 1624 2206 1717 depellat.
2257 1628 2328 1700 Ac·

299 1722 544 1818 generatione,
575 1719 801 1803 educatione,
833 1718 1073 1801 institutione,
1099 1715 1290 1787 contracti·
1338 1722 1461 1790 cedere
1491 1735 1607 1792 tamen
1638 1717 1678 1790 in
1710 1720 1815 1791 nobis
1833 1722 2004 1793 xdiscendi
2033 1748 2153 1796 curam
2179 1743 2331 1820 oportet,

297 1830 384 1910 bus,
410 1822 586 1913 imperiis,
612 1832 658 1889 et·
669 1820 791 1890 multis
811 1821 949 1910 magnis
969 1833 1004 1890 et
1020 1818 1192 1888 mirandis
1207 1817 1291 1887 vin·
1339 1845 1445 1916 qnam
1467 1819 1669 1911 saepissime
1690 1821 1860 1915 praccipit
1881 1824 2088 1900 vordivina.
2141 1827 2213 1898 Sed
2227 1857 2332 1902 sum-

299 1929 388 1999 eulis
402 1924 601 1995 societatem
624 1921 795 1991 devinxit.
848 1918 938 1992 Vult
959 1922 1055 1991 enirn
1071 1918 1289 1990 consociatos
1339 1946 1396 1992 ma
1417 1937 1468 1992 est
1489 1918 1615 1993 talium
1638 1936 1903 2014 praeceptomm
1928 1925 1965 1993 in
1990 1919 2046 1995 his
2068 1928 2200 2000 verbis:
2238 1932 2333 2004 Pre-

299 2051 373 2097 esse
390 2021 570 2104 homines,
595 2035 637 2092 nt
655 2023 760 2092 simul
775 2046 884 2092 unam
903 2046 1024 2093 vocem
1048 2018 1290 2091 doctrinae'de
1340 2019 1484 2119 hendite
1508 2023 1668 2116 clypeum
1689 2022 1790 2104 fidei,
1814 2039 1854 2093 ut
1879 2026 2019 2116 possitis
2040 2030 2158 2099 omnia
2177 2033 2250 2103 tela
2264 2058 2332 2105 ne·

300 2129 377 2201 Deo
392 2137 538 2206 sonent,
563 2137 597 2192 et
612 2123 675 2191 alii
687 2123 776 2193 alios
789 2125 966 2204 erudiant.
1017 2120 1103 2192 Ideo
1119 2137 1154 2193 et
1169 2133 1290 2191 coetus
1339 2124 1500 2218 quissimi
1513 2124 1657 2215 spiritus
1673 2123 1784 2213 ignito
1800 2126 2016 2217 extinguere.

301 2253 376 2301 esse
390 2225 586 2298 Ecclesiam
603 2223 733 2303 voluit,
759 2239 794 2294 et
808 2223 857 2293 ita
871 2222 1027 2296 instituit
1042 2222 1289 2301 ministerium,
1441 2222 1491 2297 Ut
1504 2239 1621 2295 autem
1636 2225 1732 2310 alias,
1754 2249 1796 2296 ex
1810 2227 1888 2297 aliis
1901 2229 2006 2299 dictis
2019 2236 2330 2308 commonefactio·

301 2346 342 2401 ut
358 2326 492 2420 publici
507 2339 542 2396 et
565 2319 803 2395 honestissimi
826 2347 1032 2414 congressus
1051 2326 1148 2395 bant.
1203 2321 1291 2392 Vult
1338 2350 1419 2398 nem
1444 2325 1677 2418 sumpsimus,
1710 2327 1759 2397 ita
1783 2351 1880 2398 nunc
1910 2331 2012 2400 vobis
2038 2357 2236 2424 proponam
2262 2336 2329 2410 hoc

301 2432 398 2504 enim
423 2425 565 2516 agnosci
587 2425 700 2495 filium
722 2448 744 2495 a
768 2439 843 2496 toto
861 2448 989 2516 genere
1005 2421 1181 2506 hnmano,
1208 2423 1288 2493 »vult
1327 2428 1486 2508 dictum,
1512 2429 1607 2521 quod
1624 2429 1717 2519 apud
1727 2424 1867 2498 Esaiam
1882 2430 2022 2522 legitur,
2040 2437 2102 2505 ubi
2110 2431 2331 2512 Deusaeter·

300 2533 435 2626 ubique
461 2527 622 2600 exaudiri
646 2549 766 2596 vocem
792 2548 910 2612 suam,
938 2527 1030 2598 sicut
1053 2524 1215 2596 Psalmus
1231 2525 1290 2594 iu·
1339 2552 1407 2598 nus
1429 2526 1536 2598 Pater
1556 2525 1706 2598 Domini
1734 2531 1846 2601 nostri
1876 2529 1955 2603 lesu
1977 2531 2110 2606 Christi
2130 2539 2249 2633 inquit
2283 2544 2329 2612 ad

301 2633 392 2728 quit:
420 2629 464 2701 lu
479 2653 622 2700 ornnem
638 2641 767 2698 terram
781 2628 889 2699 exivit
904 2650 1011 2698 sonus
1025 2652 1160 2702 eorum.
1208 2625 1289 2695 Nun
1338 2627 1525 2719 Evangelii
1547 2627 1754 2700 Ductorem:
1772 2629 1889 2703 ·Pono
1905 2636 2012 2706 verba
2031 2661 2108 2708 mea
2124 2639 2164 2708 in
2178 2654 2241 2712 ore
2255 2655 2328 2724 tuo,

300 2735 378 2832 vult
394 2729 628 2820 Evangelium
653 2751 726 2797 esse
749 2753 878 2798 arcana
895 2725 1098 2810 Eleusinia,
1123 2752 1197 2799 non
1215 2727 1291 2798 vult
1329 2745 1375 2815 ‚et
1402 2732 1531 2802 umbre
1559 2753 1685 2802 manus
1714 2754 1814 2805 meae
1835 2737 2016 2828 protegam
2042 2756 2094 2822 te,
2127 2753 2166 2813 ut
2191 2744 2331 2837 plantes

219 2838 222 2845 '
301 2831 467 2905 homines
484 2832 679 2914 seiunctos,
704 2841 739 2898 et
753 2829 946 2901 abditosin
959 2830 1129 2914 latebras,
1149 2830 1291 2919 gignere
1341 2832 1469 2905 coelos.
1638 2912 1640 2916 ‚

301 2959 382 3007 suas
409 2934 579 3028 quasdam
610 2931 816 3023 opiniones,
846 2933 905 3002 sed
929 2931 1233 3023 congregationem
1256 2940 1292 3002 11
1441 2928 1478 3003 Ο
1493 2930 1632 3003 dulcem
1657 2931 1863 3004 concionem
1882 2936 2048 3010 universo
2064 2942 2182 3031 generi
2199 2938 2328 3019 huma·

303 3037 457 3107 institnit
467 3089 478 3120 ,
488 3077 490 3082 ·
502 3048 537 3105 et
553 3032 741 3124 praecipit,
764 3047 805 3103 ut
819 3030 952 3103 Psalmi
965 3055 1068 3124 saepe
1082 3031 1222 3103 dicunt:
1249 3026 1291 3099 ln
1340 3059 1407 3120 no,
1433 3057 1523 3128 qnae
1535 3033 1691 3129 primum
1707 3034 1933 3126 docentibus,
1957 3041 2228 3115 familiarissime
2244 3063 2327 3120 nota

303 3136 422 3207 medio
437 3133 613 3205 Ecclesiae
630 3134 784 3205 laudabo
801 3147 848 3206 te.
898 3133 963 3206 Et:
988 3132 1031 3204 In
1048 3132 1292 3204 conveniendo
1340 3159 1415 3206 csse
1437 3137 1561 3219 debet,
1586 3135 1716 3211 deinde
1739 3150 1771 3207 et
1790 3142 1922 3230 populo
1944 3166 2047 3235 saepe
2063 3145 2243 3217 recitanda
2266 3163 2326 3225 est.

304 3237 456 3330 populos
476 3247 510 3304 et
535 3255 632 3322 reges
654 3234 693 3300 in
715 3258 851 3319 nisum,
883 3249 922 3306 ut
942 3235 1099 3312 serviant
1121 3234 1293 3305 Domino.
1341 3233 1507 3317 Affirmat
1520 3236 1615 3306 enim
1638 3236 1754 3325 colligi
1769 3233 1962 3310 Ecclesiam
1979 3247 2141 3317 doctrina
2159 3249 2328 3323 divinitus

304 3335 580 3429 Addidit'etiam
609 3333 878 3424 promissionem
902 3335 1161 3425 congressibus:
1203 3332 1295 3407 Ubi·
1340 3338 1491 3422 tradita,
1516 3352 1551 3408 et
1566 3338 1707 3408 defendi
1723 3339 1842 3406 dextra
1860 3335 1928 3408 Dei
1945 3344 2187 3419 ministerium
2201 3365 2237 3422 et
2251 3376 2327 3432 coc,-

304 3462 445 3533 cunque
463 3437 534 3505 duo
558 3453 618 3503 aut
643 3447 713 3505 tres
737 3435 969 3507 convenerint
986 3436 1024 3504 in
1041 3436 1186 3504 nomine
1202 3458 1295 3520 meo,
1342 3453 1399 3509 tus
1420 3439 1650 3522 discentium,
1681 3435 1815 3529 etquis
1841 3439 1888 3511 sit
1917 3441 2112 3518 ministerii
2138 3452 2327 3543 evangelici

304 3543 357 3612 ibi
372 3565 448 3611 sum
466 3539 503 3606 in
520 3536 639 3605 medio
657 3538 791 3610 eorum.
991 3607 997 3616 ,
1342 3553 1446 3611 autor
1466 3564 1506 3610 ac
1530 3541 1711 3623 defensor,
1742 3552 1777 3608 et
1803 3565 1894 3634 quae
1919 3542 1963 3614 sit
1986 3544 2123 3617 utilitas
2145 3569 2329 3627 monstrat.
2347 3606 2352 3613 -

406 3639 503 3712 llaec
513 3660 593 3707 cum
603 3638 651 3706 ita
669 3638 758 3719 sint,
778 3638 877 3706 decet
892 3657 957 3704 nos
974 3659 1054 3707 enm
1069 3636 1157 3707 alios
1172 3635 1294 3730 publi·
1341 3639 1438 3712 Haec
1456 3641 1617 3736 quotidie
1635 3638 1805 3710 omnibus
1816 3643 1902 3737 piis,
1925 3644 2075 3716 maxime
2095 3673 2180 3720 vero
2197 3655 2332 3726 docen-

304 3767 365 3816 cos
386 3739 564 3813 Ecclesiae
583 3760 788 3830 congressus
812 3737 869 3828 pie
893 3759 1029 3824 amare,
1053 3747 1129 3810 tum
1147 3763 1231 3809 vero
1245 3738 1294 3807 li·
1341 3742 1438 3814 tibus
1452 3742 1637 3831 cogitanda
1650 3755 1751 3812 sunt:

304 3849 434 3918 beuter
453 3838 509 3912 his
529 3841 671 3910 nostris
687 3840 922 3912 conventibus
944 3838 1130 3925 interesse,
1162 3839 1225 3933 qui
1248 3840 1293 3909 ad
1442 3839 1620 3914 Exordiar
1640 3855 1757 3913 sutem
1779 3843 2100 3934 interpretationem
2115 3847 2201 3918 dicti
2219 3876 2240 3922 a
2260 3855 2332 3929 fine

304 3948 527 4019 retinendam
559 3943 741 4013 doctrinae
778 3941 966 4033 puritatem
999 3954 1034 4011 et
1067 3942 1294 4012 concordiam
1342 3968 1405 4016 seu
1424 3945 1549 4016 effectu
1572 3942 1782 4027 ministerii,
1814 3944 1858 4013 de
1874 3969 1946 4038 quo
1962 3947 2206 4036 concionatur,
2230 3958 2331 4029 vide·

305 4051 411 4121 utiles
433 4058 528 4120 sunt.
586 4040 639 4114 Ac
659 4043 816 4136 prolecto
836 4038 928 4112 nihil
946 4040 994 4127 in
1018 4044 1091 4114 vita
1106 4039 1295 4114 hominum
1343 4048 1425 4117 licet
1447 4047 1492 4115 ab
1512 4039 1576 4115 hac
1591 4045 1780 4138 particula:
1805 4043 1853 4117 Ut
1873 4047 2010 4137 plantes
2025 4049 2150 4120 coelos.
2204 4050 2330 4128 No'ini·

304 4145 490 4244 pulchrius
514 4157 550 4215 et
568 4145 707 4213 dulcius
731 4159 801 4226 est,
835 4167 942 4235 quam
967 4145 1098 4215 multos
1124 4146 1237 4215 honos
1260 4157 1296 4213 et
1344 4142 1525 4232 natheus
1549 4141 1758 4226 Ecclesiam,
1792 4145 1975 4219 coelestem
1996 4142 2161 4237 hortum,
2185 4157 2272 4248 qnia
2290 4162 2328 4231 ad

307 4256 430 4322 doctos
456 4247 555 4329 viros
583 4245 792 4324 convenire,
826 4257 861 4313 et
892 4244 936 4312 de
964 4245 1124 4316 doctrina
1153 4244 1296 4316 coelesti
1343 4247 1648 4321 consuetudinem
1665 4258 1845 4316 aeternam
1879 4272 1961 4319 cum
1989 4247 2066 4321 Deo
2093 4264 2128 4323 et
2149 4253 2226 4324 filio
2260 4262 2328 4331 cius

309 4364 469 4421 amanter
482 4345 655 4438 colloqui,
666 4415 669 4429 „
681 4345 840 4414 conferre
856 4346 1064 4430 sententias,
1088 4360 1124 4417 ct
1138 4347 1297 4418 illustra·
1344 4349 1532 4440 colligitur.
1588 4343 1641 4418 Ea
1665 4348 1884 4418 consuetudo
1903 4349 2015 4423 vincit
2031 4355 2246 4428 amoenitate
2261 4385 2328 4431 non

307 4467 342 4524 ta
369 4449 534 4526 veritate,
566 4467 640 4514 sese
660 4458 696 4516 et
718 4445 806 4515 alios
822 4447 867 4514 ad
883 4445 1006 4528 fidem,
1036 4448 1199 4518 timorem
1215 4446 1297 4534 Dei,
1344 4453 1458 4523 sulum
1483 4462 1636 4522 caeteros
1656 4440 1779 4530 hortos
1798 4471 1938 4533 omnes,
1971 4466 2006 4522 et
2024 4453 2166 4544 politias
2190 4477 2329 4532 cunctas

308 4567 342 4624 et
367 4553 412 4622 ad
435 4546 696 4619 invocationem
720 4547 930 4631 exuscitare,
961 4559 996 4617 et
1020 4547 1068 4619 ita
1089 4548 1298 4636 confirmare
1344 4552 1741 4648 quaecunquesnerunt,
1762 4550 1944 4620 sedetiam
1960 4553 2235 4644 primumillum
2252 4558 2328 4634 hor-

306 4669 459 4737 mentes‚
486 4645 655 4721 neaDeo
667 4651 851 4734 aberrent,
876 4671 965 4718 neve
979 4649 1019 4718 in
1032 4647 1199 4723 Ecclesiis
1213 4651 1297 4721 lim-
1344 4668 1439 4735 tum,
1465 4648 1504 4722 iu
1525 4676 1595 4746 quo
1617 4672 1727 4740 genus
1748 4643 1946 4722 humanum
1963 4655 2147 4726 conditum
2167 4673 2231 4735 est.
2284 4662 2329 4736 Ac

307 4759 411 4849 pidos
425 4756 540 4825 sontes
554 4752 735 4823 doctrinae
746 4750 884 4823 turbari
898 4750 1032 4839 sinant,
1057 4752 1216 4824 admistis
1229 4753 1297 4823 ial-
1343 4779 1480 4846 semper
1496 4753 1663 4824 omnibns
1677 4752 1715 4820 in
1736 4755 1983 4843 conspectu'sit
2000 4750 2059 4826 hic
2073 4756 2174 4845 finis,
2195 4776 2234 4833 et
2252 4761 2328 4836 baec

307 4859 355 4928 sis
368 4856 609 4950 opinionibus.
802 4853 805 4859 ’
1307 4882 1309 4886 ’
1345 4869 1449 4927 meta,
1507 4853 1654 4946 Semper
1677 4853 1892 4943 cogitemus,
1924 4867 1959 4924 et
1985 4858 2149 4930 conditos
2171 4886 2248 4935 esse
2271 4864 2328 4938 ho-

412 4957 558 5027 Necesse
572 4970 625 5027 est
639 4968 756 5027 autem
773 4976 853 5040 eos,
878 4953 939 5048 qui
956 4967 1126 5045 praesunt
1140 4976 1295 5025 conven·
1332 4957 1476 5040 mines,
1501 4969 1536 5027 et
1550 4955 1620 5048 'per
1639 4955 1751 5024 lilium
1766 4953 1834 5024 Dei
1856 4980 1897 5024 ex
1925 4969 2067 5028 aeterno
2090 4963 2200 5034 exitio
2227 4983 2330 5041 retra·

307 5061 422 5139 tibus,
456 5056 755 5127 commonefacere
778 5057 867 5126 alios
892 5058 936 5125 de
957 5068 1079 5125 nostro
1093 5057 1229 5140 officio,
1256 5080 1296 5125 ac
1344 5072 1441 5141 ctos,
1462 5072 1496 5129 et
1512 5081 1596 5127 voce
1609 5056 1730 5126 divina
1739 5055 1864 5126 vocari
1878 5058 1922 5127 ad
1937 5051 2034 5129 hunc
2049 5076 2218 5152 portum,
2242 5070 2331 5143 utin

307 5159 494 5255 praecipue
515 5159 558 5225 de
573 5182 656 5228 cura
681 5158 858 5243 discendi,
883 5169 918 5225 et
934 5155 1142 5226 retinendae
1160 5157 1296 5248 purita-
1343 5160 1443 5230 omni
1463 5160 1689 5240 aeternitate,
1714 5172 1903 5248 conspectu
1924 5158 2015 5246 Dei,
2035 5174 2080 5232 ‘et
2099 5168 2330 5244 societatesa·

307 5266 354 5333 tis
370 5258 562 5330 doctrinae.
613 5257 666 5328 De
681 5255 749 5328 hoc
763 5268 987 5348 argumento,
1012 5257 1078 5329 etsi
1094 5279 1196 5350 saepe
1210 5259 1296 5328 alias
1345 5261 1498 5353 pientiae
1516 5273 1549 5330 et
1566 5258 1725 5330 institiae
1740 5258 1817 5327 eius
1834 5259 2005 5331 fruamur.

306 5392 325 5435 a
350 5387 406 5432 me
431 5360 565 5428 dictum
591 5372 661 5445 est,
693 5373 810 5429 tamen
829 5374 862 5428 et
879 5383 995 5443 nuuc,
1021 5370 1063 5428 ut
1079 5358 1172 5429 idem
1191 5382 1294 5449 argu·
1447 5361 1553 5435 Hunc
1571 5363 1677 5431 finem
1701 5359 1902 5449 prospicere
1926 5375 1959 5433 et
1979 5377 2161 5456 expetere,
2188 5386 2226 5443 et
2241 5391 2328 5446 ante·
2359 5360 2361 5364 ⁸

305 5481 464 5537 mentum
481 5473 656 5552 repetam,
681 5476 880 5553 temporum
896 5459 1062 5552 periculis
1077 5483 1231 5534 moveor.
1344 5463 1435 5535 ferre
1451 5463 1618 5535 omnibus
1634 5460 1714 5533 aliis
1727 5461 1834 5533 rebus
1848 5477 2006 5555 oportet,
2032 5468 2159 5560 quain
2176 5480 2328 5551 conside·
