4732 6030
166 308 241 385 753
335 337 340 346 ’
550 303 710 382 DECb
743 300 821 379 DE
853 300 1061 381 utero:
1104 296 1391 380 ATTENDE
1423 295 1706 377 LECTIONI
1731 321 1813 382 ero
2090 305 2198 395 '754

165 479 351 553 uniuersae
366 491 544 550 creaturae
561 478 728 549 omnibus
742 477 877 568 angelis
899 492 933 550 et
950 473 1156 550 hominibus
1308 472 1505 543 Dissimilis
1517 484 1566 543 est
1576 471 1684 563 igitur
1692 468 1847 544 Ecclesia
1863 478 2009 554 aliarum
2022 488 2193 577 gentium,

167 583 427 676 promulgavit?
477 579 556 651 Hoc
576 595 712 652 tautum
732 580 942 650 heneficium
965 582 1021 651 vel
1035 604 1154 671 asper.
1207 573 1289 668 quia
1305 576 1501 645 doctrinam
1519 570 1625 644 habet
1642 577 1685 643 de
1702 574 1769 645 Dei
1786 581 1934 650 essentia
1952 598 1985 654 et
1999 590 2191 674 voluntate,

166 687 264 769 nari,
299 685 355 752 vel
382 683 577 772 negligere,
607 684 767 752 omniurn
790 681 960 751 scelenrm
976 682 1155 752 atrocissi-
1205 676 1369 745 traditam
1390 700 1474 745 voce
1497 674 1562 745 Dei
1580 678 1683 745 certis
1699 694 1731 748 et
1754 679 1951 751 illustribus
1970 690 2191 780 testimoniis,

163 811 261 854 mum
287 798 349 854 est.
406 784 479 853 Nec
504 785 598 852 enim
625 784 873 875 patefactiones
900 784 982 852 illae
1005 781 1071 851 Dei
1099 783 1153 851 lo·
1204 800 1293 870 quae
1321 778 1505 861 discenda,
1539 779 1712 846 audienda
1738 793 1771 848 et
1794 783 2033 873 amplectenda
2055 806 2122 875 est,
2156 809 2191 866 et

163 886 303 979 quentis
325 910 404 955 cum
431 881 567 964 Adam,
599 909 680 954 curn
699 880 822 972 Nuba,
856 908 937 954 cum
959 880 1153 970 Abraham,
1203 903 1307 972 quam
1334 878 1426 948 nulli
1447 892 1625 948 creaturae
1653 893 1789 948 mutare
1814 883 1901 954 licet.
1962 884 2068 974 Quod
2094 894 2189 964 enim

163 1011 241 1057 eum
251 986 394 1081 Moyse,
420 1009 500 1054 curn
510 983 693 1070 Samuele,
717 1009 797 1055 cum
805 982 959 1072 Davide,
986 1009 1064 1054 cum
1078 982 1152 1054 Da·
1201 981 1307 1049 molti
1320 974 1482 1049 homines
1496 980 1847 1053 audacterfinxerunt
1860 985 1964 1055 aliam
1979 990 2189 1078 doctrinam,

163 1090 277 1171 niele,
303 1100 336 1156 et
352 1089 481 1155 deinde
498 1083 631 1156 Christi
655 1085 730 1156 nati
752 1109 792 1154 ex
814 1086 952 1176 virgine
976 1100 1010 1156 et
1033 1086 1148 1176 palam
1202 1104 1295 1150 mva
1327 1082 1493 1165 numina,
1533 1092 1573 1149 ut
1605 1076 1790 1171 Orpheus,
1829 1083 2021 1168 Hesiodus,
2061 1093 2190 1179 Arius,

164 1189 446 1259 versantisinger
470 1187 634 1268 ludaeos,
668 1186 855 1256 conciones
879 1200 1014 1257 tantum
1038 1190 1082 1257 ad
1105 1187 1150 1255 il.
1201 1176 1465 1267 Machametus,
1498 1194 1531 1251 et
1556 1181 1618 1249 alii
1644 1182 1919 1256 innumerabiles
1938 1184 1976 1257 hi
1994 1193 2072 1260 tetri
2087 1196 2188 1263 suro·

163 1291 216 1359 los
241 1289 483 1381 pertinebant,
515 1289 577 1379 qui
599 1288 758 1356 miranda
782 1287 983 1357 testimonia
1004 1301 1088 1358 tunc
1111 1289 1148 1356 in
1201 1306 1255 1351 res
1276 1306 1296 1351 a
1319 1284 1461 1352 diabolo
1482 1282 1552 1352 orti
1575 1297 1675 1368 sunt,
1706 1284 1767 1376 qui
1791 1300 1830 1355 ut
1855 1288 1975 1358 odium
1998 1314 2100 1361 suurn
2123 1298 2187 1365 de-

162 1390 616 1480 repraesenricernebant.
659 1385 717 1458 Ad
735 1411 801 1457 nos
825 1411 947 1458 omnes
962 1390 1150 1478 pertinent,
1200 1383 1323 1474 claret,
1362 1380 1477 1453 Deum
1506 1384 1612 1453 tantis
1639 1387 1862 1455 contumeliis
1886 1390 2034 1461 adficere
2058 1398 2185 1471 studet.

163 1513 286 1561 ornnes
321 1515 387 1581 pro
423 1486 478 1558 his
506 1489 712 1578 ingentibus
748 1489 928 1559 beneficiis
956 1504 1149 1580 prostratos
1198 1482 1295 1553 Haec
1317 1485 1474 1576 exempla
1504 1485 1671 1574 fugienda
1698 1487 1802 1554 nobis
1823 1512 1897 1557 esse
1922 1491 2090 1578 sciamus,
2122 1522 2186 1568 nec

162 1592 416 1663 iacere-coram
438 1588 514 1660 Deo
536 1593 740 1681 oportebat,
770 1614 809 1661 ac
830 1591 958 1681 gratias
981 1592 1013 1659 ei
1035 1614 1148 1679 agere,
1198 1586 1301 1655 aliter
1315 1586 1442 1657 ‹leDco
1457 1586 1681 1655 sentiendum
1696 1610 1787 1672 esse,
1810 1613 1915 1680 quam
1932 1593 2021 1662 sicut
2037 1619 2073 1664 se
2089 1612 2191 1685 pate-'

162 1717 201 1763 ac
223 1694 398 1763 celebrare
419 1693 625 1761 immensam
650 1692 861 1776 bonitatem,
888 1693 983 1785 quod
1006 1715 1042 1761 se
1066 1688 1149 1761 huic
1198 1684 1295 1755 fecit:
1322 1687 1393 1756 imo
1410 1686 1503 1757 utin
1519 1688 1599 1755 alvo
1617 1687 1736 1756 matris
1753 1691 1849 1758 sedet
1859 1691 1990 1777 foetus,
2016 1697 2089 1764 suis
2105 1700 2187 1790 qui-¹

161 1795 309 1863 miserae
325 1808 471 1864 naturae
484 1787 669 1863 hominurn
685 1793 904 1884 patefecerit,
928 1817 1072 1887 eamque
1087 1816 1148 1861 ve·
1198 1787 1346 1857 busdam
1369 1789 1468 1880 quasi
1492 1787 1644 1855 fasciolis
1664 1788 1862 1870 involutus,
1894 1793 1942 1862 ita
1965 1809 2099 1867 mentes
2119 1824 2187 1869 no-

161 1919 202 1964 ro
215 1919 335 1964 amore
349 1894 581 1985 complectier
596 1895 799 1964 ostenderit.
840 1896 1030 1962 Ideoenim
1045 1917 1148 1963 man·
1199 1881 1390 1983 straehuic
1405 1888 1585 1956 doctrinae
1599 1888 1699 1979 quasi
1715 1888 1895 1989 involutae
1911 1912 2089 1969 maneant.
2142 1898 2185 1970 ln

162 1997 279 2080 davit,
304 1995 414 2066 literis
430 1991 680 2082 comprehendi
698 1990 761 2062 has
773 1984 1040 2083 patefactiones,
1065 1996 1146 2064 ideo
1200 1983 1263 2055 hac
1278 2011 1349 2060 uua
1367 1989 1512 2056 audiunt
1524 1987 1707 2056 nobiseum
1724 1989 1926 2082 loquentem
1937 1992 2069 2084 Deum,
2095 2001 2185 2074 sieut

161 2095 316 2165 instituit
351 2095 587 2164 ministerium
623 2094 882 2182 evangelicum,
920 2105 961 2163 ut
998 2095 1148 2164 sciamus
1199 2112 1267 2157 vox
1282 2088 1540 2178 aeteruipatris
1556 2088 1687 2182 inquit:
1711 2087 1818 2161 Hunc
1834 2095 1962 2168 audite.

163 2218 301 2287 semper
315 2221 394 2265 eum
411 2208 444 2265 et
465 2194 596 2264 versari
614 2196 651 2263 in
670 2191 844 2278 Ecclesia,
871 2207 904 2263 et
921 2194 1053 2287 alloqui
1072 2219 1147 2276 nos,
1299 2187 1389 2260 Cum
1413 2189 1521 2279 igitur
1542 2186 1700 2259 Ecclesia
1723 2194 1905 2282 proprium
1924 2220 2033 2286 genus
2050 2201 2184 2270 doctri·
2299 2224 2303 2231 ·

161 2310 196 2366 ει
213 2300 255 2365 ad
271 2321 336 2366 nos
352 2319 473 2366 omnes
488 2297 664 2387 pertinere
680 2297 840 2365 onmium
864 2309 1061 2386 temporum
1085 2319 1147 2387 pa·
1198 2314 1264 2361 nae
1279 2304 1410 2367 teneat,
1438 2291 1560 2382 procul
1576 2315 1679 2383 supra
1701 2307 1733 2362 et
1751 2309 1845 2364 extra
1863 2291 2035 2368 humanae
2056 2304 2184 2372 mentis

160 2399 376 2470 resumimus,
732 2442 735 2451 .
1124 2434 1128 2444 ·
1198 2391 1348 2474 iudicia,
1381 2387 1648 2480 Philosophiam
1675 2407 1709 2463 et
1732 2395 1822 2482 leges
1843 2399 2013 2486 positum,
2046 2426 2184 2475 necesse

261 2497 343 2567 Non
360 2499 488 2569 frustra
503 2523 540 2567 se
556 2498 709 2568 ostendit
730 2499 849 2588 generi
865 2493 1021 2569 humano
1040 2497 1147 2586 Deus,
1198 2507 1248 2562 est
1264 2517 1327 2561 uos
1336 2491 1514 2562 Ecclesiae
1530 2492 1638 2560 libros
1653 2494 1785 2581 legere,
1810 2499 1944 2567 discere
1959 2515 1994 2571 et
2009 2503 2184 2592 amplecti,

160 2622 234 2669 non
257 2600 468 2684 obscurum,
491 2623 566 2669 non
588 2600 664 2668 leve
688 2600 827 2689 signum
851 2601 981 2669 amoris
997 2617 1047 2673 est
1066 2626 1147 2692 erga
1198 2607 1233 2665 et
1254 2594 1377 2686 procul
1403 2616 1442 2662 ex
1467 2594 1594 2664 animis
1617 2593 1713 2662 illam
1736 2597 2021 2684 superbissimam
2042 2626 2185 2692 persua·

160 2723 247 2783 nos,
272 2701 365 2792 quod
389 2700 523 2791 prodiit
545 2698 662 2785 Deus,
694 2702 790 2791 quod
811 2724 878 2771 nos
897 2701 1149 2789 allocuturum,
1198 2696 1332 2765 sionem
1350 2695 1491 2765 eiiceret
1517 2718 1628 2788 quae,
1649 2695 1873 2783 utdiximus,
1897 2703 2067 2786 somniat,
2091 2699 2184 2772 nihil

160 2803 253 2892 quod
290 2826 375 2870 voce
409 2825 472 2872 sua
507 2824 572 2871 nos
606 2801 643 2868 in
676 2802 786 2870 vitam
821 2826 860 2870 ex
891 2803 1008 2873 media
1033 2818 1147 2874 morte
1198 2820 1286 2887 opus
1303 2820 1375 2865 esse
1399 2791 1454 2866 hls
1470 2795 1589 2880 libris»,
1614 2795 1697 2891 qula
1718 2797 1852 2890 alloqui
1869 2815 2033 2871 cernatur
2050 2803 2184 2892 ingenii

160 2916 312 2972 revocat.
516 2910 519 2917 ’
1198 2897 1455 2967 aeiedoctrina
1480 2899 1581 2967 vitae.
1634 2895 1957 2988 lmo'necrlngeli,
1981 2900 2184 2972 nechemi-

258 3001 332 3070 Nec
347 3003 467 3069 eadem
479 3011 562 3068 sunt
575 2998 757 3068 doctrinae
770 3021 915 3087 genera,
940 3013 979 3069 ut
991 2999 1148 3092 propha-
1198 3021 1279 3082 nes,
1320 2997 1591 3088 promissionem
1626 3000 1951 3090 reconciliationis,
1983 3004 2059 3073 sine
2087 3018 2184 3096 pate-

160 3096 483 3171 nihominesfalso
503 3099 722 3183 existimant,
755 3095 988 3190 Philosophia
1010 3116 1043 3172 et
1065 3103 1147 3174 illae
1196 3099 1349 3168 factione
1377 3121 1481 3167 nosse
1514 3111 1717 3189 potuerunt.
1779 3098 1862 3171 ldeo
1891 3101 2022 3173 Paulus
2052 3129 2116 3174 nos
2138 3109 2183 3175 ad

159 3200 411 3292 promissiones
427 3201 470 3267 de
485 3198 589 3269 rebus
608 3200 778 3283 aeternis,
803 3222 889 3294 quas
909 3202 1056 3273 tradidit
1075 3199 1146 3273 Ec·
1197 3200 1383 3269 lectionem
1420 3201 1579 3270 deducit:
1624 3197 1822 3284 Attendite,
1855 3204 1991 3295 inquit,
2023 3205 2185 3291 lectioni,

160 3300 305 3384 elesiae,
336 3323 415 3369 cum
446 3323 483 3368 se
505 3300 626 3387 generi
649 3296 804 3370 humano
833 3303 998 3377 ostendit.
1053 3301 1145 3374 Coro
1196 3301 1297 3392 quasi
1318 3301 1433 3370 dicat:
1467 3300 1517 3370 At
1539 3313 1673 3369 certum
1696 3323 1806 3389 genus
1829 3303 2009 3375 doetrinae
2039 3307 2182 3396 alligata

161 3399 276 3471 Adam
290 3422 370 3469 reus
379 3412 555 3471 essetante
568 3402 723 3471 auditam
739 3403 1035 3489 consolationem,
1057 3406 1144 3499 quid
1196 3413 1248 3470 est
1269 3397 1424 3470 Ecclesia
1446 3397 1535 3484 Dei,
1567 3424 1631 3469 nec
1655 3402 1758 3470 nobis
1783 3404 1912 3493 lingere
1933 3407 2001 3474 alia
2022 3410 2182 3491 numina,

159 3502 364 3572 ratiocinari
380 3502 475 3570 aliud
493 3514 656 3590 poterant
676 3504 734 3572 vel
749 3503 865 3592 angeli
886 3505 941 3574 vel
958 3505 1050 3594 ipse,
1074 3506 1145 3576 nisi
1195 3502 1283 3572 alios
1298 3499 1393 3572 Deos
1406 3503 1505 3585 licet,
1530 3517 1568 3570 ut
1586 3504 1761 3571 firrxernnt
1776 3498 1961 3595 Orpheus,
1992 3505 2182 3593 Hesiodus,

159 3598 228 3672 hoc
243 3603 378 3690 ipsum,
403 3605 498 3695 quod
522 3604 622 3671 docet
637 3603 751 3673 ratio?
792 3603 887 3673 Deus
904 3605 1016 3674 iustus
1033 3619 1068 3675 ει
1085 3633 1145 3676 ve·
1197 3597 1442 3675 Mahoroetus,
1477 3615 1511 3671 et
1536 3602 1608 3669 alii.
1666 3600 1831 3672 Tradidit
1856 3605 2182 3679 vobis'certissirnis

159 3729 238 3784 rax,
269 3703 453 3773 minitatus
475 3702 620 3771 exitium
648 3696 732 3772 huic
754 3703 893 3792 generi,
927 3703 997 3771 iarn
1023 3709 1147 3794 perdet
1195 3702 1406 3772 testimoniis
1422 3696 1479 3798 hic
1493 3726 1612 3770 rerum
1626 3703 1806 3788 conditor,
1832 3706 1895 3796 qui
1910 3731 1990 3775 vere
2005 3705 2102 3778 Deus
2115 3725 2180 3790 est,

159 3803 272 3874 Adam
292 3802 491 3894 etHevam,
517 3827 581 3873 nee
597 3804 774 3874 decretum
792 3798 859 3872 hoc
872 3804 1034 3878 mutabit.
1075 3804 1144 3875 Hic
1195 3803 1646 3884 suamvocerumandatam
1667 3803 1795 3872 literis:
1830 3799 1921 3874 hanc
1942 3809 2018 3876 vult
2037 3833 2100 3876 nos
2117 3836 2180 3880 au·

159 3908 307 3996 rogitate
327 3929 474 3998 quaeso,
509 3918 640 3996 quanto
667 3902 705 3971 in
736 3904 859 3973 dolore
881 3903 1015 3975 suerint
1039 3907 1144 3996 primi
1195 3904 1293 3985 dire,
1324 3898 1409 3971 haec
1432 3902 1558 3989 scripta
1584 3898 1840 3990 Prophetarum
1871 3919 1906 3975 et
1927 3904 2180 3998 Apostolorum

95 4003 99 4008 ’
158 4021 340 4096 parentes,
368 4007 441 4076 acie
464 4007 592 4075 mentis
614 4020 698 4076 tune
721 4004 936 4075 voluntatem
951 4004 1019 4074 Dei
1034 4007 1143 4095 magis
1194 4003 1320 4092 legite,
1353 4027 1391 4082 ex
1415 3996 1619 4076 hissumire
1643 4004 1841 4072 doctrinam
1872 4008 1915 4075 de
1937 4008 2117 4080 voluntate
2146 4027 2180 4082 et

160 4121 359 4192 cernentes,
391 4131 495 4201 quam
527 4131 593 4175 nos
622 4101 764 4175 hebetes
789 4117 822 4174 et
846 4106 978 4173 infirmi
1000 4130 1143 4177 eernere
1195 4103 1342 4173 essentia
1357 4101 1440 4183 Dei:
1468 4097 1558 4172 hanc
1575 4115 1648 4171 toto
1664 4118 1803 4194 pectore
1819 4109 2090 4196 amplectimini,
2115 4137 2179 4183 nec

159 4229 354 4298 possumus.
406 4208 474 4278 Sed
489 4209 525 4276 in
543 4204 609 4277 hoc
625 4208 746 4276 dolore
761 4206 844 4276 etin
859 4206 1032 4277 vestibulo
1048 4232 1164 4277 mor··
1195 4206 1241 4275 ab
1274 4228 1312 4273 ea
1344 4203 1453 4273 avelli
1482 4226 1545 4273 vos
1580 4203 1769 4276 ullisaliis
1801 4207 2030 4297 opinionibus
2064 4213 2178 4283 sinite.

160 4309 206 4378 tis
222 4330 302 4376 curn
326 4323 455 4392 essent,
480 4332 603 4379 rursus
619 4310 788 4376 immensa
814 4309 971 4377 bonitate
990 4311 1143 4387 ostendit
1195 4305 1435 4399 Quaecunque
1456 4303 1525 4375 alia
1547 4305 1728 4375 doctrinae
1749 4329 1874 4395 genera
1900 4312 1943 4380 de
1966 4309 2041 4382 Deo
2059 4336 2178 4404 sparsa

160 4432 197 4478 se
209 4407 321 4477 Deus:
349 4408 542 4501 alloquitur
555 4434 631 4489 eos,
663 4409 778 4498 arguit
794 4423 991 4499 peccatum,
1019 4423 1051 4480 et
1069 4411 1144 4482 edit
1195 4408 1384 4509 sontiater
1402 4402 1582 4491 homines,
1610 4431 1700 4498 quae
1715 4423 1874 4498 pugnant
1893 4435 1972 4481 cum
1996 4411 2179 4507 propheti.

156 4509 428 4599 promissionem
451 4512 495 4577 de
519 4514 697 4579 reddenda
730 4511 817 4579 vita:
849 4510 958 4579 immo
981 4523 1017 4582 et
1040 4512 1144 4584 vestit
1195 4509 1244 4579 cis
1259 4523 1293 4580 et
1316 4509 1517 4601 apostolicis
1532 4508 1691 4596 scriptis,
1716 4511 1797 4580 tetri
1814 4523 1848 4580 et
1862 4513 2028 4584 diabolici
2042 4517 2178 4587 furores

159 4605 252 4678 hanc
276 4612 345 4677 iam
367 4610 594 4679 deformatam
617 4627 799 4695 naturam,
831 4612 1027 4704 quasiipsa
1049 4627 1142 4683 veste
1194 4624 1297 4690 sunt,
1323 4607 1544 4680 horribiliter
1565 4607 1857 4680 aDeotlamna'ti.
1908 4612 1957 4683 Ut
1972 4615 2079 4703 igitur
2095 4621 2179 4687 uni-

159 4712 359 4801 significans
372 4734 501 4780 novam
518 4722 696 4794 naturam,
719 4737 808 4805 quae
822 4737 888 4780 nos
901 4727 979 4803 post
993 4728 1141 4783 mortem
1196 4738 1232 4783 ca
1248 4727 1281 4781 et
1295 4736 1376 4780 vera
1389 4710 1550 4779 doctrina
1566 4710 1609 4776 de
1620 4707 1692 4777 Deo
1710 4726 1801 4781 estet
1814 4712 1850 4779 in
1867 4737 1994 4802 genere
2011 4711 2179 4806 humano,

160 4814 432 4883 circundaturus
444 4825 543 4880 esset.
594 4805 641 4879 Et
653 4805 744 4880 hauc
756 4814 1023 4903 promissionem
1036 4815 1143 4884 scribi
1196 4835 1334 4882 necesse
1362 4823 1413 4879 est
1443 4809 1628 4895 custodiri,
1661 4812 1941 4901 retineri,legi‚
1971 4816 2078 4902 disci,
2112 4816 2177 4890 hos

160 4915 292 4994 voluit,
316 4915 359 4982 de
377 4909 442 4982 hac
458 4910 688 5002 promissione
705 4913 818 5000 palam
832 4914 925 4984 filius
939 4917 1042 4984 nobis
1058 4941 1144 4985 con·
1196 4916 1289 5004 ipsos
1302 4913 1414 4991 libros
1428 4906 1651 5004 propheticos
1668 4925 1703 4982 et
1720 4915 1946 5004 apostolicos,
1974 4919 2036 5011 qui
2057 4945 2101 4988 ne
2116 4927 2176 4991 de-

160 5016 320 5085 cionatus
330 5029 398 5099 est,
423 5028 457 5083 et
471 5026 676 5104 perpetuum
689 5012 727 5079 in
738 5009 893 5086 Ecclesia
907 5016 1143 5087 ministerium
1195 5017 1352 5096 leantur,
1376 5011 1473 5082 Deus
1498 5013 1729 5082 ministerium
1751 5011 2002 5103 Evangelicum
2021 5035 2056 5091 et
2074 5024 2178 5094 insti.

159 5113 267 5187 huius
292 5116 387 5186 vocis
407 5115 608 5185 institutum
632 5127 699 5198 est,
732 5115 827 5206 quod
853 5133 954 5188 sonat
974 5141 1048 5186 non
1066 5133 1146 5188 tan·
1196 5118 1266 5198 tuit
1280 5130 1313 5185 et
1329 5129 1460 5198 servat,
1490 5127 1530 5183 ut
1547 5137 1683 5204 semper
1698 5140 1764 5183 vox
1787 5112 1913 5185 horum
1930 5120 2104 5194 librorum
2122 5127 2179 5192 in-

159 5219 380 5308 tumlegem,
404 5218 465 5286 sed
483 5212 573 5285 hanc
597 5215 867 5306 promissionem
886 5220 1144 5289 reconciliatio-
1197 5232 1250 5288 ter
1285 5212 1447 5285 homines
1479 5228 1589 5286 sonet.
1661 5214 1736 5285 lmo
1768 5229 1808 5287 ut
1839 5219 1911 5289 sint
1941 5222 2080 5316 aliquae
2111 5224 2178 5295 Dei

159 5320 215 5388 nis
239 5333 273 5389 et
295 5319 389 5389 vitae
412 5317 588 5388 aeternae:
616 5340 720 5411 quarn
740 5316 839 5385 nulla
856 5333 1014 5390 creatura
1031 5323 1145 5391 vidis-
1197 5314 1451 5396 bibliothecae,
1484 5338 1620 5405 semper
1640 5317 1776 5411 aliquas
1793 5321 1932 5409 politias
1948 5325 2117 5406 servavit,
2139 5327 2183 5398 in

160 5434 230 5509 set,
257 5422 327 5489 nisi
340 5417 437 5490 Deus
455 5421 528 5512 ipse
544 5442 619 5488 eam
637 5419 904 5507 promulgasset.
1002 5489 1005 5493 ,
1198 5420 1327 5513 quibus
1344 5416 1403 5489 bic
1428 5415 1612 5491 thesaurus
1628 5421 1822 5492 custoditus
1837 5437 1898 5497 est.
1945 5422 2019 5493 Nec
2041 5449 2179 5497 eversae

210 5526 386 5590 lllruauru.
404 5527 510 5591 Oeen.
524 5523 607 5589 Vos.
622 5521 684 5589 Xl.
1699 5517 1749 5590 48
