4756 6022
684 233 840 364 naci.
876 287 950 360 nc
983 287 1205 386 spuma
1239 282 1592 359 nocrmuac
1625 284 1791 360 raon

226 470 529 559 complectendam
561 462 980 550 coelestemsapientiam
1016 462 1214 529 iullauuua-
1234 461 1239 505 ¹
1263 472 1421 539 ventem,
1454 472 1488 527 et
1518 453 1660 527 honesti
1692 475 1890 547 amantem,
1928 487 2073 557 nempe,
2107 493 2254 559 qnema

225 587 359 641 mmm,
412 568 508 656 Quid
528 565 619 632 enim
640 563 949 650 magisconveuit,
972 567 1138 652 quamde
1159 560 1347 630 sat-ueni
1370 582 1488 627 amore
1513 574 1659 628 necturae
1685 562 1809 648 gessius
1830 582 1965 641 avocat.
2023 567 2186 646 Etenim,
2223 572 2253 641 is

226 673 295 740 cris
328 673 433 739 rebus
462 668 636 747 dicturos,
669 664 783 731 divini
808 664 964 731 numinis
988 689 1089 752 opem
1114 667 1213 732 coelo
1262 661 1346 727 solis
1367 661 1503 747 legibus
1530 655 1704 729 hrrrnanae
1728 678 1859 732 mentes
1882 669 1926 735 ad
1944 668 2108 741 virtutem
2126 673 2253 746 incita-

228 771 419 840 devocare?
472 767 542 834 Vos
567 767 649 834 item
674 790 809 832 merram
833 765 1081 832 communibus
1098 780 1213 853 optate
1262 763 1412 846 barrtur,
1438 786 1513 829 non
1537 777 1629 840 erat,
1654 765 1912 836 curautlilius
1936 769 2005 840 Dei
2030 798 2170 843 carnem
2195 780 2252 846 iu-

228 874 335 954 vofis,
362 884 400 939 ιη
421 869 593 955 benignus
618 866 679 933 Dei
696 867 839 956 spiritus
867 867 972 932 radiis
988 867 1060 933 suis
1077 867 1213 933 animos
1263 865 1405 943 clueret,
1453 877 1513 930 aut
1560 861 1793 951 Evangelicae
1837 867 1957 938 literae
2007 878 2252 963 proderentur.

229 987 360 1042 vestros
379 970 582 1050 collustret,
616 982 649 1035 et
673 970 715 1034 ad
744 962 811 1034 hoc
840 962 1082 1055 philosophiae
1104 990 1213 1055 genus
1265 964 1384 1048 Quane
1408 988 1487 1030 cnm
1511 966 1553 1030 ad
1573 968 1851 1053 componendam
1879 970 2007 1052 vitam,
2033 992 2108 1045 turn
2125 979 2254 1067 legnrn,

226 1087 426 1164 praeparet,
454 1072 556 1160 *quod
581 1067 753 1136 inaditum
779 1091 851 1134 esse
879 1068 1015 1135 viribus
1040 1063 1214 1151 humanis,
1264 1079 1338 1132 tum
1362 1060 1546 1152 Evangelii
1570 1067 1725 1152 cognitio
1752 1073 1945 1140 rrecessaria
1970 1076 2032 1159 sit,
2064 1103 2143 1148 cnm
2170 1088 2253 1151 uru-

227 1176 283 1242 vel
309 1169 376 1241 hoc
401 1172 528 1239 inditio
560 1185 630 1245 est,
663 1172 757 1260 quod
782 1168 901 1258 paucis
921 1171 1111 1236 admodum
1137 1183 1213 1258 post
1264 1189 1343 1235 cum
1379 1165 1502 1233 salutis
1537 1168 1809 1255 cofflpfflttllfflfl,
1847 1171 1895 1240 ⁸51
1924 1197 2101 1245 saevitum
2133 1206 2252 1255 cecum

226 1273 376 1343 Paulum
387 1273 573 1360 contigisse
584 1271 759 1337 videmus:
779 1270 989 1336 recentiores
999 1294 1081 1338 vero
1092 1268 1124 1336 'l'
1129 1266 1214 1336 heo-

226 1375 340 1462 log'os,
366 1397 455 1465 quos
477 1385 622 1455 vocant,
651 1371 756 1440 etiam
777 1373 995 1437 obscurasse:
1030 1373 1124 1460 quod
1142 1371 1210 1437 nti·

151 1548 157 1553 ,
226 1500 307 1544 nam
331 1475 499 1541 audacius
525 1473 694 1549 dicerem,
722 1496 826 1563 qnam
842 1471 970 1539 verius.
1021 1469 1213 1562 Equidem,

225 1591 266 1646 ut
287 1577 392 1642 velim
409 1573 594 1642 Paulinam
610 1574 806 1641 doctrinam
831 1596 902 1639 non
921 1570 1124 1656 Mon-achis,
1152 1586 1212 1640 aut

226 1671 420 1762 Theologis
442 1688 577 1742 tantum
600 1675 673 1741 istis
694 1674 856 1755 scenicis,
890 1676 948 1739 sed
974 1675 1079 1761 vulgo
1106 1674 1210 1741 etiam

225 1773 427 1846 Christiano
449 1775 754 1843 familiarissimam
777 1797 866 1841 esse:
901 1774 947 1843 ita
972 1788 1056 1864 puto
1079 1778 1120 1841 ad
1138 1776 1211 1843 sor-

225 1880 391 1945 mandam
408 1877 535 1959 vitam,
560 1876 696 1943 nnllam
712 1876 869 1963 sapiendi
888 1875 1060 1943 rationem
1074 1900 1211 1944 accom-

224 1979 475 2058 modatiorem,
502 1979 641 2046 nullum
665 1977 795 2047 certius
809 1978 853 2042 ad
875 1977 1098 2045 foelicitatem
1114 2002 1211 2045 com-

225 2081 396 2169 pendium
423 2101 508 2148 esse.
560 2076 719 2147 Primum
742 2079 837 2145 enim
856 2077 991 2145 ratione
1010 2078 1161 2168 quadam
1178 2090 1211 2146 et

224 2181 386 2250 doctrina
412 2202 500 2268 opus
522 2203 613 2261 esse,
643 2180 687 2247 ad
717 2178 967 2248 instituendam
989 2178 1118 2258 vitam,
1156 2179 1211 2246 vel

226 2275 294 2351 hoc
316 2294 523 2369 argumento
549 2294 617 2361 est,
647 2283 741 2371 quod
762 2278 859 2347 nulla
883 2279 1047 2368 privatim
1072 2282 1211 2362 donnus,

225 2383 323 2451 nulla
345 2384 466 2450 civitas
489 2382 647 2470 publice,
682 2382 766 2449 citra
790 2381 904 2465 legum
926 2404 1029 2448 nsum
1057 2382 1211 2447 admini-

225 2484 327 2553 strari
344 2506 444 2572 posse
461 2483 616 2563 videtur,
651 2496 689 2550 ut
705 2483 824 2549 literas
844 2481 881 2548 in
900 2476 968 2549 hoc
981 2495 1135 2571 repertas
1151 2506 1212 2556 νε-Ι

211 2584 373 2652 ‘risimile
396 2584 459 2662 sit,
493 2609 563 2675 quo
586 2574 824 2673 praescriptis,
857 2585 1013 2672 adeoque
1032 2583 1211 2650 duraturis

224 2685 380 2773 legibus,
413 2685 581 2773 paulatim
617 2682 777 2769 gliscenti
809 2677 993 2750 hominum
1026 2684 1209 2773 cupiditati

226 2786 364 2854 frenum
398 2786 613 2854 iniiceretur.
680 2780 815 2854 Extant
850 2784 993 2850 vivendi
1027 2786 1211 2867 formulae,

224 2888 314 2955 aliae
329 2886 501 2956 divinitus
520 2887 698 2976 proditae,
724 2887 813 2954 aliae
828 2885 873 2952 ab
889 2885 1080 2972 ingeniosis
1096 2881 1209 2954 bomi-

224 2989 331 3058 nibus
356 2990 590 3077 conscriptae,
622 2987 726 3077 quale
754 3000 804 3056 est
826 2982 993 3068 Hesiodi,
1024 2987 1109 3055 item
1132 2984 1211 3055 Ho-

225 3089 312 3155 meri
331 3092 471 3176 poiima,
497 3091 618 3179 quales
633 3083 932 3179 Philosophorum
954 3088 1210 3173 commentarii,

226 3190 347 3280 quales
369 3188 554 3279 pleraeque
584 3190 759 3260 nobilium
791 3190 972 3259 civitatum
1000 3188 1092 3276 leges
1116 3205 1210 3270 sunt,

225 3314 374 3380 quacum
398 3290 585 3368 rnenroria,
617 3284 843 3358 historiarum
862 3290 1051 3370 beneficio,
1076 3293 1120 3359 ad
1142 3316 1208 3358 no-

225 3406 295 3469 stra
319 3403 474 3480 tempora
501 3405 686 3480 propagata
712 3405 774 3462 est.
833 3389 964 3458 Verum
990 3390 1027 3455 in
1044 3386 1100 3458 bis
1117 3391 1205 3458 divi-

225 3515 291 3560 nae
313 3494 403 3579 leges
426 3505 524 3561 trtnto
546 3493 736 3560 sanctiores
760 3505 842 3560 sunt
861 3488 1045 3567 humanis,
1077 3505 1209 3582 quanto

164 3654 168 3659 .
225 3594 370 3683 propius
392 3593 562 3681 elsurguut
586 3611 660 3663 turn
684 3610 860 3675 autorem,
885 3608 959 3660 tum
981 3586 1207 3684 archetypum

225 3695 385 3762 omnium
408 3696 581 3761 bonarum
607 3719 744 3779 rerum,
775 3719 878 3787 quem
903 3718 976 3760 non
992 3693 1141 3761 dubium
1158 3710 1205 3761 est

141 3842 149 3857 ,
224 3818 398 3886 nusquam
423 3798 550 3864 certius
580 3820 798 3883 expressum,
833 3819 937 3885 quam
963 3795 999 3860 iu
1023 3796 1065 3859 iis
1089 3795 1209 3876 literis,

224 3920 311 3993 quas
334 3897 407 3964 suis
433 3897 506 3986 ipse
529 3897 667 3983 digitis,
701 3896 956 3965 inaestimanda
981 3894 1209 3995 benignitate,

224 3997 372 4087 lapideis
388 3999 514 4066 tabulis
526 3998 729 4086 insculpsit,
752 3997 1016 4088 praecepitque,
1042 3997 1208 4065 omuibus

223 4100 399 4186 postibus,
421 4098 559 4164 aedium
576 4099 776 4177 vestibulis,
796 4089 945 4164 firrrbriis
958 4099 1040 4166 item
1057 4099 1206 4167 vestium

223 4198 387 4275 inscribi,
416 4214 466 4278 et,
493 4198 586 4282 scopi
609 4198 703 4276 vice,
735 4200 781 4265 ob
804 4197 925 4263 ocrrlos
949 4197 1108 4287 interque
1131 4224 1206 4266 mst-

223 4322 290 4367 nus
313 4299 454 4387 reponi,
487 4299 582 4364 irride
598 4298 689 4366 vitae
713 4298 896 4365 crisis-ersus
914 4299 1002 4364 ratio
1021 4311 1206 4382 pareretur.

221 4399 295 4469 lam
317 4416 351 4469 et
378 4395 443 4466 hue
469 4395 643 4465 huurauae
667 4397 758 4480 leges
781 4397 912 4464 divinis
929 4399 1112 4484 scripturis
1128 4400 1205 4464 virr-

1263 1266 1427 1348 scientia,
1456 1264 1544 1356 quin
1560 1291 1682 1335 omnes
1699 1271 1856 1339 certatim
1873 1274 2011 1344 animos
2028 1280 2158 1351 divinis
2173 1287 2254 1356 lite·

1264 1366 1312 1434 ris
1333 1368 1616 1456 despondemus?
1642 1370 1817 1461 siquidem
1841 1397 1901 1442 sua
1924 1378 2052 1468 cuique
2069 1385 2164 1452 salus
2179 1410 2253 1458 esse

1263 1491 1368 1558 quam
1401 1467 1606 1536 charissima
1637 1472 1753 1541 debet.
1813 1470 1896 1543 Alia
1918 1480 2054 1563 studia,
2086 1484 2166 1555 aliis
2189 1515 2253 1558 vo-

1263 1567 1398 1657 luptas,
1432 1569 1509 1636 aliis
1532 1586 1697 1661 quaestus
1720 1578 1963 1660 crrnrmeudat,
2000 1574 2065 1650 hoc
2083 1609 2165 1655 vero
2185 1591 2253 1678 piis
2350 1649 2358 1661 .

1263 1670 1429 1736 omuibus
1452 1669 1688 1740 instituendae
1716 1674 1807 1742 ritae
1830 1701 1932 1756 cura,
1965 1685 2123 1775 adeoque
2155 1692 2253 1779 plus-

1264 1794 1369 1858 quam
1386 1769 1580 1841 Diomedea
1596 1775 1791 1843 necessitas.
1846 1776 1977 1864 Porro,
2004 1786 2065 1875 qui
2082 1811 2101 1854 e
2117 1790 2253 1866 ficticiis

1264 1866 1586 1959 Philosophorum,
1617 1888 1678 1943 aut
1702 1872 2011 1965 Theologistarum
2036 1910 2254 1965 comnrents-

1263 1971 1326 2037 riis
1351 1971 1442 2040 vitae
1466 1974 1616 2040 formam
1641 1976 1712 2064 peti
1736 2000 1835 2066 posse
1857 2000 2016 2068 censent,
2043 2013 2147 2079 quam
2162 1995 2253 2066 irre-

1264 2087 1439 2156 verenter,
1473 2098 1579 2165 quam
1606 2075 1713 2165 impie
1736 2081 1780 2146 de
1802 2080 1936 2151 divinis
1958 2087 2074 2157 literis
2085 2095 2251 2181 sentiant,

1264 2184 1415 2241 vestrum
1440 2187 1514 2242 esto
1535 2175 1718 2246 iudicium.
1775 2176 1866 2249 Nam
1888 2185 1917 2251 si
1942 2195 2072 2259 nostris
2096 2194 2253 2271 inventis

1262 2273 1429 2365 componi
1450 2298 1565 2343 utores
1586 2271 1733 2347 humani
1754 2295 1934 2371 poterant,
1966 2291 2055 2379 quid
2070 2311 2162 2381 erat,
2187 2326 2252 2372 cur

1262 2375 1373 2463 legem
1389 2373 1520 2443 ferret?
1560 2377 1702 2470 suisque
1718 2384 1931 2456 describeret
1951 2393 2128 2475 articulis,
2155 2404 2251 2489 opti-

1263 2499 1340 2545 mus
1360 2477 1533 2545 maxinurs
1549 2475 1669 2548 Deus?
1708 2506 1772 2552 cur
1788 2488 1953 2581 omnibus
1969 2495 2146 2581 postibus,
2172 2505 2251 2570 fim-

1263 2577 1348 2644 briis
1369 2577 1474 2646 etiam
1499 2581 1648 2648 vestium
1672 2581 1824 2675 insculpi
1841 2594 2046 2663 mandaret?
2079 2598 2188 2692 idque
2205 2629 2250 2677 ue

1262 2679 1409 2746 rationis
1432 2693 1571 2748 nostrae
1595 2704 1776 2753 censuram
1800 2702 1834 2758 et
1856 2694 2003 2763 consilia
2024 2713 2249 2777 sectaremur.

1260 2777 1349 2846 Nam
1374 2773 1440 2847 hoc
1463 2780 1593 2850 diserte
1613 2785 1772 2854 additum
1795 2803 1867 2873 est,
1900 2818 1944 2862 ue
1967 2811 2103 2868 nostras
2118 2807 2250 2892 cogita-

1261 2881 1374 2948 tiones
1390 2904 1634 2970 sequeremur,
1656 2886 1718 2953 ubi
1735 2890 1818 2957 satis
1836 2892 2005 2967 indicavit
2021 2903 2180 2973 coelestis
2200 2909 2250 2977 le

1260 2980 1453 3068 gmulator‚
1473 2985 1695 3067 resendacem,
1717 3014 1869 3077 vanrrm,
1890 2998 2076 3068 acsutilem
2093 3028 2165 3073 esse
2181 3003 2249 3077 ho-

1260 3082 1366 3149 minis
1389 3097 1549 3172 captum,
1585 3086 1759 3179 planeque
1780 3098 1994 3181 regendum,
2027 3127 2089 3173 ceu
2108 3103 2247 3181 Theseo

1260 3185 1318 3250 lilo
1340 3181 1585 3275 labyrinthum
1607 3187 1772 3279 aliquem.
1832 3193 1927 3279 lmo,
1960 3200 2070 3291 siper
2088 3231 2163 3277 sese
2182 3206 2248 3280 ho-

1259 3284 1397 3352 minum
1428 3285 1539 3353 animi
1566 3289 1610 3356 ad
1641 3289 1806 3361 virtutem
1833 3296 1920 3384 erigi
1952 3315 2118 3390 potuere,
2159 3314 2247 3401 quid

1259 3396 1351 3469 erat,
1378 3408 1441 3457 cur
1455 3409 1559 3455 carne
1575 3386 1688 3459 Filius
1706 3389 1792 3474 Dei,
1817 3398 1977 3490 adeoque
1992 3419 2155 3476 aeternus
2172 3436 2248 3482 sec.
2318 3444 2324 3453 ·

1259 3510 1335 3569 uro,
1361 3486 1572 3557 vestiretur?
1611 3514 1674 3560 cuc
1695 3493 1733 3562 in
1755 3496 1959 3568 universum
1985 3507 2107 3575 orbem
2135 3490 2245 3582 terra-

1258 3610 1336 3656 rum
1360 3589 1516 3676 evulgari
1538 3593 1749 3681 praeciperet
1771 3592 2027 3688 Evangelium?
2055 3633 2118 3677 cur
2132 3629 2246 3682 aeter-

1259 3712 1324 3757 nus
1347 3688 1451 3761 Pater
1473 3704 1544 3760 tam
1567 3693 1727 3781 religiose
1750 3706 2011 3775 commendaret
2031 3711 2113 3778 orbi
2134 3727 2248 3785 terra-

1258 3800 1337 3856 ru'm
1369 3791 1435 3858 lilii
1462 3793 1687 3862 doctrinam?
1730 3795 1913 3890 inquiens:
1948 3803 2016 3876 llic
2052 3828 2104 3880 ast
2131 3812 2246 3887 Filius

1259 3915 1357 3958 triens
1370 3892 1535 3975 dilectus,
1562 3895 1598 3962 iu
1615 3921 1685 3986 quo
1702 3894 1797 3968 mihi
1807 3905 2019 3993 complacui:
2047 3912 2162 4003 ipsum
2180 3943 2245 3987 au-

1257 3993 1340 4060 dite.
1410 3990 1484 4063 Cur
1509 4012 1763 4069 sacrosanctam
1800 3996 2061 4097 philosophiam
2100 4020 2246 4090 maximi

1259 4089 1419 4164 homines
1440 4108 1510 4164 tam
1532 4097 1688 4166 studiose
1708 4100 1820 4170 literis
1841 4101 2075 4181 mandarent?
2114 4114 2162 4187 Et
2177 4122 2245 4190 do·

1256 4195 1405 4263 ctrinam
1426 4219 1524 4265 suam
1547 4221 1627 4265 cum
1651 4203 1740 4269 tanti
1758 4204 1841 4274 velit
1865 4207 1939 4277 fieri
1956 4213 2114 4285 coelestis
2131 4217 2245 4307 Pater,

1256 4296 1342 4386 quid
1377 4291 1588 4364 homunculi
1619 4316 1738 4372 nostra
1764 4304 1931 4378 iactamus
1953 4317 2114 4385 somnia?
2154 4324 2243 4413 quid

1256 4389 1488 4469 ἀλαοσκόπον
1505 4391 1783 4490 philosophiam,
1809 4431 1980 4497 nugarum
1996 4438 2163 4507 regnum,
2188 4427 2245 4493 vi·

221 4514 368 4582 miratur,
403 4502 496 4590 quod
522 4498 658 4585 legibus
675 4495 906 4584 Evangelieae
930 4498 1049 4566 literae
1066 4499 1206 4568 additae
1255 4511 1310 4566 tae
1332 4498 1481 4567 formam
1503 4501 1745 4590 appellamus?
1795 4506 1893 4596 Quin
1924 4514 2102 4602 videmus,
2136 4547 2243 4615 quam

220 4598 321 4684 sunt,
353 4626 442 4692 quae
458 4597 637 4671 Christum
660 4603 779 4686 generi
804 4600 1005 4667 mentalium
1028 4595 1206 4679 exhibent,
1254 4597 1388 4666 insanis
1415 4595 1621 4690 Philosophi
1645 4606 1817 4691 dogmatis
1839 4613 2040 4685 caecitatem
2063 4644 2163 4691 suam
2189 4640 2243 4697 te·

220 4705 280 4795 qui
297 4703 460 4790 spiritum
478 4702 653 4790 impertit,
683 4699 1041 4793 ‹prolunuaniauimi
1059 4703 1205 4785 accerr'si,
1254 4701 1333 4768 stati
1365 4701 1453 4778 siut,
1484 4705 1570 4769 dum
1603 4704 1641 4771 in
1675 4711 1939 4798 pervestiganda
1966 4740 2084 4789 rernm
2116 4740 2241 4798 natura

219 4799 312 4872 nihil
330 4827 399 4870 non
419 4803 582 4885 coeleste,
608 4826 669 4869 sua
688 4803 753 4890 ipsi
770 4817 896 4886 sponte
915 4805 1105 4871 adfectent:
1132 4800 1204 4871 Lex
1254 4825 1425 4893 nusquam
1450 4828 1522 4871 uon
1547 4799 1708 4891 haerent,
1734 4834 1907 4904 nusquam
1926 4842 1998 4886 uon
2017 4817 2243 4897 hallucinari.

218 4904 313 4972 etaim
330 4905 414 4973 recti
433 4905 523 4970 viam
542 4917 724 4973 monstrat.
783 4902 852 4973 Sed
873 4900 1058 4972 horreatum
1075 4903 1203 4972 animis
1253 4915 1329 4983 tur,
1362 4905 1447 4970 dum
1470 4907 1513 4971 de
1539 4906 2242 4997 bonorumacrrralorumfinihusdisce-
2317 4904 2332 4971 s*

218 5001 384 5087 humanis
398 5006 458 5071 itta
471 4999 605 5073 Christi
618 5006 761 5092 spiritus
776 5005 940 5074 absolsit,
983 5003 1081 5073 Adeo
1100 5004 1203 5091 plane
1225 5036 1230 5126 q
1251 5016 1367 5092 ptaut:
1402 5006 1464 5074 ribi
1488 5000 1545 5074 hic
1564 5008 1798 5099 voluptatem,
1827 5014 1886 5083 ille
1903 5017 2155 5111 indolentiam,
2182 5025 2241 5102 bic

216 5107 291 5178 lieri
308 5108 448 5198 nequit,
475 5119 513 5173 ut
528 5108 612 5173 solis
628 5106 763 5194 legibus
779 5108 937 5186 adiutus,
962 5106 1070 5175 vitam
1092 5106 1202 5192 probe
1251 5101 1459 5196 εὐθυμίαν,
1500 5108 1561 5176 ille
1590 5112 1760 5199 gloriam,
1802 5113 1942 5187 Stoicus
1971 5124 2060 5192 laiso
2094 5132 2242 5203 nornine

215 5208 390 5278 instituas,
439 5205 562 5297 Neque
583 5207 677 5272 anim
702 5207 784 5275 satis
806 5223 857 5277 est
873 5208 991 5274 videre
1008 5207 1092 5296 quid
1110 5229 1200 5294 agas,
1251 5207 1434 5291 virtutem,
1475 5206 1728 5300 Peripateticus
1766 5214 1879 5285 nrrrlto
1910 5219 2065 5314 ineptius
2098 5230 2243 5304 virtutis

214 5314 275 5380 scd
301 5311 406 5378 refert
437 5307 490 5374 vel
520 5307 679 5375 omnium
706 5309 872 5391 maxime,
904 5334 993 5404 quae
1012 5305 1199 5396 Evangelii
1249 5330 1351 5375 usum
1376 5310 1517 5381 adserit.
1578 5310 1728 5383 videtur
1751 5314 1826 5404 ipse
1857 5318 2035 5406 Socrates,
2069 5353 2143 5400 non
2166 5359 2242 5405 esse

112 5442 117 5451 ·
212 5415 351 5502 farrago
373 5422 440 5492 est,
469 5407 559 5477 scire
582 5411 677 5479 unde
697 5409 855 5481 animum
876 5425 973 5501 petas
994 5409 1129 5499 legibus
1143 5410 1197 5478 la·
1247 5408 1333 5479 certi
1354 5412 1544 5511 quicquam
1575 5412 1612 5481 in
1636 5415 1803 5488 universo
1834 5414 2077 5520 philosophiae
2100 5455 2240 5522 genere,
