4732 6030
203 225 278 301 527
698 216 860 292 DECL.
892 217 967 291 DE
999 213 1400 292 tuPuRaTORt:
1431 214 1680 294 OTTONE
1714 220 1743 300 l.
2164 230 2240 311 628

209 398 309 469 dium
335 397 513 465 bonorum
534 393 592 460 vel
614 389 755 483 imperii
778 414 842 480 pro
865 390 1061 482 baptismo,
1094 414 1199 484 quem
1249 387 1360 459 literis
1381 402 1625 477 versarentur,
1649 404 1684 464 et
1700 391 1888 486 diligenter
1906 416 2162 490 cognoscerent
2177 408 2244 478 do-

209 496 382 569 historiae
398 510 480 566 ante
494 493 713 586 Sylvestrum
730 514 750 560 a
767 488 967 562 Melcbiade
986 492 1200 580 baptizatum
1248 489 1399 559 ctrinam
1413 490 1459 560 de
1475 486 1638 576 Christo,
1660 506 1701 563 ut
1715 510 1916 587 suppeteret
1930 503 2030 592 copia
2045 499 2244 599 Episcopo-

212 623 285 671 ωε
301 594 531 668 confirmant?
582 594 656 666 Aut
672 618 744 686 quo
767 594 844 662 iure
858 591 1113 664 Constantinus
1132 593 1200 662 im·
1248 614 1348 673 rum,
1374 584 1441 660 hoc
1464 607 1515 663 est
1537 607 1737 683 pastorum,
1763 598 1826 690 qui
1842 603 1976 672 evocati
1999 608 2244 680 adducendas

212 703 349 794 perium
365 695 597 786 deposuisset,
622 708 662 765 ut
677 699 825 765 donaret
844 696 1097 779 sacerdotibus,
1120 719 1199 764 cum
1247 689 1422 760 Ecclesias
1437 695 1608 784 populum
1624 712 1718 767 recte
1734 700 1902 772 docerent
1914 705 1959 772 dc
1982 705 2077 796 lege,
2100 712 2145 781 de
2159 736 2243 803 pec-

212 800 339 872 horum
355 799 585 888 imperiorum
603 819 790 887 possessor,
805 798 955 866 vicarius
972 791 1119 879 Christi,
1140 810 1201 865 aut
1249 807 1338 877 cato,
1354 794 1398 862 de
1413 795 1582 864 beneficio
1596 792 1730 868 Christi
1746 801 1913 872 omnibus
1925 808 2033 894 gratis
2045 815 2240 902 proposito,

211 902 306 972 Petri
324 899 477 982 nonsit,
501 898 597 969 iuxta
616 899 724 968 illud:
746 895 911 985 Regnum
925 921 1042 966 meum
1060 910 1201 967 nonest
1249 895 1367 985 Quam
1390 894 1533 987 quidem
1562 919 1735 968 summam
1761 902 1955 975 conditoris
1978 910 2035 978 sui
2063 915 2240 985 autorita-

212 1006 255 1072 de
275 999 511 1072 boemundo.
563 998 699 1087 Quare,
725 1024 803 1068 cum
821 997 998 1069 Ecclesiae
1020 1000 1201 1068 ministros
1249 1008 1340 1079 tem,
1374 995 1412 1062 in
1440 996 1503 1076 iis,
1529 1020 1620 1090 quac
1640 1002 1683 1068 ad
1710 997 1892 1075 habendas
1922 1003 2061 1081 scholas
2088 1029 2121 1085 ct
2148 1031 2242 1087 recte

211 1100 398 1192 aRepub.
425 1101 598 1191 scriptura
631 1101 716 1170 velit
749 1103 884 1183 abesse,
926 1102 1125 1170 laudandus
1150 1112 1201 1169 est
1249 1097 1444 1165 docendam
1473 1099 1664 1187 puericiam
1694 1119 1870 1195 spectant,
1910 1111 2096 1183 detrectari
2125 1117 2169 1184 ab
2199 1141 2241 1187 ea

213 1201 323 1285 Otto,
350 1205 464 1296 quod,
487 1203 526 1269 in
547 1215 644 1271 tanta
667 1201 879 1271 Pontificum
903 1201 1038 1270 insania
1066 1225 1201 1269 memor
1249 1197 1389 1266 civitate
1416 1197 1564 1268 minime
1594 1203 1742 1274 decebit.
1803 1206 1978 1301 Reliqua,
2015 1237 2107 1306 quac
2135 1241 2242 1307 opera

213 1307 321 1376 officii
342 1306 417 1386 sui,
441 1304 577 1372 nullam
595 1304 663 1372 sibi
686 1303 875 1371 amicitiam
892 1325 1059 1371 essecum
1075 1300 1201 1372 Ponti·
1249 1293 1397 1368 Ottonis
1425 1319 1643 1375 accesserunt
1671 1302 1866 1392 Ecclesiae,
1901 1311 1984 1402 quia
2016 1314 2162 1407 longum
2191 1332 2242 1389 cst

212 1409 274 1477 bce
291 1405 461 1488 voluerit,
488 1404 552 1496 qui
573 1406 617 1473 de
640 1403 920 1495 possessionibus
936 1404 1201 1491 magistratuum
1251 1422 1475 1483 enumerare,
1502 1403 1667 1494 relinquo
1684 1432 1723 1477 ex
1739 1401 1805 1478 bac
1820 1410 1921 1479 brevi
1938 1407 2087 1486 historia
2101 1420 2243 1490 audito.

212 1512 378 1577 decedere
396 1508 517 1574 nollet.
560 1504 737 1597 Quodque
752 1500 945 1573 monachos
959 1503 1064 1573 etiam
1083 1499 1143 1597 (ut
1164 1505 1202 1571 in
1252 1501 1351 1570 ribus
1371 1500 1612 1575 existimanda.

213 1608 371 1680 historiis
389 1605 461 1700 est)
483 1606 577 1674 bello
595 1607 748 1675 voluerit
773 1607 954 1698 persequi,
982 1608 1064 1698 quia
1082 1605 1201 1674 existi·
1352 1595 1441 1671 Otto
1457 1603 1495 1670 in
1513 1605 1605 1674 bello
1623 1601 1774 1692 Gallico,
1800 1611 1899 1683 cuius
1915 1613 1984 1682 iam
2001 1617 2092 1689 saeta
2107 1621 2240 1691 mentio

212 1712 361 1780 inaverit
378 1704 562 1790 uibileos,
596 1708 833 1797 voluptatibus
852 1707 889 1775 in
904 1707 1084 1775 coenobiis
1101 1707 1202 1774 dedi·
1250 1715 1311 1786 cst,
1327 1703 1455 1792 partim
1473 1728 1493 1773 a
1509 1705 1682 1776 militibus
1697 1709 1841 1781 aliunde
1855 1714 1895 1782 in
1909 1706 2077 1786 auxilium
2094 1722 2239 1803 vocatis,

215 1828 287 1895 tos,
314 1835 378 1902 pro
395 1832 479 1876 sano
504 1808 635 1892 facere,
660 1809 843 1898 multoque
865 1830 938 1875 esse
963 1808 1088 1889 satius,
1114 1831 1202 1898 pau·
1250 1807 1358 1894 quod,
1374 1804 1544 1895 quianon
1560 1829 1727 1896 magnum
1741 1836 1844 1882 usum
1860 1815 1949 1885 inre
1965 1819 2110 1888 militari
2126 1814 2238 1890 habe·

213 1935 292 1996 cos,
319 1935 446 2002 eosque
462 1910 540 1999 pios
556 1921 589 1978 ct
605 1910 739 1993 doctos,
764 1909 813 1977 ali
827 1909 932 1977 bonis
947 1909 990 1976 ad
1007 1903 1200 1977 Ecclesiam
1251 1917 1349 1988 rent,
1376 1901 1501 1976 Gallos
1519 1921 1735 1999 metuerent,
1763 1915 1891 2004 partim
1915 1939 1934 1984 a
1949 1917 2055 1988 fratre
2068 1919 2240 2006 llenrico,

214 2014 492 2107 pertinentibus,
527 2033 633 2101 quam
664 2033 720 2094 ea,
753 2033 844 2102 quae
868 2004 1044 2078 Ecclesiae
1073 2011 1202 2078 donata
1251 2008 1346 2096 qnod
1364 2028 1443 2074 cum
1461 2003 1626 2079 hostibus
1643 2016 1893 2100 consensisset,
1918 2018 2113 2108 plurimum
2132 2023 2241 2092 desti-

214 2129 315 2201 sunt,
336 2115 501 2183 scelerate
516 2111 723 2202 profundis
747 2124 843 2181 tanta
861 2109 1090 2181 multitudine
1105 2111 1203 2179 ocio-
1252 2109 1427 2176 tuebatur.
1465 2106 1545 2180 Hoc
1560 2135 1640 2182 cum
1657 2114 1950 2190 animadverteret
1964 2144 2082 2192 comes
2097 2125 2241 2217 quidam

214 2242 334 2287 sorum
350 2211 557 2292 hominum,
583 2213 645 2307 qui
663 2212 763 2282 nullo
791 2212 907 2281 officio
933 2228 995 2281 aut
1015 2211 1203 2301 disciplina
1252 2202 1359 2275 homo
1376 2209 1530 2280 valeret
1554 2225 1698 2301 potens,
1725 2217 1805 2308 qui,
1831 2221 1925 2312 quod
1949 2235 2021 2292 tam
2046 2226 2241 2295 necessario

214 2318 416 2400 assuefacti,
441 2338 556 2406 neque
573 2311 769 2397 Ecclesiae,
795 2337 910 2406 neque
928 2309 1083 2401 Reipub.
1099 2313 1203 2382 utiles
1251 2321 1427 2400 tempore,
1450 2324 1571 2381 ettam
1590 2316 1802 2409 propinquis
1819 2314 2003 2407 hostibus,
2028 2347 2092 2394 suo
2109 2328 2240 2396 auxilio

216 2434 347 2497 essent,
368 2421 428 2486 sed
451 2418 568 2503 fruges
583 2428 719 2484 tantum
734 2437 939 2483 consumere
954 2413 1046 2492 nati,
1072 2428 1111 2483 nt
1125 2412 1204 2482 Ho-
1251 2410 1446 2499 plurimum
1468 2426 1608 2502 putaret
1628 2417 1805 2488 sublevari
1821 2419 2090 2512 imperatorem,
2116 2450 2240 2517 spera-

212 2522 324 2592 ratius
339 2517 467 2612 inquit.
520 2516 646 2598 Addo,
669 2518 783 2607 quod,
808 2515 915 2585 tantis
940 2514 1110 2584 restitutis
1133 2517 1203 2582 im·
1252 2513 1312 2580 bat
1328 2534 1364 2579 se
1385 2506 1477 2581 nihil
1497 2515 1542 2583 ab
1558 2515 1776 2606 Imperatore
1791 2522 1861 2590 iam
1879 2547 1952 2593 non
1969 2527 2240 2618 impetraturum

214 2622 319 2713 periis
345 2634 377 2688 et
400 2617 537 2686 infinita
552 2615 763 2686 Pontificum
780 2616 926 2685 avaritia
942 2639 1110 2705 repressa,
1137 2641 1202 2684 vo-
1251 2635 1341 2694 esse,
1375 2629 1491 2701 rogat,
1524 2630 1565 2685 ut
1585 2622 1838 2691 monasterium
1861 2629 2037 2716 quoddam
2061 2630 2183 2699 nobile
2209 2644 2242 2700 ct

214 2723 323 2794 luerit
334 2746 397 2811 pro
411 2718 667 2794 consuetudine
685 2719 859 2787 maiorum
872 2738 1016 2786 suorum
1028 2715 1203 2787 Ecclesias
1252 2713 1432 2802 copiosum
1469 2740 1549 2785 cum
1578 2718 1752 2791 fructibus
1785 2728 2004 2818 sequentium
2039 2743 2239 2821 temporum

212 2826 252 2895 in
275 2821 467 2897 Germania
500 2843 574 2888 non
596 2822 702 2888 modo
730 2819 786 2890 sui
808 2813 900 2889 nibil
932 2818 1110 2900 amittere,
1142 2822 1202 2888 scd
1252 2814 1320 2882 sibi
1338 2814 1508 2886 attribuat
1523 2815 1731 2909 Imperator,
1757 2849 1832 2895 non
1847 2828 1928 2897 satis
1942 2832 2130 2899 ostendens
2152 2855 2239 2920 sup-

213 2927 358 3018 opibus,
396 2922 568 3013 dignitate
594 2933 629 2990 et
656 2916 792 2990 bonore
822 2919 995 3001 auctiores
1018 2943 1103 2992 esse.
1154 2919 1204 2994 Ut
1252 2927 1369 3007 petere
1384 2915 1518 3011 alioqui
1533 2921 1651 3009 copias
1669 2925 1750 3010 sibi,
1774 2951 1816 2997 ex
1831 2930 1960 3022 quibus
1974 2931 2051 3000 dari
2064 2931 2238 3002 militibus

215 3029 309 3098 enim
341 3026 534 3117 plurimum
561 3022 722 3092 beneficii
745 3023 932 3093 collocaret
955 3022 994 3089 in
1017 3018 1204 3106 Ecclesias,
1252 3031 1441 3106 oporteret.
1501 3017 1714 3111 Imperator,
1749 3032 1845 3120 quod
1870 3032 2081 3122 intelligeret
2103 3058 2169 3126 qua
2193 3036 2238 3103 de

215 3129 408 3199 celebrium
423 3127 558 3216 aliquot
570 3125 836 3214 pontificatuum
853 3136 957 3193 autor
969 3123 1048 3204 suit,
1066 3147 1106 3192 cx
1122 3125 1204 3217 qoi-
1253 3141 1354 3187 causa
1378 3143 1416 3188 ea
1430 3121 1647 3193 dicerentur:
1682 3125 1773 3213 Non,
1800 3131 1930 3224 inquit,
1960 3135 1997 3202 in
2019 3130 2241 3204 hisdillicul-

215 3231 282 3299 bus
307 3226 425 3295 vocari
456 3239 598 3316 possent
621 3227 665 3291 od
694 3227 869 3303 docendas
895 3221 1087 3303 Ecclesias,
1123 3249 1202 3293 cum
1253 3221 1385 3290 tatibus
1419 3221 1465 3290 ita
1499 3223 1800 3297 circumventurus
1836 3255 1871 3299 es
1900 3230 2075 3303 Ottonem
2109 3238 2243 3327 vulpes.

216 3353 306 3420 opus
341 3339 449 3409 esset,
484 3323 579 3392 docti
605 3324 675 3391 viri
705 3337 743 3393 et
768 3320 989 3393 Christianae
1021 3327 1203 3394 doctrinae
1225 3307 1229 3397 l
1255 3317 1350 3390 Mihi
1368 3325 1574 3393 mandatum
1590 3343 1641 3399 est
1656 3325 1730 3397 Deo
1746 3330 1890 3398 obedire
1905 3334 2030 3417 magis,
2052 3361 2159 3428 quam
2177 3333 2244 3407 bo-

216 3430 332 3525 periti.
385 3425 544 3497 Multum
562 3424 656 3493 enim
672 3448 735 3494 sua
759 3425 924 3497 iuteresse
945 3425 1094 3509 sciebat,
1120 3428 1203 3494 dare
1226 3436 1229 3474 ῑ
1253 3421 1422 3491 minibus.
1449 3420 1570 3518 ltaque
1586 3451 1663 3497 cum
1676 3422 1863 3519 probibeat
1874 3432 2063 3523 scriptura,
2081 3453 2243 3508 sanctum

215 3554 377 3624 operam,
401 3543 442 3598 ut
460 3527 700 3597 retinerentur
722 3521 880 3606 scholae,
906 3540 998 3595 recte
1020 3518 1229 3596 doceretur?
1254 3523 1332 3591 dari
1352 3525 1518 3610 canibus,
1550 3551 1771 3623 nequaquam
1794 3534 1958 3623 permitto
1980 3558 2021 3604 ea
2044 3561 2064 3606 a
2084 3551 2118 3606 te
2136 3563 2242 3606 occu-

214 3637 399 3714 iuvcntus,
432 3653 630 3721 magnoque
652 3628 689 3697 iu
714 3651 862 3698 numero
882 3640 918 3697 ct
951 3623 1086 3698 honore
1109 3630 1203 3720 apud
1255 3624 1349 3715 pari,
1375 3649 1464 3717 quae
1479 3629 1572 3698 nosti
1588 3632 1633 3699 ad
1649 3629 1841 3702 Ecclesiam
1856 3648 2022 3726 spectare.
2071 3636 2110 3707 Si
2130 3637 2241 3724 igitur

213 3758 337 3807 omnes
349 3729 584 3813 haberentur,
608 3730 646 3798 in
663 3731 793 3824 quibus
809 3729 965 3800 liberalis
987 3744 1074 3800 esset
1090 3731 1203 3800 boua-
1254 3720 1344 3793 nihil
1362 3729 1455 3818 apud
1472 3741 1506 3796 te
1523 3731 1640 3819 pudor
1654 3745 1688 3802 et
1709 3733 1863 3804 officinm
1877 3737 2015 3823 valent,
2040 3739 2187 3807 deserite
2205 3753 2240 3808 et

213 3863 294 3910 rum
318 3837 448 3904 artium
473 3832 650 3922 cognitio,
675 3846 780 3926 atque
805 3856 846 3902 ex
871 3831 915 3899 iis
932 3856 1037 3924 quam
1055 3832 1202 3923 plurimi
1254 3829 1395 3917 prodito
1436 3823 1597 3900 hostibus
1638 3834 1823 3905 dominum
1863 3852 1974 3908 tuum.
2031 3835 2107 3928 Ego
2146 3853 2238 3908 certe

212 3939 263 4031 pii
286 3938 585 4009 constituerentur
607 3936 768 4006 doctores
783 3932 902 4013 verbi,
928 3958 1082 4025 quorum
1101 3934 1201 4025 copia
1255 3952 1369 3997 meum
1386 3925 1541 4020 Reipub.
1556 3933 1712 4005 officium
1725 3938 1943 4027 praestitero.
1976 3936 2027 4009 Et
2038 3964 2241 4032 quanquam

212 4066 258 4112 ne
273 4041 458 4128 deficeret,
481 4037 706 4129 pontificatus
728 4035 928 4119 constituit,
955 4059 1044 4127 quos
1067 4059 1202 4129 nequa-
1254 4043 1292 4099 tu
1311 4054 1384 4098 non
1401 4034 1578 4124 sequaris,
1605 4036 1678 4124 ipse
1700 4053 1817 4109 tamen
1835 4063 1913 4109 cum
1930 4039 2130 4113 Saxonibus
2145 4042 2245 4127 meis,

211 4169 317 4238 quam
340 4139 455 4210 voluit
472 4138 585 4209 teneri
606 4139 651 4205 ab
674 4131 880 4204 bominibus
902 4136 1055 4206 indoctis
1076 4150 1110 4205 et
1132 4138 1201 4205 im·
1253 4133 1297 4201 de
1323 4157 1475 4225 quorum
1503 4136 1633 4207 virtute
1659 4163 1734 4208 non
1761 4141 1908 4227 dubito,
1952 4145 1995 4213 ad
2021 4139 2139 4213 hostes
2164 4165 2243 4213 sum

211 4245 351 4337 probis,
376 4240 506 4332 quibus
522 4237 621 4306 nulla
637 4232 782 4305 honesta
799 4235 1003 4326 disciplina,
1029 4238 1128 4306 nulla
1145 4263 1201 4306 re·
1253 4233 1378 4306 iturus.

212 4346 317 4434 ligio,
348 4341 446 4408 nulla
469 4350 693 4427 pcccatorum
717 4336 893 4416 remissio,
926 4337 1024 4405 nulla
1049 4339 1202 4431 denique
1353 4334 1487 4409 Probat
1507 4334 1593 4409 haec
1619 4335 1766 4412 historia
1794 4343 1990 4434 plurimum
2011 4345 2243 4436 religionibus

209 4449 331 4517 futura
356 4442 448 4523 vita,
483 4462 565 4528 prae
583 4461 721 4506 summo
743 4437 826 4505 odio
852 4437 921 4505 Dei
946 4450 981 4505 et
1003 4433 1201 4526 Evangelii,
1253 4437 1413 4507 deditum
1438 4441 1545 4511 fuisse
1569 4437 1761 4529 Ottonem,
1786 4457 1891 4537 atque
1914 4470 2038 4516 omnes
2058 4463 2244 4540 propterea

213 4571 317 4621 curae
338 4565 431 4626 esse,
461 4539 516 4607 vel
541 4539 580 4606 in
603 4551 753 4607 mentem
771 4537 892 4607 venire
907 4552 1030 4626 potest.
1083 4538 1199 4610 Taceo
1254 4554 1397 4609 conatus
1420 4566 1502 4612 suos
1525 4567 1566 4611 eo
1585 4543 1736 4612 voluisse
1759 4560 1933 4636 spectare,
1959 4561 1999 4616 ut
2026 4550 2244 4638 privatarum

211 4651 367 4741 reliquos
399 4644 633 4735 episcopatus,
666 4641 727 4734 qui
755 4635 902 4709 Ottonis
933 4664 1058 4731 opera,
1098 4665 1200 4711 causa
1253 4664 1370 4708 rerum
1394 4645 1554 4713 omnium
1580 4643 1765 4733 dispendio
1796 4648 1920 4731 etiam,
1959 4649 1989 4714 si
2013 4673 2068 4719 res
2094 4651 2245 4733 tulisset,

211 4750 458 4823 discendarum
489 4743 638 4828 artium,
688 4756 723 4812 et
754 4742 985 4813 illustrandae
1020 4744 1201 4813 doctrinae
1253 4765 1390 4811 summa
1412 4770 1430 4812 a
1454 4769 1490 4814 se
1513 4766 1650 4834 semper
1671 4741 1859 4819 haberetur
1880 4744 2116 4820 Ecclesiarum
2142 4751 2246 4836 ratio,

209 4849 359 4935 Christi,
384 4848 466 4920 facti
481 4847 609 4940 partim
626 4845 663 4913 in
679 4841 845 4937 Cymbris
860 4858 953 4927 sum,
973 4847 1100 4935 partim
1115 4871 1200 4916 vero
1253 4845 1367 4937 quod,
1393 4847 1475 4937 quia
1497 4859 1635 4935 tempus
1656 4851 1828 4939 postulat,
1854 4850 1978 4931 desino
2003 4853 2165 4942 pluribus
2180 4855 2245 4921 de-

210 4957 249 5026 in
288 4951 470 5022 Vandalis.
534 4946 921 5038 Magdaeburgensibus
964 4970 1038 5014 non
1075 4952 1200 5033 solum,
1254 4958 1469 5030 monstrare,
1494 4960 1528 5016 ct
1546 4970 1671 5037 precor
1687 4947 1880 5031 Christum,
1911 4953 2091 5043 utspiritu
2108 4948 2244 5025 Christi

210 5080 316 5152 quam
337 5054 533 5145 possident,
559 5053 683 5118 urbem
705 5046 1017 5140 praeclarissimam
1040 5050 1201 5133 extruxit,
1253 5047 1366 5117 adiuti
1401 5043 1527 5117 horum
1562 5062 1762 5144 temporum
1797 5051 2024 5141 Magistratus
2055 5055 2246 5126 imitentur

210 5159 327 5242 auxit,
353 5155 501 5223 liberam
516 5152 652 5234 effecit,
678 5174 801 5220 verum
830 5147 1073 5240 pontificatum
1099 5151 1136 5218 in
1161 5175 1199 5219 ea
1253 5143 1400 5216 Ottonis
1424 5152 1574 5237 lactum,
1600 5154 1637 5222 in
1662 5155 1894 5246 procurandis
1913 5158 2017 5227 rebus
2032 5157 2077 5225 ad
2099 5157 2242 5246 religio·

211 5257 478 5332 celeberrimum
498 5249 622 5321 haberi
645 5250 798 5332 curavit,
822 5251 947 5343 inquo
966 5249 1012 5318 ali
1035 5274 1199 5339 magnum
1254 5253 1621 5341 nempertinentibus.
1673 5254 1764 5325 Nam
1782 5251 1850 5324 boc
1867 5250 2015 5326 Ottonis
2032 5259 2243 5350 exemplum,

210 5382 399 5434 numerum
432 5380 555 5426 eorum
586 5353 691 5422 bonis
712 5347 891 5423 Ecclesiae
913 5351 1046 5437 voluit,
1078 5354 1199 5445 quiin
1254 5353 1282 5418 si
1315 5367 1516 5425 nostrorum
1545 5368 1744 5448 temporum
1775 5354 2001 5450 Principibus
2027 5363 2246 5453 probaretur
