4732 6030
241 323 317 398 647
805 311 966 392 DECL.
998 312 1072 388 DE
1108 309 1256 386 ODIO
1291 308 1703 392 sorfltsrlctt's,
1986 376 1988 380 Α
2195 322 2273 397 548

244 497 411 569 admirari
428 509 462 564 et
479 495 516 560 in
533 491 668 559 coelum
686 484 813 556 vehere
829 488 916 556 tales
933 486 1145 570 Pseudolos,
1171 485 1233 577 qni
1282 486 1475 574 proditoris
1497 499 1696 578 expectent,
1725 510 1829 578 <luem
1855 488 2055 562 lmlfflnlur·
2108 488 2159 562 Ul
2182 496 2278 565 enlm

244 601 451 688 flexiloquas
479 592 743 663 conciliationes
772 590 1034 678 praescribunt,
1072 588 1135 681 qui
1165 589 1235 655 cir·
1283 587 1344 655 ille
1370 589 1530 678 prodidit
1557 589 1677 658 osculo
1707 589 1820 656 filium
1843 586 1928 657 Dei:
1962 591 2011 658 ita
2039 587 2280 684 Evangelium

247 698 449 769 cumvenire
484 708 519 764 et
553 695 704 762 obruere
738 691 911 761 tardiores
949 715 1091 783 quoquo
1128 691 1234 758 modo
1284 691 1434 781 quadam
1451 691 1582 758 blanda
1596 689 1710 780 specie
1726 690 1843 757 delere
1860 690 1920 760 isti
1936 707 2123 770 conantur.
2174 697 2281 769 Sem-

131 844 136 852 .
221 811 402 892 possunt,
1283 813 1347 879 per
1377 791 1594 860 calumniosa
1626 792 1744 879 legum
1780 792 1983 880 depravatio
2011 807 2047 864 ct
2074 797 2216 868 fraudes
2239 802 2279 870 in

347 892 749 987 Delectanturhomines
764 894 1003 985 captionibus,
1023 907 1064 963 ut
1080 893 1236 961 celebra·
1285 892 1445 975 iudiciis,
1473 892 1576 961 etiarn
1595 893 1632 958 in
1654 892 1814 981 imperiis
1830 893 2004 963 divinitus
2019 898 2163 985 punitae
2180 919 2280 984 sunt,

247 1015 306 1070 tur
335 999 520 1070 Romanus
548 997 793 1086 Magistratus,
832 996 895 1088 qui
925 993 1017 1083 Regi
1048 992 1236 1064 veteratori
1286 1016 1359 1061 non
1375 994 1491 1060 solum
1506 994 1544 1060 in
1560 989 1728 1064 Ecclesia.
1775 990 1991 1067 Meministis
2003 991 2182 1088 sophisma
2195 1000 2281 1072 Cri.

247 1103 341 1172 belle
359 1101 547 1191 imposuit,
578 1124 658 1168 cnm
682 1099 720 1165 in
745 1096 1012 1167 conditionibus
1037 1096 1131 1185 pacis
1157 1117 1236 1162 cum
1286 1094 1373 1176 tiae,
1399 1095 1461 1185 qui
1478 1117 1571 1163 unus
1586 1109 1661 1165 erat
1676 1118 1717 1162 ex
1734 1094 1879 1181 triginta
1901 1098 2005 1182 viris,
2031 1100 2094 1190 qui
2108 1104 2281 1191 regebant

249 1197 429 1272 Antiocho
445 1203 554 1271 factae
569 1201 726 1289 scripsit,
750 1211 791 1267 ut
805 1198 994 1266 dimidium
1007 1192 1236 1264 naviumAn-
1286 1190 1463 1278 Athenas,
1488 1208 1673 1287 postquam
1695 1210 1814 1285 captae
1832 1195 2173 1287 aLacedaemoniis,
2196 1229 2281 1275 rur-

249 1298 360 1372 tiochi
373 1302 525 1374 Romani
542 1302 744 1371 retinerent.
795 1295 1059 1368 llicRomanus
1075 1296 1239 1365 dissecari
1287 1319 1345 1365 sus
1362 1319 1480 1384 pacem
1499 1295 1781 1385 impetraverant.
1834 1293 1911 1366 Etsi
1927 1313 2045 1369 autem
2063 1325 2105 1371 eo
2121 1316 2281 1395 tempore

250 1427 371 1474 omnes
398 1426 505 1471 naves
532 1402 687 1484 curavit,
717 1413 750 1468 et
773 1403 889 1468 trabes
912 1412 1020 1467 sectas
1042 1400 1091 1466 ita
1114 1396 1239 1480 dividi,
1288 1399 1429 1466 crebrae
1446 1397 1637 1466 seditiones
1653 1398 1867 1487 praebebant
1881 1423 2020 1469 causam
2037 1403 2181 1492 triginta
2195 1408 2279 1492 illis,

251 1519 291 1574 ut
304 1505 493 1572 dimidium
510 1502 769 1595 relinqueretur
779 1494 971 1570 Antiocho.
1019 1497 1122 1568 Alius
1140 1500 1236 1592 quis·
1288 1510 1328 1565 ut
1344 1499 1501 1587 asperius
1518 1499 1692 1567 saevirent
1714 1499 1751 1565 in
1775 1500 1887 1584 cives,
1913 1513 2031 1569 tamen
2056 1504 2168 1592 legem
2194 1533 2279 1577 con·

249 1607 345 1697 piam
370 1618 490 1694 pactus
513 1604 649 1695 aliquot
671 1602 809 1670 dierum
834 1601 1014 1684 inducias,
1042 1612 1149 1669 noctu
1175 1624 1239 1690 po·
1288 1599 1451 1668 diderant
1472 1599 1560 1690 ipsi,
1586 1623 1631 1668 ne
1645 1600 1724 1691 quis
1739 1623 1778 1668 ex
1793 1623 1856 1669 suo
1875 1601 2032 1691 catalogo
2047 1604 2180 1677 indicta
2196 1632 2278 1679 cau-

251 1707 442 1796 pulabatur
469 1727 582 1792 agros.
640 1703 803 1794 Denique
827 1701 937 1770 multa
967 1695 1073 1770 huius
1102 1700 1240 1788 generis
1289 1723 1325 1768 sa
1342 1701 1605 1772 interficeretur.
1656 1697 1747 1769 Cum
1769 1701 1878 1790 igitur
1892 1700 2151 1775 Theramenem
2167 1711 2279 1777 colle·

251 1820 383 1886 astute,
410 1819 472 1874 ant
496 1805 600 1873 etiam
619 1802 833 1872 calumniose
849 1816 923 1871 acta
940 1801 1126 1889 leguntur,
1150 1823 1240 1893 quae
1289 1823 1368 1889 gam
1385 1798 1514 1870 Critias
1529 1801 1680 1872 interfici
1699 1802 1873 1887 iussisset,
1898 1803 2063 1895 implorat
2080 1802 2278 1879 'l'herame-

251 1908 281 1976 si
304 1907 343 1975 in
365 1903 522 1975 Ecclesia
554 1904 687 1988 imitari
707 1903 878 1973 Doctores
908 1902 1047 1986 volent,
1078 1902 1240 1973 funditus
1289 1925 1352 1970 nes
1362 1894 1454 1999 legis
1470 1903 1660 1987 auxilium,
1683 1904 1789 1993 petit,
1807 1927 1853 1972 ne
1872 1902 2004 1976 indicta
2020 1930 2123 1996 cansa
2139 1908 2277 1978 interfi-

251 2008 428 2077 delebitur
456 2006 592 2094 religio.
660 2004 769 2074 Venit
790 1999 947 2072 Athenas
967 2002 1167 2073 Demetrius
1184 2028 1240 2071 re·
1290 1988 1419 2073 ciatdr':
1468 2005 1659 2095 respondet
1688 2001 1837 2089 Critias,
1874 2005 1987 2094 legem
2016 2007 2115 2101 loqui
2147 2013 2191 2079 de
2222 2012 2279 2092 iis,

252 2133 334 2196 gum
352 2132 434 2176 suae
447 2108 568 2175 aetatis
583 2105 852 2174 florentissimus
867 2102 1040 2193 Antigoni
1063 2104 1176 2187 filius,
1201 2117 1241 2172 ut
1290 2129 1442 2195 clarorum
1467 2106 1612 2174 nomina
1636 2119 1720 2174 suut
1745 2106 1782 2173 in
1805 2107 1980 2195 catalogo,
2011 2133 2048 2176 se
2071 2123 2188 2178 autem
2210 2113 2279 2180 iam

252 2208 447 2293 Eleusiniis
462 2208 673 2276 initiaretur.
716 2205 953 2274 Venitautem
968 2203 1241 2288 menseMartio,
1291 2203 1526 2274 Theramenis
1548 2230 1680 2287 nomen
1704 2207 1741 2274 in
1764 2207 1920 2298 catalogo
1941 2210 2073 2281 delere.
2126 2210 2180 2281 lta
2202 2214 2280 2281 elu-

254 2335 324 2405 quo
349 2310 423 2379 lieri
442 2305 612 2378 Eleusina
642 2332 717 2378 non
741 2308 884 2386 licebat,
926 2306 1054 2399 quibus
1079 2305 1241 2377 attributi
1291 2306 1343 2375 dit
1358 2307 1468 2396 legem
1482 2305 1622 2380 Critias.
1673 2307 1741 2379 Sed
1767 2301 1873 2379 huius
1897 2311 2037 2380 cruenti
2055 2307 2280 2402 sophismatis

254 2424 353 2481 erant
384 2433 520 2479 menses
544 2412 635 2493 duo,
664 2407 866 2478 November
887 2420 922 2476 et
943 2405 1134 2496 Augustus.
1193 2404 1241 2476 Ut
1291 2432 1421 2495 poenas
1441 2408 1558 2478 statim
1581 2422 1699 2500 postea
1724 2410 1838 2480 dedit:
1865 2434 1946 2480 cum
1962 2413 2066 2480 amici
2082 2407 2280 2483 Therame-

252 2513 360 2601 igitur
376 2509 466 2600 Regi
487 2535 562 2579 mos
576 2524 769 2599 gereretur,
802 2534 867 2577 nec
886 2524 1001 2576 tamen
1017 2531 1113 2576 sacra
1128 2507 1239 2597 pollui
1290 2508 1346 2576 uis
1374 2509 1468 2599 pulsi
1489 2509 1629 2579 civitate
1650 2507 1829 2602 Rempub.
1852 2527 2122 2602 recuperarunt,
2145 2529 2181 2585 et
2197 2512 2280 2585 Cri-

253 2615 477 2697 vidcrentur,
505 2613 650 2680 inventa
667 2626 718 2680 est
736 2610 827 2679 bella
845 2611 945 2679 ratio.
998 2608 1071 2678 Lex
1093 2609 1163 2679 lata
1179 2621 1241 2697 est,
1292 2609 1394 2688 tiam,
1421 2625 1455 2680 et
1475 2613 1647 2703 quosdam
1670 2612 1777 2697 alios,
1802 2637 1890 2704 quos
1913 2614 1973 2682 ille
1990 2614 2207 2686 crudelitatis
2221 2641 2279 2686 so-

253 2729 294 2785 ut
315 2714 487 2782 mensium
518 2713 663 2781 uomina
686 2725 919 2780 mutarentur.
982 2709 1157 2780 Similima
1187 2728 1245 2777 res
1292 2705 1568 2796 cioshabuerat,
1590 2713 1854 2784 interfecerunt.
1900 2712 1973 2782 Nec
1987 2715 2048 2783 illa
2064 2717 2280 2805 religionum

254 2841 350 2886 nune
379 2816 505 2904 agitur.
572 2811 708 2881 Volunt
738 2812 792 2880 illi
823 2811 1065 2880 conciliatores
1098 2810 1240 2879 retineri
1291 2808 1504 2900 sophismata
1529 2828 1612 2882 sunt
1637 2815 1842 2899 incruenta,
1880 2816 2073 2906 dequibus
2097 2817 2165 2884 iam
2186 2819 2279 2886 dici-

255 2943 333 2986 cum
351 2918 417 2984 alia
435 2917 546 2983 multa
563 2915 705 2999 deliria,
730 2929 804 2983 tum
820 2913 925 2983 etiam
937 2935 1089 2996 errores,
1113 2913 1242 3004 quibus
1293 2936 1380 2987 ιιιιιε.
1430 2911 1522 2981 Nam
1538 2914 1566 2981 si
1585 2915 1633 3005 pii
1652 2911 1878 3007 deprehensis
1890 2917 1980 2985 lucis
1997 2917 2203 2986 confirmare
2219 2942 2278 2986 er-

255 3018 429 3108 polluitur
444 3015 561 3085 Coena
580 3017 728 3084 domini.
787 3012 1036 3103 Adfingamus,
1062 3013 1243 3104 inquiunt,
1292 3038 1388 3084 rores
1413 3038 1486 3087 non
1516 3016 1657 3100 volent,
1697 3039 1820 3087 rursus
1848 3019 2097 3105 grassabuntur
2132 3019 2277 3111 tyranni

255 3117 436 3184 molliores
457 3117 782 3205 interpretationes,
815 3117 877 3186 ubi
895 3116 1024 3204 legitur
1039 3115 1161 3185 offerri
1175 3109 1236 3183 ho·
1292 3115 1468 3207 asperius,
1493 3139 1599 3208 quam
1615 3131 1734 3203 antea,
1761 3120 1960 3189 confirmati
1976 3121 2046 3190 iam
2057 3119 2196 3188 iudiciis
2210 3115 2278 3188 ho-

166 3228 169 3234 “
256 3217 321 3286 stia
331 3219 373 3285 ad
384 3217 582 3284 animarum
598 3216 894 3305 redemptionem,
918 3216 1155 3304 intelligamus
1168 3240 1242 3284 non
1292 3242 1371 3286 rum
1387 3217 1674 3302 conciliatorum,
1700 3241 1851 3311 quorum
1874 3223 2049 3292 autoritas
2066 3238 2208 3312 propter
2224 3245 2278 3290 sa-

255 3343 351 3388 nuuc
375 3317 496 3386 offerri
519 3341 539 3385 a
563 3317 685 3400 nobis,
718 3318 777 3385 sed
801 3312 917 3384 Deum
942 3317 1177 3406 interpellari,
1203 3330 1244 3387 ut
1292 3319 1445 3410 pientiae
1468 3331 1503 3389 ct
1525 3318 1776 3389 moderationis
1797 3316 2005 3406 opinionem
2033 3324 2129 3411 apud
2144 3321 2281 3392 Princi-

255 3433 400 3512 propter
426 3415 597 3500 hostiam,
630 3441 720 3509 quae
741 3418 786 3487 ab
806 3417 883 3507 ipso
905 3413 1076 3485 Pontifice
1100 3412 1242 3486 Christo
1293 3442 1352 3508 pes
1374 3419 1524 3488 multum
1549 3419 1653 3489 valet
1712 3417 1820 3490 Nulla
1840 3418 2016 3489 durabilis
2041 3425 2280 3516 tranquillitas

257 3523 394 3606 oblata,
419 3518 824 3598 tuucredemitanimas,
846 3517 1096 3588 nosexaudiat.
1128 3513 1243 3606 Aegre
1293 3521 1330 3588 in
1347 3517 1504 3590 Ecclesia
1527 3521 1603 3590 sine
1623 3519 1769 3592 veritate
1792 3520 1957 3590 constitui
1981 3536 2110 3610 potest.
2164 3523 2281 3594 Fuco·
2321 3545 2323 3549 ·

257 3622 424 3692 amittunt
437 3622 709 3705 satisfactiones,
734 3621 793 3689 sed
811 3620 980 3688 molliunt
994 3643 1135 3688 nomen.
1168 3618 1243 3690 Vo-
1292 3647 1349 3690 sae
1364 3623 1623 3692 moderationes
1644 3634 1679 3692 et
1702 3621 1840 3693 veritati
1861 3622 2057 3704 nocebunt,
2083 3636 2117 3690 et
2136 3624 2282 3692 inflam-

255 3724 334 3794 lunt
362 3724 481 3792 vocari
502 3722 745 3811 castigationes
771 3721 1028 3791 ecclesiasticas.
1094 3718 1243 3791 'l'alibus
1291 3722 1441 3793 mabunt
1457 3723 1650 3794 discordias
1667 3747 1708 3793 ac
1724 3723 1927 3802 saeviciam,
1952 3736 1988 3793 et
1999 3721 2137 3814 parient
2154 3723 2282 3791 infini-

254 3826 344 3896 fucis
360 3826 503 3916 pingere
516 3824 667 3895 absurda
683 3825 843 3912 dogmata
860 3836 1051 3905 conantur,
1072 3845 1136 3890 nec
1152 3814 1242 3892 illud
1293 3840 1344 3895 tas
1374 3824 1620 3916 dissipationes
1651 3839 1688 3894 et
1717 3839 1838 3898 sectas.
1902 3821 1986 3894 Ideo
2016 3836 2174 3915 optemus
2202 3837 2280 3894 toto

256 3942 381 4017 agunt,
406 3943 446 3996 ut
462 3951 597 3996 errores
610 3927 816 4009 emendent,
841 3938 881 3994 ut
896 3929 1103 3993 medeantur
1119 3919 1243 3992 Eccle-
1293 3940 1451 4016 pectore,
1475 3923 1620 3996 utDeus
1635 3941 1731 4015 regat
1746 3924 1953 4016 Principum
1967 3924 2132 4008 consilia,
2155 3938 2191 3994 et
2205 3919 2282 3994 Ec·

256 4032 336 4099 siae.
389 4024 459 4097 Sed
485 4041 525 4096 ut
546 4027 648 4095 novis
670 4026 905 4116 praetextibus
926 4049 1054 4094 nervos
1069 4027 1244 4095 retineant
1294 4026 1434 4095 clesiam
1464 4027 1510 4096 ab
1546 4022 1612 4097 hac
1642 4023 1830 4117 sophistica
1860 4027 2005 4110 liberet,
2042 4039 2083 4095 ut
2115 4041 2284 4114 precatur

255 4131 468 4198 viciosorum
494 4127 663 4195 cultuum.
720 4123 964 4192 lloccousilio
987 4127 1242 4216 quaeruntilla
1293 4129 1384 4196 filius
1404 4126 1471 4197 Dei
1498 4128 1567 4196 iam
1592 4129 1753 4199 aditurus
1772 4143 1940 4213 mortem,
1970 4151 2049 4195 cum
2072 4126 2137 4195 ait:
2178 4125 2283 4195 l’ater

258 4224 357 4322 σοφὰ
378 4221 579 4320 φάρμακα,
603 4241 642 4294 ut
666 4225 844 4314 plausibili
863 4226 975 4311 specie
994 4251 1046 4292 res
1067 4226 1242 4315 pernicio·
1293 4229 1467 4298 sanctifica
1487 4252 1547 4298 eos
1567 4231 1605 4298 in
1630 4231 1795 4313 veritate,
1830 4254 1947 4299 serino
1971 4242 2051 4298 tuus
2074 4227 2281 4297 estveritas.

256 4353 311 4398 sas
325 4329 572 4397 commendent
589 4326 730 4415 populo.
770 4323 842 4392 Has
858 4326 1072 4413 corruptelas
1086 4328 1243 4398 coelestis
1294 4327 1386 4400 Orat
1419 4323 1601 4426 prohiberi
1637 4333 1852 4422 corruptelas
1887 4329 2056 4404 veritatis.
2126 4323 2185 4397 Ad
2218 4323 2280 4394 has

256 4429 439 4499 doctrinae
464 4440 635 4519 quantum
665 4425 781 4494 oderit
802 4422 916 4504 Deus,
943 4450 1010 4493 vox
1038 4426 1098 4494 illa
1125 4431 1241 4500 docet:
1294 4455 1411 4522 preces
1433 4433 1546 4502 nostri
1567 4430 1748 4501 Pontificio
1770 4432 2003 4521 adiungamus
2024 4443 2059 4499 et
2083 4443 2201 4498 nostra
2217 4450 2280 4494 vo-

256 4531 337 4602 Non
361 4553 515 4601 assumes
537 4552 665 4597 nomen
689 4526 836 4596 Domini
858 4525 927 4596 Dei
959 4526 1009 4596 tui
1034 4552 1133 4598 vane.
1194 4527 1243 4602 Et
1292 4548 1344 4615 ta,
1375 4558 1415 4602 ac
1437 4534 1613 4621 fugiamus
1638 4531 1737 4601 illam
1759 4556 1888 4603 novam
1909 4526 2136 4624 sophisticam
2157 4524 2281 4599 Eccle-

255 4635 413 4703 minatur
430 4629 526 4700 Deus
546 4655 582 4723 se
605 4629 813 4721 puniturum
837 4653 909 4699 esse
929 4623 992 4697 has
1012 4632 1242 4701 contumelias
1292 4634 1362 4704 siae
1377 4634 1563 4704 exitialem.

42 4818 51 4831 ·
166 4775 170 4783 «
256 4735 308 4805 sui
342 4734 498 4804 nominis
529 4747 564 4803 et
590 4755 692 4801 verae
719 4731 909 4802 doctrinae.
972 4726 1025 4800 Ac
1051 4732 1241 4803 admonere
1307 4750 1309 4754 “
1392 4733 1468 4806 Alii
1497 4733 1584 4802 alias
1612 4754 1732 4804 causas
1761 4728 1912 4817 habent,
1944 4756 2008 4802 cur
2032 4734 2075 4802 ad
2103 4725 2191 4800 haec
2222 4754 2281 4799 so-

255 4837 412 4926 singulos
434 4838 477 4904 de
502 4830 567 4903 hac
590 4858 673 4903 voce
696 4830 784 4914 Dei,
814 4831 1027 4901 calamitates
1051 4834 1106 4901 vel
1123 4834 1241 4923 publi·
1289 4831 1463 4927 phismata
1494 4835 1713 4924 confugiant.
1776 4834 1983 4905 Adversarii
2013 4835 2179 4924 prodesse
2213 4832 2283 4901 sibi

255 4962 331 5022 eae,
359 4939 413 5006 vel
432 4937 646 5026 privatorum
665 4934 858 5018 debebant,
882 4957 971 5026 qnae
988 4937 1142 5023 profecto
1157 4948 1241 5007 sunt
1290 4932 1378 5006 haec
1402 4937 1548 5006 consilia
1571 4936 1696 5007 vident
1715 4938 1757 5006 ad
1775 4938 1924 5005 tuendas
1940 4958 2045 5027 opes,
2076 4934 2171 5004 docti
2192 4958 2283 5025 qua-

256 5062 387 5133 poeuae
398 5034 635 5106 humanorum
649 5035 879 5124 flagitiorum,
903 5058 942 5102 ac
953 5035 1137 5126 praecipue
1153 5062 1240 5106 con·
1290 5037 1340 5107 les
1351 5036 1725 5118 suntWintoniensis,
1742 5035 1925 5107 Wicelius
1939 5051 1971 5107 et
1981 5036 2122 5121 similes,
2138 5037 2282 5104 laudem
2307 5061 2319 5074 ⁸

255 5154 406 5232 temptus
422 5136 488 5207 Dei
511 5151 546 5207 et
561 5139 768 5225 depravatae
787 5136 979 5224 religionis.
1289 5140 1424 5229 ingenii
1446 5142 1621 5211 ambiunt.
1681 5138 1740 5210 Sic
1764 5139 1890 5208 volunt
1915 5163 1934 5207 a
1956 5134 2116 5227 Regibus
2140 5135 2284 5227 praedi-

352 5240 511 5313 Nimium
549 5238 616 5306 sibi
651 5236 885 5307 blandiuntur
912 5231 1166 5330 sycophantae,
1208 5238 1238 5308 si
1287 5242 1376 5325 cari,
1408 5259 1449 5314 ut
1475 5237 1700 5336 Sycophanta
1728 5242 1823 5331 apud
1855 5239 2040 5310 Plautum:
2074 5235 2124 5310 Ut
2154 5261 2220 5327 ego
2247 5250 2284 5306 te

251 5360 379 5439 putant
399 5369 435 5414 se
466 5343 612 5432 impune
638 5339 758 5409 ludere
791 5339 829 5408 in
849 5334 1026 5422 Ecclesia,
1057 5339 1238 5410 involvere
1287 5358 1431 5434 propter
1444 5345 1736 5431 perfidiamtuam
1753 5366 1854 5426 amo,
1876 5338 1914 5411 'te
1929 5355 2067 5423 metuo,
2092 5354 2127 5410 te
2142 5339 2284 5429 anagni-

251 5474 306 5521 res
329 5471 447 5532 veras,
478 5443 569 5515 fucis
601 5464 727 5513 ornare
749 5463 896 5515 errores.
952 5436 1099 5512 Exitum
1129 5438 1238 5514 Indae
1285 5446 1386 5543 lario.
1438 5443 1614 5516 Nonnulli
1630 5457 1726 5515 metu
1741 5437 1804 5513 has
1819 5458 1987 5537 tanquam
2004 5442 2155 5513 latebras
2171 5465 2282 5535 quae-
