4732 6030
232 322 308 397 61⁵
663 316 823 393 DECL.
854 317 930 392 DE
963 310 1414 395 CONIUNCTIONE
1447 309 1825 392 SCHOLARUM.
2184 320 2261 398 o1o

235 508 420 566 coaeterno
436 490 591 562 Domino
614 503 736 559 nostro
748 487 832 558 lesu
850 484 1013 581 Christo,
1038 506 1072 562 et
1087 490 1223 581 Spiritu
1271 483 1524 557 communitate
1556 485 1692 568 vivere,
1735 512 1800 558 nec
1832 487 2051 577 immanitate
2081 487 2263 587 Cyclopes

237 610 373 668 sancto:
414 593 577 659 miserere
611 590 680 657 mei
712 604 857 680 propter
891 587 1006 660 lesum
1039 587 1222 662 Christum
1271 587 1505 670 delectemur,
1528 585 1567 654 in
1583 611 1673 680 qus,
1698 603 1738 660 ut
1760 589 1879 680 inquit
1891 585 2104 683 Euripides,
2133 587 2263 666 ἀκούει

237 697 351 765 filium
375 708 494 774 tuum,
527 712 631 781 quem
655 691 798 759 voluisti
821 715 887 779 pro
908 692 1012 760 nobis
1032 715 1105 762 esse
1120 692 1223 762 victi·
1273 679 1385 759 οὐδὲν
1399 680 1521 767 οὐδεὶς
1534 681 1694 768 οὐδενός.
1745 687 1827 757 Non
1844 688 1968 760 excitet
1982 693 2131 765 ambitio
2148 709 2264 767 certa-

238 817 351 874 mam,
376 812 475 879 rege,
501 790 602 871 iuva,
627 814 757 860 renova
779 814 836 858 me
859 788 995 882 Spiritu
1015 806 1135 863 sancto
1151 807 1225 875 tuo,
1272 788 1370 857 mina
1392 786 1486 856 inter
1507 787 1670 872 ordines,
1702 802 1763 858 aut
1785 786 2022 879 Pmsessores,
2046 797 2107 865 sed
2135 798 2263 868 cedant

237 914 319 981 rege
338 905 373 961 et
395 913 494 959 serva
517 885 710 959 Ecclesiam
739 905 854 977 tuam,
886 904 922 961 et
950 893 1109 981 politias,
1135 915 1224 986 qnae
1272 886 1418 958 utilitati
1431 888 1611 958 communi
1626 890 1782 978 privatae
1796 890 2022 980 cupiditates,
2045 898 2264 968 anteferatur

238 991 408 1085 praebent
424 985 576 1081 hospitia
592 991 810 1061 aerumnosis
820 988 996 1062 Ecclesiis.
1037 992 1136 1062 Talis
1150 994 1224 1063 sor·
1273 987 1510 1079 tranquillitas
1523 987 1664 1078 publica
1678 988 1824 1079 privatis
1839 991 2033 1069 affectibus.
2058 993 2157 1067 Haec
2172 994 2261 1067 mihi

238 1118 296 1162 ma
312 1091 480 1162 discernit
494 1092 730 1182 precationem
747 1087 983 1161 Christianam
998 1094 1043 1163 ab
1060 1089 1225 1176 Ethnice,
1273 1086 1446 1177 cogitanti
1472 1101 1577 1179 atque
1601 1090 1756 1179 optanti,
1787 1112 1890 1180 saepe
1914 1092 1953 1161 in
1984 1111 2137 1171 mentem
2164 1099 2262 1170 venit

240 1190 384 1263 Iudaica
402 1205 436 1261 et
452 1189 615 1263 'l'urcica
658 1188 711 1261 Ac
727 1215 865 1262 necesse
882 1206 933 1263 est
950 1188 1017 1264 hoc
1033 1194 1224 1263 discrimen
1274 1187 1488 1257 narrationis
1502 1184 1687 1257 Plinianae
1702 1192 1745 1258 de
1761 1190 1899 1263 duabus
1915 1195 2045 1286 capris:
2072 1222 2258 1294 quaecum

239 1292 403 1382 intelligi,
427 1292 593 1383 proponi,
619 1306 652 1361 et
668 1291 809 1363 assiduo
823 1293 1004 1366 inculcari.
1051 1293 1123 1364 Nec
1140 1317 1224 1364 vero
1274 1287 1344 1357 sibi
1365 1288 1597 1361 occurrissent
1620 1289 1660 1358 in
1681 1303 1788 1381 ponte
1810 1293 1898 1362 adeo
1919 1311 2086 1385 angusto,
2117 1313 2157 1370 ut
2180 1322 2260 1390 epa.

113 1470 116 1477 ,
241 1394 318 1465 sine
357 1392 469 1460 literis
510 1404 544 1460 et
582 1392 769 1462 collatione
809 1393 1019 1483 opinionum
1059 1393 1226 1486 explicari
1275 1388 1370 1458 cium
1383 1411 1458 1458 non
1474 1400 1579 1473 esset,
1603 1414 1674 1481 quo
1692 1391 1800 1459 altera
1815 1392 1910 1463 iuxta
1927 1395 2072 1467 alteram
2089 1400 2260 1492 praeteri·

155 1572 159 1577 Ι
240 1507 365 1586 potest.
416 1490 563 1580 Semper
583 1492 691 1581 igitur
712 1492 750 1561 in
767 1489 925 1563 Ecclesia
939 1492 1036 1565 Deus
1054 1495 1123 1565 coli
1145 1495 1226 1565 lite·
1276 1500 1342 1572 ret,
1366 1488 1524 1558 mirabili
1538 1502 1613 1560 arte
1625 1489 1717 1559 viam
1734 1490 1801 1559 sibi
1818 1494 1986 1566 fecerunt.
2024 1494 2148 1571 Altera
2164 1502 2260 1570 enim

240 1618 298 1664 ras
312 1607 345 1665 et
361 1593 473 1661 bonas
495 1605 587 1662 artes
604 1592 734 1664 voluit:
760 1618 800 1662 ac
815 1617 861 1663 ne
883 1618 1026 1684 prorsus
1044 1597 1227 1684 extingue-
1272 1603 1490 1679 prostratum
1506 1612 1633 1679 corpus
1650 1590 1688 1658 in
1709 1604 1815 1680 ponte
1835 1592 1882 1662 ita
1896 1596 2064 1683 collocat,
2089 1613 2130 1672 ut
2151 1602 2261 1671 altera

241 1706 367 1765 reutnr
398 1693 531 1772 studia,
571 1687 708 1762 scholas
734 1693 889 1764 mirabili
923 1698 1028 1764 sinodo
1055 1696 1226 1766 defendit.
1275 1687 1436 1760 insistere
1458 1702 1632 1779 prostrato
1655 1690 1815 1780 corpori,
1847 1705 1882 1762 et
1905 1697 2053 1767 transire
2081 1722 2145 1790 per
2166 1701 2260 1772 illud

241 1792 332 1864 Vult
348 1793 442 1862 enim
457 1814 521 1861 nos
538 1816 660 1861 omnes
680 1792 802 1863 andire
814 1789 1006 1864 Ecclesiam
1025 1797 1228 1881 doctricem,
1277 1803 1403 1878 posset
1454 1786 1570 1859 Multa
1586 1789 1765 1875 incidunt,
1790 1792 1852 1861 ubi
1867 1791 1896 1860 si
1911 1816 2014 1866 nemo
2028 1799 2130 1870 alteri
2145 1802 2260 1885 cedat,

241 1908 283 1966 ut
295 1891 538 1962 venustissime
553 1891 785 1980 significatum
800 1894 904 1963 estin
919 1891 1099 1966 Samsonis
1114 1890 1226 1967 histo·
1276 1911 1422 1979 magnos
1446 1890 1620 1960 tumultus
1644 1891 1790 1962 existere
1812 1916 1952 1964 necesse
1964 1897 2021 1968 sit.
2070 1898 2164 1970 Haec
2175 1923 2256 1969 mo·

242 1992 315 2064 ria:
347 1991 428 2062 Non
449 1991 691 2076 invenissetis,
721 1991 793 2063 nisi
819 1994 928 2064 vitula
953 2019 1029 2065 mea
1057 1996 1227 2069 arassetis.
1278 2001 1445 2058 numento
1468 1987 1507 2056 in
1523 1985 1720 2081 Republica
1742 1993 1936 2083 intelligere
1955 2020 2039 2083 nos,
2062 2014 2097 2072 et
2118 2001 2259 2070 frenare

242 2089 425 2185 Apopulo
444 2090 551 2162 lsrael
568 2094 758 2163 didicimus
771 2089 1005 2183 Evangelium
1028 2095 1122 2167 inter
1141 2120 1229 2186 gen-
1278 2090 1429 2180 impetus
1442 2101 1580 2159 nostros
1594 2093 1703 2166 decet.
1742 2089 1814 2161 Alii
1830 2108 1973 2186 propter
1987 2124 2075 2191 opus
2089 2125 2127 2170 ac
2140 2096 2261 2171 hono·

244 2206 297 2264 tes
313 2215 472 2284 sparsum
493 2216 557 2280 per
573 2194 774 2285 Apostolos.
832 2191 886 2264 lta
906 2195 1070 2288 deinceps
1092 2220 1229 2288 semper
1277 2213 1351 2275 res,
1373 2189 1434 2260 alii
1451 2205 1593 2281 propter
1606 2192 1758 2282 partium
1774 2194 1890 2265 studia
1904 2195 2087 2270 interdum
2106 2202 2262 2273 efferun-

243 2295 284 2363 in
302 2288 458 2363 Ecclesia
481 2289 577 2362 Deus
593 2294 732 2387 aliquos
754 2295 915 2366 doctores
934 2296 1050 2382 dedit,
1070 2311 1106 2369 et
1129 2296 1229 2369 testi-
1277 2303 1353 2361 tur:
1386 2290 1450 2361 uhi
1464 2290 1576 2362 multo
1598 2292 1727 2364 rectius
1741 2306 1815 2363 erat
1836 2318 1911 2365 sese
1931 2300 2142 2390 reprimere,
2166 2313 2262 2373 etot

244 2392 365 2464 monia
404 2413 487 2461 suae
524 2394 717 2464 sententiae
751 2409 916 2485 perpetua
955 2411 1070 2466 extare
1105 2398 1227 2468 voluit.
1278 2391 1360 2459 illae
1380 2390 1533 2481 capellae
1556 2391 1698 2464 3⁰1⁶?oe
1720 2396 1867 2477 cedunt,
1892 2401 2131 2471 moderatione
2147 2402 2259 2470 animi

245 2492 367 2582 Quare
381 2505 414 2562 et
430 2493 606 2583 principes
629 2509 663 2565 et
685 2496 920 2585 respublicae,
945 2510 980 2565 et
995 2521 1060 2567 nos
1083 2498 1151 2588 ipsi
1166 2498 1228 2589 qui
1278 2514 1401 2560 sonere
1427 2491 1649 2564 offensiones.
1707 2492 1804 2564 Haec
1832 2495 1863 2565 si
1892 2498 2094 2586 fecerimus,
2124 2501 2258 2571 favebit

244 2617 392 2665 munere
404 2594 555 2662 docendi
568 2594 760 2684 fungimur,
781 2608 973 2665 statuamus
985 2592 1051 2667 hoc
1066 2597 1227 2667 omnium
1277 2590 1375 2662 Dens
1397 2586 1536 2659 scholae
1563 2606 1597 2661 et
1620 2594 1746 2665 studiis
1768 2596 1908 2667 nostris.
1965 2598 2055 2668 Nam
2078 2615 2258 2694 utrunque

245 2689 481 2765 humanorum
516 2718 662 2784 operum
696 2718 872 2764 summum
907 2719 998 2781 esse,
1028 2699 1227 2768 studiorum
1279 2690 1449 2782 postulat,
1480 2691 1643 2762 videlicet
1673 2696 1777 2764 fidem
1807 2696 1844 2765 in
1868 2698 2026 2769 faciendo
2055 2703 2192 2787 officio,
2225 2714 2259 2772 et

244 2793 547 2864 conservationem
564 2807 599 2864 et
621 2795 926 2886 propagationem:
952 2808 1064 2867 etsuo
1080 2798 1230 2891 quisque
1279 2814 1398 2861 curam
1432 2793 1581 2860 tuendae
1615 2797 1832 2868 concordiae.
1882 2794 1934 2868 Ac
1958 2801 2100 2893 utrique
2134 2801 2258 2872 virtuti

245 2895 323 2965 loco
348 2893 548 2975 annitatur,
581 2909 620 2965 ut
648 2893 787 2965 scholae
807 2896 968 2967 ¹floreant
990 2912 1023 2968 et
1046 2914 1228 2971 ornentur.
1279 2889 1453 2982 promittit
1469 2888 1623 2979 ingentia
1642 2897 1804 2983 praemia.
1857 2897 2068 2971 Meministis
2083 2903 2178 2972 enim
2194 2928 2258 2993 pa-

244 2995 466 3084 ingratitudo
481 2996 574 3063 enim
595 2996 742 3065 maxime
759 2991 1048 3085 reprehendenda
1061 3013 1123 3080 est,
1149 3023 1229 3068 cum
1279 2990 1435 3060 rebolom
1456 2984 1662 3080 Evangelii,
1695 2997 1759 3067 ubi
1780 2998 1901 3072 laudat
1922 2996 2082 3072 Christus
2109 3027 2258 3086 servum,

245 3090 343 3164 Dens
355 3094 523 3163 immensa
541 3096 755 3184 benignitate
776 3111 811 3167 et
826 3098 1064 3168 misericordia
1078 3122 1114 3168 sc
1131 3112 1224 3190 pate·
1279 3090 1341 3183 qui
1364 3089 1532 3159 talentum
1553 3093 1643 3162 bene
1667 3096 1909 3174 collocaverat.
1965 3097 2013 3173 Et
2035 3101 2193 3174 Psalmus
2214 3104 2258 3171 de

245 3194 384 3275 lecerit,
410 3209 441 3265 et
459 3218 477 3261 e
492 3194 575 3262 sinu
597 3219 759 3263 arcanam
775 3198 993 3268 voluntatem
1009 3222 1107 3267 suam
1127 3198 1230 3270 nobis
1280 3191 1469 3259 concordia
1506 3191 1642 3284 inquit:
1677 3193 1730 3264 lbi
1765 3198 2049 3271 benedictionem
2082 3203 2260 3274 mandavit

246 3294 284 3363 in
311 3290 368 3364 his
399 3293 638 3362 monumentis
669 3293 833 3362 litorariis
858 3298 958 3386 quasi
989 3298 1227 3386 consignatam
1279 3290 1470 3363 Dominus.
1503 3289 1600 3379 Quid
1613 3296 1706 3386 quod
1722 3289 1883 3365 Christus
1896 3299 2022 3368 lavans
2035 3307 2142 3392 pedes
2156 3303 2261 3373 disci.

246 3393 452 3475 tradiderit,
494 3407 533 3462 ut
556 3393 660 3462 nobis
689 3416 751 3483 per
781 3388 872 3462 hanc
902 3395 1013 3482 ipsam
1042 3420 1160 3463 vocem
1195 3411 1229 3465 et
1279 3391 1464 3481 pulcrum,
1488 3390 1588 3463 iubet
1605 3414 1669 3462 nos
1691 3395 1888 3484 exemplum
1910 3396 2070 3470 imitari?
2108 3404 2189 3474 Non
2211 3416 2263 3474 est

245 3490 333 3563 haec
353 3492 551 3561 testimonia
569 3493 743 3582 impertiat
764 3507 903 3565 aeterna
920 3495 1031 3576 bona,
1055 3495 1231 3586 negligere
1278 3488 1448 3575 servitus,
1478 3494 1539 3561 sed
1561 3493 1670 3564 virtus
1689 3490 1764 3563 Deo
1792 3508 1908 3585 grata,
1936 3498 2087 3570 tolerare
2107 3505 2262 3593 privatas

246 3608 283 3665 et
303 3592 482 3683 aspernari
504 3605 637 3663 tantam
653 3590 720 3663 Dei
743 3617 823 3682 erga
845 3616 910 3663 nos
930 3594 1176 3666 liberalitatem
1195 3612 1229 3668 et
1279 3589 1447 3675 iniuriat.
1478 3616 1628 3685 querum
1652 3594 1811 3684 depulsio
1841 3609 1942 3666 nocet
1970 3600 2144 3688 publicae.
2161 3616 2261 3671 tran·

244 3707 344 3765 tanta
359 3717 516 3764 munera.
567 3688 724 3781 Agamus
737 3692 814 3763 Deo
828 3694 972 3784 gratias,
996 3697 1090 3788 qnod
1106 3720 1229 3767 accen·
1279 3690 1457 3784 quillitati.
1500 3691 1713 3765 Haecnobis
1729 3696 1796 3786 ipsi
1813 3696 2038 3783 inculcemus,
2061 3700 2154 3769 etad
2170 3698 2258 3770 haec

245 3795 340 3866 derit
361 3793 592 3865 illustrissimi
612 3791 788 3885 Principis
808 3810 947 3887 pectus,
978 3809 1019 3867 nt
1044 3797 1127 3869 velit
1148 3818 1229 3869 suas
1278 3815 1361 3862 vera
1376 3804 1410 3861 et
1435 3787 1810 3886 philosophicaofficia
1833 3820 1899 3868 nos
1911 3801 2061 3891 quadam
2076 3799 2258 3889 diligentia

243 3890 419 3966 Ecclesias
436 3894 492 3985 pie
505 3893 622 3964 doceri
645 3906 678 3964 et
693 3908 787 3964 recte
800 3895 895 3985 regi,
921 3908 957 3966 et
977 3896 1091 3968 studia
1108 3898 1228 3969 litera·
1278 3892 1566 3979 assuefaciamus,
1588 3894 1624 3963 in
1641 3919 1710 3988 qua
1724 3894 1839 3967 Deum
1853 3898 2071 3985 intueamur,
2094 3900 2157 3995 qni
2173 3924 2258 3991 pro·

243 4020 325 4067 rum
346 3995 500 4065 excitari.
549 3989 639 4064 Eius
654 3995 814 4085 exemplo
831 4010 865 4065 et
883 3991 989 4067 huius
1004 3997 1229 4070 urbisSena-
1278 4009 1357 4084 pter
1379 3988 1470 4064 hanc
1493 3997 1770 4067 moderationem
1792 3999 1903 4087 magis
1925 4000 2057 4071 fovebit
2080 3995 2260 4075 Scholam.

244 4111 303 4168 tus
317 4095 571 4186 amplissimus,
597 4089 825 4164 Academiam
846 4096 999 4185 benigne
1018 4101 1227 4191 complecta-
1278 4092 1516 4165 Subiiciamus
1531 4108 1565 4165 et
1577 4096 1679 4166 nobis
1694 4096 1780 4187 ipsis
1794 4110 1828 4167 et
1842 4099 1921 4167 aliis
1941 4099 2040 4189 (nam
2052 4101 2127 4170 sive
2143 4097 2261 4171 homi·

244 4213 304 4271 tur
336 4211 369 4267 et
397 4197 531 4272 foveat,
567 4217 656 4285 qnae
686 4194 822 4262 etiamsi
851 4196 961 4266 multa
989 4191 1094 4268 habet
1122 4222 1228 4268 orna·
1278 4218 1341 4264 nes
1356 4210 1575 4276 moveantur,
1600 4197 1747 4266 dicenda
1762 4211 1813 4270 est
1829 4199 1968 4284 veritas,
1992 4218 2033 4273 ut
2047 4202 2260 4293 amplecten-

245 4308 379 4367 menta:
412 4309 529 4364 tamen
557 4294 586 4361 si
617 4316 699 4361 vere
724 4293 918 4378 iudicetur,
950 4296 1087 4365 nullum
1123 4293 1229 4371 babet
1278 4307 1329 4364 tes
1348 4289 1460 4380 hanc,
1485 4296 1622 4368 vivant:
1648 4296 1870 4367 mendacium
1892 4301 1988 4368 enim
2013 4325 2108 4371 mors
2132 4315 2202 4386 est,
2226 4315 2260 4372 et

246 4397 360 4467 maius
382 4420 422 4465 ac
438 4393 596 4464 divinius
615 4387 680 4461 hac
698 4392 879 4463 doctrinae
899 4395 1125 4484 possessione.
1174 4396 1228 4470 Ac
1277 4389 1385 4465 huius
1406 4411 1503 4487 pater
1526 4420 1663 4488 semper
1686 4393 1863 4468 homicida
1888 4400 1973 4470 luit:
2007 4424 2069 4470 seu
2091 4426 2163 4470 non
2183 4425 2259 4469 am·

244 4521 367 4569 revera
390 4521 429 4566 ea
452 4496 596 4564 demum
616 4493 751 4582 integra
774 4492 895 4564 civitas
919 4494 1147 4566 existimanda
1166 4512 1229 4583 est,
1277 4496 1493 4587 plectantur,
1526 4511 1565 4567 ut
1594 4509 1685 4566 extet
1716 4498 1958 4570 testimoninm
1989 4496 2260 4571 ineme’ndabilis

246 4600 285 4669 in
306 4622 374 4690 qua
396 4600 440 4667 sd
465 4594 648 4687 politicum
669 4594 830 4664 ordinem
846 4595 979 4666 accedit
995 4592 1064 4667 Dei
1086 4598 1229 4683 noticia,
1277 4594 1533 4692 improbitatis)
1549 4591 1634 4665 haec
1648 4595 1757 4683 igitur
1771 4623 1850 4669 cum
1866 4598 1989 4685 nobis,
2014 4613 2088 4669 tum
2107 4601 2188 4671 aliis
2203 4602 2260 4669 in·

245 4715 281 4770 et
302 4700 451 4769 aliarum
472 4693 698 4767 honestarum
723 4694 852 4765 artium
878 4696 1041 4786 cognitio.
1092 4696 1161 4768 Sed
1188 4711 1229 4769 ut
1277 4697 1473 4783 calcemus,
1499 4691 1635 4765 scholas
1650 4719 1723 4765 esse
1741 4699 1952 4767 necessarias
1966 4701 2010 4768 ad
2028 4701 2183 4790 pietatis,
2203 4725 2260 4770 re-

244 4795 330 4871 haec
348 4797 517 4891 possessio
532 4798 577 4867 sit
598 4797 788 4881 diuturna,
812 4796 848 4865 id
865 4797 981 4890 aliqua
1005 4822 1046 4867 ex
1069 4800 1226 4889 partein
1277 4796 1438 4887 ligionis,
1464 4808 1573 4866 status
1595 4796 1728 4881 civilis,
1752 4798 1962 4869 domesticae
1985 4800 2089 4870 etiam
2105 4801 2263 4870 admini-

244 4901 349 4972 nobis
363 4902 468 4971 etiam
482 4900 589 4968 situm
605 4911 668 4969 est.
707 4886 790 4969 Sint
804 4893 1015 4968 Academiae
1028 4897 1227 4971 Aristocra·
1276 4897 1456 4969 strationis
1477 4896 1789 4968 conservationem.
1840 4896 1942 4986 Quae
1957 4903 2138 4970 eratenim
2157 4903 2263 4972 obsc-

244 5004 324 5086 tiae‚
350 5015 388 5070 ut
405 4999 532 5068 alveoli
548 5023 665 5088 apum,
689 5023 791 5069 sunm
805 4998 954 5090 quisque
967 4999 1121 5069 officium
1136 5015 1227 5071 recte
1277 5023 1337 5070 cro
1359 5001 1472 5067 forma
1493 4998 1612 5068 futura
1643 5022 1850 5088 regnomm,
1875 5013 1937 5070 aut
1957 5001 2159 5085 civitatum,
2184 5003 2262 5072 sine

242 5102 363 5185 iaciat,
394 5101 580 5168 doceamus
601 5101 721 5182 utilia,
752 5099 975 5169 conseramus
997 5123 1120 5188 operas
1134 5125 1225 5184 can·
1275 5099 1476 5168 eruditione
1495 5115 1530 5169 et
1552 5100 1713 5169 doctrina
1740 5100 1946 5169 literarum?
1978 5098 2078 5170 Nihil
2099 5128 2190 5193 opus
2209 5119 2262 5174 est

243 5205 345 5284 dide,
379 5201 541 5269 iuvemus
571 5199 664 5268 inter
692 5222 777 5282 nos,
810 5213 973 5268 tueamur
1003 5223 1225 5270 communem
1275 5200 1596 5289 argumentatione,
1632 5198 1840 5291 aspiciamus
1867 5226 1906 5270 ea
1937 5202 2034 5287 loca,
2066 5204 2104 5271 in
2131 5205 2263 5297 quibus

243 5302 467 5374 concordiam
501 5300 649 5390 quadam
691 5294 933 5390 philosophica
972 5301 1226 5375 moderatione.
1275 5300 1452 5371 domicilia
1473 5301 1671 5373 studiorum
1686 5302 1866 5391 qnondam
1881 5302 2042 5384 luerunt,
2067 5305 2129 5374 nbi
2151 5307 2264 5375 colle·

242 5402 445 5495 Cogitemus
468 5424 534 5470 nos
557 5399 593 5467 in
617 5394 819 5470 Christiana
842 5413 903 5471 ant
924 5400 1046 5471 saltem
1072 5395 1224 5471 bumana
1274 5402 1330 5492 gia
1347 5406 1519 5495 quaedam
1543 5402 1762 5472 nuncetiam
1789 5402 1869 5470 illos
1892 5398 2116 5476 scholasticos
2136 5406 2262 5477 titulos
