4732 6030
268 260 345 336 009
744 316 749 324 .
788 247 947 328 DECL
988 249 1063 328 DE
1088 251 1401 333 CAPNIONE
1427 254 1782 341 PHORCENSI.
2204 265 2306 340 1000

269 447 312 506 ιιι
327 445 361 504 et
383 430 499 524 ipsu'ro
522 443 556 499 et
568 428 741 498 virtutum
763 420 1067 517 pulchritudinem
1082 425 1262 516 intelliga·
1308 433 1398 501 facta
1414 433 1644 525 antiquitatis,
1665 435 1727 503 sed
1741 434 1845 505 etiam
1859 434 2116 505 ratiocinemur
2130 455 2173 502 ex
2188 434 2304 511 initiis

269 557 367 620 mus,
391 546 426 630 et
444 532 640 600 inflammet
655 541 796 621 pectora
810 540 951 611 nostra,
976 542 1017 598 ut
1034 529 1102 618 ipsi
1115 529 1262 598 obedia·
1309 533 1444 603 similes
1461 535 1591 621 exitus,
1618 537 1738 629 quales
1758 548 1843 606 tunc
1865 537 1972 606 fuisse
1994 536 2159 624 legimus.
2209 535 2304 608 Cum

272 657 368 721 mus,
393 646 429 702 st
444 633 484 705 in
497 631 665 703 omnibus
688 629 795 699 rebus
811 629 971 700 ordinem
988 629 1125 720 abipso
1145 628 1262 700 sanci·
1309 634 1418 723 igitur
1441 633 1510 704 iam
1536 636 1575 704 in
1599 632 1656 706 his
1682 637 1886 726 regionibus
1909 651 1943 708 et
1968 630 2144 707 horribile
2166 637 2305 709 bellum

243 756 245 761 ·
272 746 366 821 tum,
390 734 485 805 tucri
499 735 712 803 studeamus.
1309 758 1494 805 accensum
1509 738 1565 818 sit,
1589 755 1623 811 et
1637 739 1743 807 simul
1759 740 1877 826 vacari
1894 737 1970 807 lues
1985 739 2125 829 ceperit,
2151 762 2229 808 non
2245 765 2304 810 so·-

1309 837 1385 907 lum
1402 839 1539 908 oraculi
1552 840 1736 923 recordor,
1760 834 1836 931 ἥξει
1855 835 2042 933 ὃωριακὸς
2062 832 2218 931 πόλεμος
2237 839 2303 913 καὶ

1310 933 1436 1029 λοιμὸς
1458 927 1526 1030 ἅμ’
1539 936 1662 1036 αὐτῷ,
1688 941 1750 1008 sed
1773 941 1878 1010 etiam
1901 953 2021 1011 metuo
2049 942 2178 1010 similes
2201 945 2303 1012 cala-

1310 1039 1449 1111 mitates
1468 1039 1575 1122 alias,
1607 1041 1729 1134 quales
1744 1040 1784 1108 in
1801 1065 1843 1110 eo
1861 1039 2034 1111 Graeciae
2049 1041 2146 1111 bello
2162 1043 2302 1114 accide-

1439 1142 1622 1213 interitum
1635 1140 1836 1229 civitatum,
1858 1144 1995 1233 legum,
2021 1143 2240 1234 disciplinae.

242 942 245 951 .
373 878 422 954 Et
443 883 527 978 quia
543 882 646 954 dulce
661 905 792 952 nomen
815 894 866 953 est
881 881 1122 977 aequalitatis,
1148 883 1262 952 disca-

272 1009 353 1056 mus
368 985 548 1078 quomodo
569 984 816 1078 aequalitatem
840 983 1040 1054 conservari
1052 980 1149 1051 Deus
1167 983 1263 1064 velit,

274 1111 344 1182 qua
357 1086 396 1154 in
411 1110 449 1155 re
464 1086 619 1179 primum
633 1083 724 1154 illud
737 1083 862 1175 videte.
914 1083 1023 1154 Amat
1038 1097 1072 1152 et
1087 1082 1181 1154 filius
1196 1083 1264 1155 Dei

275 1189 427 1280 primam
444 1186 712 1281 aequalitatem,
732 1209 822 1280 quae
837 1180 1072 1256 Arithmetica
1089 1198 1151 1255 est.
1187 1180 1264 1255 Ab·
1311 1156 1416 1227 ‘⁰¹¹²’

260 1289 357 1388 ¹iecit
380 1312 416 1358 sc
437 1288 477 1358 in
502 1284 566 1358 has
589 1299 727 1357 nostras
749 1287 928 1372 miserias,
951 1300 991 1357 ut
1005 1299 1093 1356 esset
1108 1288 1263 1379 aequalis

259 1391 380 1487 ,nobis
402 1389 442 1459 io
465 1402 580 1460 morte
607 1402 641 1458 et
663 1386 891 1458 atrocissimis
912 1387 1144 1472 cruciatibus,
1169 1389 1264 1457 deri-

277 1493 374 1562 vavit
395 1491 526 1560 insere
546 1490 635 1559 iram
659 1489 793 1558 aeterni
816 1489 944 1580 patris,
971 1493 1139 1559 adversus
1154 1501 1214 1559 tua
1229 1501 1266 1559 et

276 1617 354 1663 mea
369 1605 404 1663 et
417 1591 579 1662 omnium
592 1604 744 1680 peccata,
766 1589 814 1661 ita
829 1589 933 1659 nohis
946 1589 1058 1660 factus
1071 1603 1122 1660 est
1136 1614 1265 1682 aequa·

276 1695 340 1780 lis,
370 1717 436 1762 nos
459 1715 543 1761 vero
569 1691 638 1761 sihi
662 1691 744 1763 facit
773 1691 953 1784 aequales,
987 1690 1166 1783 copulavit
1196 1690 1266 1760 sibi

278 1808 422 1864 aeterno
445 1794 586 1862 loedere
608 1805 771 1863 naturam
796 1787 1009 1878 humanam,
1044 1805 1085 1863 ut
1105 1792 1151 1862 sit
1173 1792 1266 1862 socia

279 1895 466 1979 victoriae,
492 1919 560 1989 qua
582 1908 687 1986 caput
710 1893 884 1986 serpentis
906 1892 1079 1978 conterit,
1104 1905 1140 1963 et
1161 1893 1265 1963 nobis

276 1995 452 2067 iusticiam
466 2008 501 2066 et
515 1996 621 2066 vitam
636 1995 765 2079 reddit,
786 1994 915 2066 deinde
929 2007 964 2064 ct
978 2015 1044 2064 nos
1058 1994 1204 2065 adducit
1220 1996 1266 2064 ad

278 2112 460 2167 aeternum
478 2109 631 2186 patrem,
655 2110 698 2166 ut
719 2096 766 2165 sit
778 2093 877 2165 Deus
892 2096 1013 2166 omnia
1035 2095 1074 2163 in
1089 2095 1268 2187 omuibus,

279 2223 320 2269 ac
335 2221 401 2268 nos
412 2197 512 2289 pleni
524 2197 603 2267 loce
615 2196 747 2282 divina,
762 2195 847 2266 laeti
854 2191 971 2268 Deum
985 2196 1025 2265 in
1039 2196 1139 2266 omni
1153 2209 1267 2267 aeter·

279 2299 394 2371 nitate
409 2297 636 2373 celebremus.

1414 1337 1468 1410 Ac
1482 1339 1609 1410 videtis
1624 1353 1814 1431 utrumque
1829 1341 1961 1411 malum
1969 1391 1982 1424 ,
1997 1342 2144 1412 'bellum
2160 1355 2196 1412 et
2210 1344 2303 1415 luem

1311 1445 1385 1512 iere
1410 1465 1473 1533 per
1495 1442 1696 1511 universam
1715 1439 1947 1511 Germaniam
1964 1465 2062 1512 nunc
2079 1445 2221 1533 vagari,
2244 1451 2305 1515 sed

1312 1540 1397 1612 huic
1428 1543 1559 1633 oppido
1594 1542 1736 1633 proprie
1760 1542 1946 1613 minitetur
1978 1543 2114 1633 positus
2144 1546 2305 1618 siderum

1313 1641 1382 1715 hoc
1395 1657 1578 1731 autumno.
1610 1640 1840 1735 Compertum
1858 1657 1910 1713 est
1926 1645 2022 1713 enim
2037 1646 2160 1717 multis
2178 1650 2305 1717 veteri-

1313 1748 1380 1817 bus
1396 1744 1719 1829 observationibus,
1743 1743 1929 1836 praecipue
1943 1738 2002 1814 hic
2021 1747 2306 1839 grassarlpesti-

1313 1847 1479 1931 lentiam,
1513 1868 1595 1915 curn
1625 1843 1801 1915 Saturnus
1831 1836 1974 1917 vehitur
2003 1845 2042 1915 in
2071 1843 2213 1934 Leone,
2245 1865 2306 1921 aut

1315 1947 1496 2042 Aquario,
1521 1959 1556 2018 et
1580 1944 1709 2016 sevicia
1732 1943 1850 2029 maior,
1868 1959 1939 2031 est,
1963 1970 2045 2018 cum
2066 1946 2105 2016 in
2126 1944 2250 2021 Leone
2272 1965 2306 2020 et

1315 2047 1475 2143 Aquario
1491 2060 1574 2119 sunt
1595 2046 1751 2139 oppositi
1765 2043 1942 2133 Saturnus
1961 2062 1995 2119 et
2016 2049 2125 2123 Mars.
2176 2052 2307 2124 Adfert

1315 2152 1419 2221 etiam
1433 2148 1668 2240 pestilentiam
1688 2145 1864 2217 Saturnus
1877 2140 1964 2219 huic
1981 2142 2126 2241 oppido,
2150 2153 2213 2220 sed
2236 2152 2307 2220 mi-

1316 2275 1383 2322 nus
1394 2274 1513 2322 sevam
1529 2249 1569 2337 io
1584 2246 1780 2339 terragonis
1793 2245 1938 2334 Leonis,
1965 2247 2113 2343 Scorpio
2126 2264 2162 2321 ct
2171 2249 2308 2323 Tauro.

1313 2350 1395 2425 Etsi
1420 2365 1537 2423 autem
1562 2344 1651 2435 haec
1673 2348 1812 2441 privata
1840 2351 1996 2443 pericula
2026 2352 2306 2422 sollicitudinem

375 2445 457 2548 lloc
472 2447 670 2539 exemplum
685 2445 907 2540 aequalitatis
921 2466 1130 2539 sequamur,
1157 2470 1268 2539 agno-
1315 2453 1420 2525 nobis
1445 2452 1629 2543 sdlemnt,
1660 2463 1780 2521 ιιιιιιιι
1804 2450 1919 2532 ιιιιιΙιο
1950 2451 2082 2523 maiore
2109 2453 2148 2518 in
2173 2453 2306 2522 dolone

278 2571 415 2621 scarum
430 2548 527 2642 quod
541 2547 764 2618 verissimum
780 2561 850 2633 est,
881 2571 947 2618 nos
961 2571 1043 2617 vere
1059 2561 1178 2618 sontes
1194 2572 1267 2619 esse
1315 2566 1400 2627 sunt
1429 2575 1551 2625 ornnes
1580 2546 1724 2623 honesti
1746 2543 1909 2622 homines
1930 2550 1971 2641 in
2000 2547 2056 2620 his
2078 2551 2305 2643 regionibus,

279 2651 454 2742 singulos,
478 2664 513 2720 et
527 2647 749 2739 singulorum
764 2649 901 2719 delictis
918 2649 1092 2719 cumulari
1109 2650 1268 2740 publices
1316 2668 1459 2748 propter
1472 2647 1538 2723 hos
1552 2650 1815 2723 confusissimos
1830 2651 2013 2732 tumultus,
2039 2651 2104 2745 qui
2119 2652 2191 2721 nisi
2203 2642 2305 2725 Deus

277 2751 449 2823 miserias.
508 2748 617 2841 Quod
639 2774 720 2818 cum
742 2749 965 2820 verissimum
988 2749 1056 2845 sit,·
1083 2750 1267 2821 doleamus
1316 2779 1435 2848 pacem
1450 2754 1620 2839 restituet,
1634 2752 2024 2851 tetramvastitatemad
2041 2766 2202 2845 posteros
2217 2752 2305 2849 effe-

278 2876 419 2938 omnes,
442 2865 478 2933 et
491 2876 511 2921 a
526 2849 600 2929 filio
616 2850 684 2920 Dei
699 2850 840 2922 veniam
861 2863 1020 2943 petamus
1028 2846 1043 2936 ,'
1062 2875 1127 2920 nec
1143 2846 1266 2921 effera-
1316 2857 1407 2927 ctori
1431 2868 1525 2929 sunt.
1577 2849 1656 2924 Oro
1675 2844 1787 2943 'igitur
1808 2852 1922 2923 lilium
1936 2849 2003 2922 Dei
2023 2852 2208 2937 dominum
2233 2877 2304 2923 no-

268 2979 355 3026 ¹mus
371 2976 448 3036 nos
473 2978 538 3023 nec
553 2952 647 3034 elati,
675 2974 781 3042 regna
797 2951 902 3021 nobis
917 2975 1118 3046 queramus,
1143 2964 1178 3022 et
1191 2975 1267 3021 am·
1314 2970 1428 3037 strum
1451 2955 1568 3027 lesum
1587 2949 1793 3041 Christum,
1824 2953 2113 3047 currilix'uuipro
2136 2953 2241 3022 nohis
2265 2967 2304 3024 et

277 3056 415 3127 bitione
427 3074 632 3127 moveamus
641 3047 834 3125 Ecclesiam
845 3048 1186 3142 etRempuDeinde'
1200 3052 1266 3123 bo-
1315 3058 1580 3145 rcsuscitatum,
1605 3056 1787 3127 custodem
1807 3050 1989 3127 Ecclesiae
2013 3076 2113 3135 suae,
2137 3066 2177 3123 ut
2196 3054 2305 3124 nobis

278 3181 325 3225 na
341 3156 642 3241 communicemus
653 3168 831 3234 amanter,
857 3153 1070 3238 doctrinam,
1096 3167 1130 3224 ct
1146 3154 1266 3224 omnia
1315 3184 1446 3253 poenas
1461 3159 1587 3249 leniat,
1614 3170 1649 3227 et
1663 3158 1837 3228 internos
1852 3153 2032 3228 Ecclesiae
2048 3154 2214 3247 reliquias
2229 3177 2303 3225 ser-

279 3254 425 3341 officia„
441 3278 531 3346 quae
545 3267 629 3322 sunt
644 3255 745 3322 nervi
761 3254 947 3340 societatis,
971 3255 1067 3327 docti
1083 3256 1267 3351 conserant
1315 3274 1391 3345 vet,
1415 3284 1482 3333 nec
1497 3261 1590 3329 sinat
1606 3257 1718 3341 deleri
1733 3257 1957 3348 disciplinam
1974 3272 2009 3328 ct
2025 3257 2207 3327 doctrinae
2226 3269 2302 3326 stn-

154 3434 159 3451 f
276 3355 409 3445 iudicia
434 3355 511 3425 sine
532 3350 741 3437 acerbitate,
774 3356 999 3423 concordiam
1022 3355 1266 3426 moderatione
1315 3365 1386 3436 dia,
1436 3361 1651 3454 Quanquam
1674 3370 1789 3442 autern
1816 3379 1862 3425 ue
1891 3358 1970 3426 fieri
2003 3356 2150 3451 quidem
2180 3355 2303 3447 potesl,

277 3459 479 3530 animorum
512 3466 697 3536 tueantur,
731 3451 902 3524 Doctores
929 3453 1080 3524 fideliter
1105 3457 1267 3542 doceant,
1315 3462 1404 3557 quin
1420 3463 1525 3532 dolor
1544 3460 1712 3552 impediat
1728 3481 1851 3529 omnes
1871 3458 1957 3527 alias
1974 3458 2225 3549 cogitationes,
2248 3472 2303 3526 ta-

276 3558 456 3630 auditores
476 3554 632 3627 studiose
654 3553 810 3640 discant,
840 3578 946 3624 nemo
969 3555 1265 3644 petulautcrtur-
1314 3587 1417 3643 men,
1443 3577 1483 3634 ut
1496 3563 1643 3652 remige,
1658 3561 1696 3630 ῐῃ
1710 3583 1790 3631 seva
1806 3573 2009 3653 tempestate
2024 3560 2175 3629 facimus
2192 3559 2304 3628 usim..

277 3663 338 3732 bet
351 3683 472 3752 pacem
487 3656 680 3751 publicam.
714 3651 757 3726 ln
771 3649 827 3726 his
841 3654 927 3750 ipsis
941 3655 1066 3729 officiis
1080 3658 1265 3747 discemus,
1314 3676 1367 3735 tas
1381 3686 1524 3756 operas,
1549 3662 1754 3756 praesertim
1769 3674 1848 3732 cum
1866 3660 1951 3745 velit
1966 3659 2063 3731 Deus
2079 3682 2144 3729 nos
2162 3681 2304 3750 sperare

277 3775 449 3858 (inanium
466 3760 601 3829 b⁰¹¹¹¹¹¹¹
618 3757 664 3828 ⁸5²
681 3757 892 3852 aequalitem
919 3771 954 3830 el
968 3781 1058 3852 quae
1072 3760 1265 3853 aequalitas
1303 3761 1506 3837 'Ecclesiam
1522 3787 1595 3834 non
1610 3764 1772 3835 funditus
1784 3762 2009 3833 interituram
2025 3783 2108 3845 esse,
2123 3759 2180 3828 cui
2192 3759 2306 3826 semi-

275 3861 353 3935 D²⁰
371 3862 517 3958 Placia·
565 3856 660 3931 Μ·
1314 3868 1414 3937 naaria
1437 3865 1669 3960 relinquenda
1689 3879 1790 3952 sunt,
1815 3864 1920 3935 etiam
1938 3862 1968 3933 si
1985 3884 2127 3951 magnae
2141 3857 2304 3927 difficul-

1315 3982 1401 4039 tates
1415 3970 1658 4039 adversantur.
1711 3965 1833 4056 Quare
1847 3987 1944 4035 nunc
1960 3984 2095 4057 quoquc
2111 3959 2303 4029 noluimus

1314 4073 1432 4140 deesse
1447 4080 1608 4139 nostrum
1625 4068 1780 4138 officium
1800 4063 1856 4137 his
1880 4062 2032 4135 honestis
2047 4062 2154 4147 viris,
2181 4059 2303 4154 publi-

273 4209 341 4283 ΝΟ,
363 4209 445 4282 Ῑῃ,
1099 4237 1150 4282 m·
1170 4217 1264 4284 Μ
1314 4196 1395 4241 cum
1410 4171 1591 4242 doctrinae
1607 4169 1848 4241 testimonium
1862 4165 2073 4260 petentibus.

283 4305 455 4335 Μ
1084 4305 1256 4343 Μ

460 4394 536 4483 ¹²⁶
561 4393 797 4506 ⁰“P'¹¹'⁰'¹⁶
822 4393 1081 4482 ΗΜ·
1313 4369 1731 4567 ιιιιῌῗιζξίἒίᾛΐ,
1744 4361 2303 4540 lz‘tlt„:”¹lt,fftl‘tf⁰t

1606 4525 1618 4557 l
2156 4517 2168 4550 ἱ

341 4566 481 4692 hfiid'
493 4567 616 4624 Dedan.
627 4564 661 4619 Τ·
670 4564 718 4624 ¹¹¹·
730 4566 819 4650 9³⁹⁵
830 4587 891 4639 ”tv
923 4565 1041 4668 ξω·
1054 4565 1087 4648 T:
1101 4565 1150 4622 ¹¹¹·
1163 4582 1193 4648 P:
1203 4568 1264 4623 ¹⁸⁰·
1312 4577 1398 4666 ipsis
1413 4576 1549 4650 artibus
1564 4574 1692 4643 multas
1706 4570 2062 4642 commonefactiones
2083 4581 2303 4658 proponunt,

402 4658 408 4691 ι
445 4634 685 4721 ard.'l'.l.p.617.
718 4637 805 4690 latiam
818 4646 984 4709 separatam.
1006 4633 1105 4690 Oratio
1119 4647 1262 4690 continens

376 4705 437 4761 tia.
451 4703 491 4760 to.
508 4703 667 4779 capuam,
682 4703 884 4763 usitatos.
899 4704 1022 4762 srmone.
1055 4696 1171 4760 Wtuk
1186 4704 1263 4766 1⁶52,
1312 4701 1460 4773 eamque
1477 4680 1524 4748 ob
1538 4698 1679 4746 causam
1696 4697 1799 4765 saepe
1815 4673 1854 4741 in
1866 4672 1955 4742 tales
1969 4690 2177 4759 congressus
2189 4661 2304 4736 histo-

373 4776 401 4831 ⁸·
419 4773 487 4880 Ψ·
1312 4780 1385 4849 riae
1401 4781 1529 4850 allatae
1544 4788 1640 4848 sunt.
1692 4772 1796 4846 Nunc
1817 4774 1925 4864 igitur
1939 4768 2125 4843 historiam
2141 4766 2305 4860 Capnio-

1218 4936 1227 4953 .
1312 4882 1370 4951 uis
1382 4881 1529 4951 recitare
1542 4878 1696 4959 decrevi,
1719 4876 1818 4946 cuius
1833 4874 2004 4945 memoria
2019 4898 2061 4942 eo
2076 4869 2215 4962 gratior
2230 4892 2305 4940 esse

275 4933 402 5003 Oratio
432 4942 624 5010 contineas
647 4933 847 5009 historiam
867 4938 1024 5008 loannis
1045 4937 1261 5027 Gopnionss,
1310 4983 1415 5053 debet
1451 4988 1454 4993 .
1501 4981 1560 5050 uia
1587 4993 1628 5049 u,
1651 4979 1816 5048 excitam
1839 4977 1958 5048 studia
1982 4975 2035 5043 lin
2086 4997 2129 5042 ae
2153 4967 2275 5043 ΕΜ

271 5030 506 5125 Piorceasis,
526 5046 693 5114 recitato
715 5060 741 5109 o
766 5041 899 5111 Mart.
924 5042 1113 5111 Simone
1136 5041 1262 5108 Bron-
1425 5028 1436 5060 ’
1477 5007 1500 5074 q
2037 4996 2085 5063 ευ
2275 4995 2305 5057 θ’

427 5135 654 5237 deburpenss‘
678 5144 816 5228 (Decsno
832 5150 955 5228 collegii
969 5146 1110 5228 philos).

1310 5108 1415 5178 quam
1437 5079 1614 5153 Ecclesiae
1638 5078 1869 5150 necessariam
1894 5101 1968 5148 esse
1990 5076 2223 5145 manifestum
2244 5088 2306 5158 est,

1309 5186 1445 5275 primus
1459 5186 1639 5266 omnium,
1664 5181 1726 5275 qui
1740 5180 1860 5250 latinis
1873 5179 1984 5249 literis
1997 5179 2053 5247 usi
2070 5189 2172 5260 sunt,
2196 5177 2307 5246 latine

266 5272 411 5357 Natura
426 5285 478 5356 ita
492 5285 541 5372 fit,
566 5302 606 5357 ιιι
621 5287 799 5361 intuentes
813 5312 867 5375 ea,
892 5312 983 5382 quae
997 5290 1086 5362 hunt
1101 5291 1138 5359 in
1155 5311 1258 5384 prae·
1307 5284 1585 5359 Grammaticam
1595 5282 1746 5355 Ebream
1764 5295 1798 5353 et
1807 5275 2058 5374 ὀνομαστικὸν
2065 5278 2198 5363 edidit,
2212 5279 2308 5349 mul·

263 5388 399 5475 sentia,
430 5413 505 5460 non
534 5388 652 5461 solum
677 5415 865 5486 queramus
889 5391 1101 5482 cogitatione
1127 5391 1256 5465 similia
1307 5400 1431 5486 sosque
1444 5393 1482 5462 in
1493 5386 1687 5463 Germania
1702 5397 1739 5456 et
1751 5384 1851 5469 alibi,
1873 5408 1948 5454 non
1965 5381 2081 5452 solum
2097 5385 2150 5453 sd
2165 5377 2308 5458 Ebrear
