4732 6030
117 240 123 250 “
253 264 328 343 ιιι
791 251 953 338 nucu.
994 256 1070 334 ua
1103 253 1383 337 ouanrno
1413 254 1565 335 nucu
1597 258 1725 344 nav.
2216 287 2293 368 46,

253 438 392 514 Deinde
415 436 498 533 quia
521 429 694 505 eiusmodi
715 447 962 520 argumentum
986 434 1113 521 affero,
1143 437 1242 529 quod
1293 431 1340 503 tis
1353 432 1563 503 memoriam
1577 452 1843 527 permanerunt.
1888 437 1944 514 Ex
1961 446 2092 541 quibus
2107 454 2212 529 facile
2227 464 2293 533 ad.

253 544 370 637 ipsum
390 564 453 632 per
477 560 512 605 se
535 533 708 604 delectare
727 534 906 604 auditores
928 549 1061 628 potest,
1088 537 1194 607 etiam
1211 538 1242 606 si
1293 546 1413 625 paret,
1440 558 1545 627 quam
1568 536 1680 607 multa
1698 542 1895 630 praeclara,
1920 559 1955 618 et
1977 551 2174 628 immortali
2197 563 2291 636 fama

254 646 330 716 sine
363 636 530 711 Oratorio
563 635 752 726 splendore
785 637 962 712 recitetur.
1014 634 1114 708 Nihil
1146 637 1241 708 enirn
1293 648 1400 728 atque
1415 636 1652 708 admiratione
1669 639 1796 730 digna,
1821 643 2044 738 interierint,
2073 671 2109 730 et
2124 663 2181 731 vel
2204 661 2292 738 hinc

254 742 426 814 efficacius
448 751 501 809 est
521 738 567 807 ad
583 737 778 807 movendos
793 738 930 809 animos
946 740 1144 825 bonorum,
1168 741 1242 830 ipsa
1294 736 1474 807 aestimari
1492 752 1624 828 potest,
1656 755 1829 834 quantum
1853 747 1900 818 sit
1925 749 1965 820 in
1992 756 2099 829 rebus
2120 755 2291 838 humanis

252 846 394 915 virtute.
443 836 887 923 Commemoraboautem,
914 843 1092 933 quoddam
1110 843 1240 911 facttum
1294 837 1477 908 literarum
1494 840 1723 928 beneficium,
1749 845 2084 945 quibusdebemus‚
2105 869 2200 956 quod
2220 870 2290 938 nli.

251 941 480 1036 lmperatoris
494 936 678 1011 Chunradi
692 938 812 1026 suevi,
828 941 925 1035 quod
940 943 1077 1012 utinam
1092 966 1154 1034 ego
1170 956 1241 1013 tam
1293 939 1399 1031 quid,
1424 940 1600 1034 quidquid
1616 955 1677 1028 est,
1699 939 1817 1016 adhuc
1832 972 1957 1023 eorum
1972 972 2096 1046 restat,
2119 970 2290 1062 quodque

252 1047 404 1118 dicendo
429 1066 556 1114 ornare
578 1063 734 1132 possem,
760 1067 865 1136 quam
889 1045 1087 1136 exemplum
1107 1067 1241 1114 memo·
1293 1063 1368 1110 non
1382 1042 1427 1109 ad
1444 1064 1556 1110 unum
1574 1044 1705 1129 omnia,
1730 1069 1895 1120 unacum
1913 1063 2136 1150 corporibus,
2162 1071 2287 1141 eodem

252 1148 364 1218 rabile
397 1159 469 1226 est,
509 1158 543 1216 et
567 1143 713 1235 plenum
749 1139 999 1231 humanitatis,
1035 1169 1241 1238 summaque
1293 1141 1438 1232 pulvere
1454 1143 1582 1213 obruta
1597 1166 1637 1213 ac
1650 1147 1785 1238 sepulta
1801 1166 1894 1224 sunt
1926 1154 2101 1234 Nosvero
2117 1167 2173 1253 iis,
2194 1195 2287 1265 quaa

251 1250 358 1319 laude
380 1247 541 1336 dignum.
599 1243 800 1315 Plurimum
826 1269 910 1315 vero
937 1249 1116 1330 moribus,
1155 1242 1241 1316 haec
1292 1255 1423 1323 extant,
1441 1244 1576 1332 perfrui
1592 1248 1700 1320 decet.
1726 1246 1954 1348 Quapropter
1969 1254 2155 1338 historiam
2169 1294 2285 1364 quan.

251 1348 506 1421 moderationis
539 1360 574 1416 et
608 1345 814 1415 clementiae
841 1349 997 1438 exempla
1026 1349 1241 1434 conducunt,
1292 1345 1374 1414 dam
1401 1344 1470 1429 rei,
1510 1340 1747 1419 aChunrado
1771 1349 1889 1426 Suevo
1915 1356 2130 1453 Imperatore
2160 1387 2284 1462 gestae,

252 1452 334 1547 quia
352 1451 391 1520 in
410 1450 460 1520 eis
475 1442 519 1520 τὸ
540 1440 699 1540 ἠθικὸν,
727 1449 823 1539 quod
840 1462 880 1519 ut
894 1449 1166 1535 suavissimum,
1191 1449 1239 1520 ita
1292 1440 1360 1516 hoc
1375 1445 1414 1514 in
1431 1446 1527 1530 loco,
1552 1460 1592 1516 ut
1607 1462 1750 1537 potero,
1777 1476 2054 1536 commemorare
2067 1470 2221 1561 decrevi,
2243 1477 2281 1547 iu

251 1554 290 1623 in
306 1552 430 1645 primis
443 1551 593 1622 amabile
611 1561 679 1629 est,
704 1548 890 1640 praecipue
906 1550 1009 1622 lucet.
1060 1547 1108 1622 Et
1123 1551 1240 1621 nescio
1293 1569 1362 1639 qua
1379 1547 1499 1616 videre
1514 1560 1566 1618 est
1589 1548 1727 1639 insigne
1747 1558 1947 1649 exemplum
1968 1564 2127 1655 pietatis,
2153 1568 2282 1646 huma-

250 1679 297 1725 an
312 1677 469 1746 unquam
483 1651 594 1741 magis
606 1671 696 1741 opus
709 1650 828 1734 fuerit,
851 1653 1004 1742 proponi
1020 1652 1116 1733 talia,
1134 1676 1239 1745 quam
1291 1648 1413 1717 nitatis
1440 1672 1479 1717 ac
1498 1671 1655 1719 summae
1677 1653 1942 1735 moderationis.
1990 1661 2080 1738 llam
2097 1675 2183 1742 dum
2201 1678 2282 1747 bre-

250 1751 319 1824 hoc
335 1766 458 1824 nostro
478 1775 558 1821 vere
578 1750 781 1820 calamitoso
799 1763 833 1821 et
857 1753 1163 1823 turbulentissimo
1185 1777 1240 1823 se·
1291 1749 1383 1819 viter
1396 1772 1553 1840 expono,
1573 1774 1636 1820 vos
1654 1752 1806 1845 benigne
1820 1781 1934 1851 spero,
1955 1786 2018 1855 pro
2032 1785 2147 1844 vestra
2160 1776 2278 1846 facili·

251 1857 352 1941 culo,
385 1879 455 1948 quo
477 1865 572 1922 tanta
595 1865 646 1923 est
675 1846 861 1922 hominum
883 1867 987 1946 atque
1014 1854 1239 1944 ingeniorum
1291 1863 1362 1920 tate
1378 1863 1482 1943 atque
1498 1852 1771 1944 aequanimitate
1788 1863 2042 1938 auscultaturus
2057 1895 2141 1943 esse.
2185 1873 2279 1948 Ges-

248 1957 370 2028 feritas
394 1968 428 2026 et
451 1952 631 2037 violentia,
657 1965 823 2046 quantam
837 1952 897 2023 vix
912 1955 1009 2047 credi
1025 1968 1139 2047 potest
1154 1955 1240 2026 ullis
1291 1950 1336 2022 sit
1351 1945 1421 2031 bic,
1446 1974 1552 2044 quem
1569 1953 1669 2040 dico,
1690 1952 1886 2051 Imperator
1900 1960 2112 2044 Chunradus
2128 1972 2279 2066 suevus,

249 2073 345 2130 retro
368 2055 587 2149 temporibus
611 2055 730 2125 fuisse.
783 2052 915 2126 Merito
939 2079 1023 2126 vero
1040 2080 1106 2128 nos
1127 2056 1239 2147 magis
1275 2075 1370 2121 -cum
1393 2051 1462 2121 alia
1485 2053 1597 2124 multa
1619 2056 1730 2138 bella,
1756 2076 1903 2154 propter
1926 2067 2042 2159 legum
2065 2087 2100 2146 et
2122 2074 2281 2152 iusticias

249 2173 389 2244 nostra,
420 2182 525 2253 quam
551 2169 693 2227 externa
713 2170 874 2226 movent:
911 2180 994 2228 nam
1019 2157 1238 2249 ingratitudo
1291 2153 1549 2235 defensionem,
1574 2169 1610 2227 et
1623 2164 1905 2252 componendam
1920 2191 1962 2239 ae
1976 2173 2225 2249 stabiliendam
2241 2182 2280 2251 in

250 2264 422 2356 quaedam
444 2272 513 2344 est,
541 2272 675 2329 tantum
699 2257 882 2348 peregriua
904 2272 939 2329 et
958 2260 1082 2351 procul
1106 2259 1238 2329 adscita
1292 2252 1446 2346 Imperio
1460 2279 1602 2347 pacem,
1626 2270 1703 2330 tum
1719 2286 1805 2335 vero
1816 2279 1938 2338 eontra
1952 2265 2125 2346 Guelt'um
2141 2279 2283 2353 diutur-

250 2362 445 2446 admirari,
462 2384 523 2431 sua
545 2385 584 2430 ac
602 2359 793 2428 domestica
818 2360 1005 2448 negligere.
1057 2358 1239 2450 Quemad·
1290 2379 1397 2436 num,
1429 2357 1599 2450 varioque
1619 2375 1749 2436 eventu
1771 2365 1906 2438 bellum
1929 2371 2044 2460 gessit.
2102 2374 2158 2448 De
2178 2383 2279 2454 cuius

249 2466 397 2534 modum
412 2463 506 2532 enim
525 2461 669 2555 quidam
686 2452 849 2529 homines
865 2455 932 2531 boc
948 2462 1035 2532 vitio
1053 2462 1238 2561 oculorum
1291 2457 1376 2527 belli
1398 2458 1529 2544 rauais,
1560 2482 1634 2529 non
1656 2462 1773 2535 dicam
1795 2466 1834 2537 iu
1858 2475 2076 2561 praesentia,
2109 2501 2156 2548 ne
2175 2479 2277 2565 mihi,

248 2567 432 2650 laborant,
458 2577 497 2634 ut
511 2575 649 2633 tantum
666 2584 756 2654 quae
778 2561 902 2653 procul
925 2564 1039 2653 posita
1054 2575 1157 2649 sunt,
1184 2563 1239 2633 vi·
1291 2561 1376 2629 dum
1399 2559 1537 2648 singula
1566 2585 1780 2658 persequor,
1807 2586 1979 2645 aocmcat
2000 2577 2136 2661 oratio,
2170 2606 2277 2675 quam

249 2670 373 2752 deaut,
408 2665 567 2759 proxima
592 2687 697 2745 vero,
736 2685 896 2756 quaeque
918 2678 997 2735 ante
1025 2667 1131 2757 pedes
1149 2678 1239 2753 *sunt
1291 2683 1375 2750 ego,
1400 2674 1441 2730 ut
1460 2661 1659 2749 brevissit,
1682 2664 1723 2735 in
1741 2690 1851 2759 pauca
1866 2672 2025 2765 redigere
2045 2681 2188 2769 studeo,
2214 2688 2277 2756 sed

250 2771 336 2853 sita,
367 2791 442 2837 non
467 2766 768 2836 animadvertant:
802 2765 850 2836 ita
876 2765 1019 2858 quidam
1044 2761 1110 2836 hoc
1127 2766 1237 2835 animi
1290 2775 1408 2832 tamen
1436 2763 1520 2832 satis
1545 2785 1667 2852 graves
1695 2790 1736 2838 ae
1759 2775 1967 2845 necessarias
1988 2778 2097 2850 fuisse
2118 2798 2276 2872 constat3

248 2872 376 2941 morbo
398 2869 513 2939 affecti
536 2879 640 2952 sunt,
670 2878 710 2936 ut
729 2861 824 2936 nihil
846 2881 966 2937 ament
987 2868 1057 2936 nisi
1083 2869 1238 2958 peregri·
1290 2886 1372 2931 nam
1396 2864 1508 2935 nostri
1531 2858 1697 2938 homiues
1715 2892 1789 2941 non
1807 2887 1956 2958 temere,
1980 2901 2045 2950 nec
2067 2881 2206 2956 levibus
2230 2889 2276 2958 de

249 2996 338 3045 num
364 2984 399 3040 et
422 2968 547 3062 procul
563 2968 726 3060 petitum:
754 2968 935 3040 fastidiant
961 2982 1067 3062 atque
1092 2971 1238 3060 adsper-
1289 2965 1422 3047 causis,
1449 2966 1541 3035 bella
1559 2969 1755 3062 suscipere,
1777 2987 1838 3045 aut
1853 2998 1949 3048 arma
1966 3003 2106 3053 movere
2124 3009 2276 3058 consue·

250 3087 402 3155 nentur,
422 3071 597 3164 quidquid
613 3069 854 3155 vernaculum,
879 3082 913 3141 et
927 3071 1024 3140 domi
1038 3083 1159 3141 uatum
1176 3084 1238 3140 est.
1289 3079 1428 3140 verunt.
1460 3064 1549 3139 Erat
1563 3082 1682 3141 autem
1697 3071 1759 3143 ille
1774 3071 1924 3148 Guelfua
1939 3074 2154 3155 Bavarorum
2169 3085 2276 3158 Prin-

250 3171 325 3263 Qni
345 3195 430 3241 vero
457 3172 587 3240 rectius
616 3186 746 3240 mente·
760 3172 896 3252 valent,
927 3166 967 3242 hi
996 3195 1058 3243 sua
1082 3172 1235 3265 primum
1288 3189 1387 3259 ceps,
1411 3182 1444 3239 et
1459 3169 1633 3240 nonnulla
1650 3169 1801 3245 Sueviae
1817 3180 1948 3268 oppida
1965 3186 2114 3258 tenebat.
2159 3184 2277 3282 Atque

249 3275 345 3344 buna
368 3285 563 3360 agnoscunt
588 3283 623 3341 et
645 3272 916 3361 amplectuntur.
955 3270 1047 3342 Nam
1061 3298 1142 3344 cum
1156 3299 1237 3343 ora·
1289 3269 1334 3338 ab
1357 3292 1396 3338 ea
1417 3268 1552 3339 familia
1566 3269 1929 3361 ComitesaZolleru,
1955 3284 2085 3357 deinde
2104 3288 2276 3379 originem

250 3377 331 3447 culo
349 3373 514 3443 iubemur
529 3395 594 3441 uos
611 3371 705 3461 ipsos
727 3393 850 3457 nosse,
876 3373 913 3441 id
927 3396 1002 3463 eam
1021 3375 1151 3467 opinor
1163 3374 1235 3442 vim
1288 3368 1447 3450 duxisse,
1479 3387 1685 3462 argumento
1706 3392 1775 3463 eat,
1806 3379 1944 3451 catulus
1970 3383 2110 3476 insigne
2133 3393 2276 3480 gentili-

248 3473 391 3560 habere,
415 3489 455 3546 ut
469 3487 543 3545 tum
557 3472 655 3558 vitia,
676 3474 706 3542 ai
723 3495 793 3564 qua
810 3474 848 3545 in
864 3474 969 3551 uobis
984 3469 1141 3561 haerent,
1160 3490 1236 3546 tum
1289 3470 1378 3539 tium
1395 3471 1473 3541 eius
1486 3473 1652 3561 familiae,
1675 3501 1780 3570 quem
1795 3493 1830 3550 et
1845 3479 2074 3558 Marcbiones
2088 3486 2278 3564 Brunden-

249 3579 356 3650 etiam
380 3578 474 3647 bona
498 3590 616 3649 nostra
641 3597 845 3662 noscamus,
873 3574 934 3645 illa
957 3589 999 3646 ut
1021 3577 1236 3667 corrigamus
1289 3573 1496 3662 burgenses,
1528 3576 1589 3667 qni
1618 3581 1759 3650 eosdem
1787 3582 1842 3650 sui
1867 3587 2005 3671 generis
2028 3615 2067 3659 ae
2089 3594 2276 3682 sanguinis

248 3703 289 3751 ac
307 3680 476 3761 vitemus,
493 3673 579 3747 baec
593 3690 634 3747 ut
647 3675 847 3763 excitemus,
872 3690 905 3747 et
921 3700 1123 3767 augeamus,
1139 3678 1236 3749 iuxta
1288 3688 1428 3745 autores
1442 3676 1582 3763 ferunt,
1608 3691 1647 3748 ut
1664 3693 1818 3752 vetustae
1840 3684 1988 3774 originis
2002 3709 2274 3765 monumentum

248 3780 377 3852 veteris
392 3778 573 3874 proverbii
587 3778 814 3849 seutentiam:
840 3776 1022 3871 Spartam,
1048 3801 1235 3873 quamna-
1287 3776 1325 3843 in
1348 3776 1456 3865 galeis
1479 3789 1625 3867 gestant.
1684 3778 1781 3853 lnter
1801 3779 1896 3855 bunc
1915 3789 2023 3878 igitur
2043 3788 2212 3863 Guellnm
2236 3811 2275 3869 et

249 3896 326 3954 ctus
342 3906 395 3967 es,
420 3905 496 3953 eam
512 3902 646 3954 oruea..
678 3877 744 3951 Eat
760 3902 843 3950 vero
865 3904 992 3973 operae
1008 3881 1165 3972 precium
1179 3881 1234 3950 vi·
1286 3873 1519 3947 chunradum
1535 3877 1712 3968 suevum,
1736 3909 1815 3955 cnm
1833 3911 1895 3977 per
1909 3889 2044 3986 aliquot
2059 3918 2182 3982 annos,
2208 3922 2274 3968 va-

248 3985 351 4070 dere,
375 3994 506 4078 quanta
528 3982 636 4053 fuerit
655 3979 881 4073 simplicitas,
905 3983 1082 4073 probitas,
1105 3997 1140 4056 et
1164 3978 1234 4054 bu·
1286 3979 1400 4050 riante
1415 3979 1559 4051 fortuna
1575 3999 1752 4070 eventum,
1773 3988 2013 4079 belligeratum
2031 4009 2130 4080 esset,
2155 4012 2189 4069 et
2205 4021 2275 4069 an-

247 4087 398 4159 manitas
425 4085 598 4154 maiorum
622 4093 825 4151 nostrorum
850 4096 1007 4153 veterum
1033 4082 1234 4156 Germano-
1286 4079 1385 4172 cipiti
1398 4104 1500 4174 saepe
1517 4080 1635 4154 Marte
1650 4101 1861 4176 pugnatum,
1886 4091 2031 4163 vulnera
2048 4098 2158 4168 muln,
2176 4123 2274 4172 mm,

247 4210 346 4271 rum,
372 4208 523 4279 quorum
538 4183 639 4261 facta,
665 4181 695 4248 si
711 4181 822 4251 literis
839 4183 991 4271 prodita,
1016 4185 1046 4251 si
1062 4187 1106 4253 ab
1121 4181 1233 4256 histo·
1286 4182 1401 4268 illata‚
1427 4206 1524 4254 nunc
1538 4185 1693 4255 vicissim
1712 4204 1870 4281 accepta,
1896 4197 2039 4264 tandem
2056 4201 2214 4273 constitit
2234 4204 2272 4275 gd

247 4283 302 4357 ria
315 4286 430 4355 lucem
445 4283 666 4374 accepissent,
690 4292 731 4350 ut
744 4280 1063 4374 quaeallomanis
1073 4298 1107 4356 et
1120 4284 1233 4356 Grae·
1285 4285 1419 4355 bellum
1440 4287 1485 4354 ad
1507 4285 1678 4377 oppidum
1695 4288 1907 4385 Winsberg.
1958 4295 2074 4386 Quem
2094 4300 2131 4368 in
2153 4303 2271 4374 locum

248 4387 298 4458 cis
319 4399 414 4476 gesta
435 4396 537 4468 sunt,
560 4407 641 4453 cum
660 4383 820 4473 utrisque
841 4376 938 4452 haud
960 4384 1087 4469 dubie,
1120 4401 1234 4458 essent
1285 4384 1437 4456 Guelfus
1450 4410 1575 4458 omnes
1586 4387 1679 4458 vires
1694 4412 1774 4460 suaa
1789 4397 1998 4483 contulerat,
2012 4423 2163 4496 eumque
2175 4428 2273 4474 corn.

247 4489 347 4560 omni
371 4508 497 4577 genere
527 4482 904 4576 praestantissimarum
927 4484 1098 4555 virtutum
1122 4502 1232 4557 certa-
1284 4487 1472 4572 munierat,
1496 4502 1546 4572 ut,
1567 4513 1648 4559 cum
1664 4491 1772 4563 amuis
1789 4506 1903 4567 tutare
1918 4498 2034 4591 impar
2054 4517 2152 4589 esset,
2177 4506 2271 4577 vallo

129 4605 132 4611 '
247 4603 340 4662 tura.
390 4586 461 4661 Sed
476 4587 544 4658 fuit
560 4585 621 4656 illa
644 4598 736 4654 aetas
752 4584 935 4656 literarum
954 4600 989 4659 et
1011 4589 1232 4680 eloquentiae
1283 4612 1324 4657 ac
1344 4590 1532 4660 moenibus
1553 4613 1628 4659 sese
1646 4605 1832 4667 tutaretur.
1890 4594 2068 4673 Obsessus
2090 4618 2142 4676 est
2163 4607 2273 4700 igitqr

245 4693 363 4776 rudis,
388 4713 477 4785 quae
493 4713 558 4759 uec
579 4686 776 4758 describere
800 4691 1003 4770 commode,
1027 4691 1139 4759 multo
1162 4693 1232 4759 mi·
1281 4684 1530 4774 aChuuradu,
1554 4705 1588 4761 et
1604 4706 1684 4782 post
1696 4696 1826 4768 ultas
1846 4720 1887 4767 ac
1907 4700 2070 4774 difficiles
2089 4729 2273 4800 oppugna.

244 4816 314 4864 nus
328 4817 455 4863 ornare
473 4805 527 4863 tut
543 4789 695 4879 insignia
714 4789 822 4874 facta,
847 4803 881 4860 et
896 4813 952 4860 res
973 4791 1150 4882 praeclare
1171 4814 1230 4882 ge·
1282 4791 1415 4877 tiones,
1440 4814 1527 4885 quaa
1546 4793 1714 4868 sustinuit
1734 4798 1893 4889 fortiter,
1918 4805 2061 4874 tandem
2085 4809 2213 4896 armis,
2237 4826 2272 4884 et

245 4909 315 4967 stas
340 4893 472 4985 potuit;
503 4891 688 4983 Principes
717 4913 800 4960 vero
824 4890 892 4983 ipsi
921 4894 1031 4983 magis
1051 4893 1230 4965 effectores
1281 4907 1435 4965 extremo
1452 4888 1692 4968 bumanorum
1711 4900 1907 4984 malorum,
1932 4905 2025 4975 lame
2040 4902 2271 4999 expugnatus,

242 5019 451 5088 magnarum
473 5018 613 5078 rerum,
638 5014 744 5086 quam
766 5005 999 5064 ostentatores
1019 5016 1092 5064 esse
1109 4999 1229 5066 stude·
1281 5008 1420 5066 coactus
1434 5009 1486 5068 est
1498 4995 1588 5070 irato
1603 5000 1744 5086 victori,
1769 5001 2038 5098 quibuscunque
2052 5011 2272 5084 conditioni-

241 5100 340 5171 bant.
400 5095 496 5168 Hinc
519 5096 652 5165 lactum
678 5106 748 5179 est,
779 5105 819 5165 ut
844 5093 956 5167 multa
979 5095 1229 5182 illustrissima,
1280 5096 1365 5181 bus,
1390 5119 1427 5167 se
1442 5111 1478 5170 et
1496 5120 1578 5170 snos
1594 5102 1734 5175 dedere.
1785 5102 1841 5173 lbi
1862 5100 2058 5197 lmperator
2080 5117 2270 5205 praecepit,

241 5216 277 5275 et
292 5196 514 5272 admirabilia
528 5194 669 5268 virtutis
683 5218 809 5288 opera,
830 5196 1045 5268 diuturnitas
1060 5201 1228 5290 temporis
1278 5211 1319 5268 ut
1334 5196 1497 5287 Guellua,
1521 5203 1729 5296 caeterique,
1743 5205 1805 5296 qui
1819 5230 1899 5276 cum
1916 5233 1958 5279 eo
1973 5211 2106 5281 obaeaai
2118 5215 2273 5304 fuerant,

241 5318 276 5376 et
297 5300 433 5374 oblivio
455 5296 665 5369 aboleverit:
695 5300 870 5390 quaedam
898 5311 1036 5384 temen,
1067 5300 1165 5371 velut
1185 5324 1227 5370 ex
1277 5294 1436 5373 Berones
1459 5317 1495 5376 et
1519 5306 1691 5398 equestris
1709 5306 1848 5376 ordinis
1870 5309 1939 5379 viri
1957 5311 2066 5383 vincti
2088 5314 2127 5382 in
2145 5331 2267 5387 custo-

240 5403 406 5478 ineendio
414 5412 485 5474 aut
497 5399 603 5471 ruina
622 5412 758 5492 erepta,
781 5400 827 5470 ad
849 5411 990 5473 nostrae
1004 5423 1116 5496 usque
1130 5415 1226 5473 aeta-
1276 5402 1375 5476 diam
1400 5407 1643 5493 traderentur,
1674 5420 1715 5478 ut
1747 5407 1786 5476 in
1821 5432 1880 5480 eos
1906 5411 1986 5483 iure
2009 5413 2097 5484 belli
2122 5433 2269 5512 propter
