4732 6030
109 248 184 320 888
727 242 884 335 DECL.
916 240 991 317 DE
1023 242 1375 326 CONCORDIA
1406 269 1491 324 rte.
2071 232 2146 319 334

111 435 164 493 tes
177 419 366 497 tumultus,
392 441 545 510 quorum
562 419 674 488 exitus
689 441 733 486 ne
748 443 843 489 nunc
860 419 1002 513 quidem
1018 442 1102 510 pro·
1154 428 1246 498 dem.
1296 423 1512 493 Huiusmodi
1528 422 1617 491 ritus
1633 421 1749 490 varios
1765 421 1923 510 singulae
1941 434 2061 508 gentes
2076 417 2142 492 lra-

113 524 201 617 epici
218 534 342 612 potest.
391 518 466 589 Cur
489 516 547 589 hic
568 520 758 590 nonvenit
778 522 815 589 in
838 536 992 595 mentem
1008 520 1102 590 caeci
1153 529 1256 607 beut,
1283 527 1344 619 qui
1370 539 1403 595 et
1425 525 1556 615 recepti
1581 537 1614 593 et
1631 526 1826 593 conservati
1843 536 1943 606 sunt,
1973 523 2056 614 quia
2075 523 2142 591 ali-

113 640 148 696 et
164 623 298 708 claudi,
320 635 361 692 nt
375 623 508 693 mutuis
524 624 648 692 officiis
662 623 894 711 cogitaremus
909 624 1100 692 iuvandam
1153 631 1237 721 quid
1258 633 1301 696 de
1314 629 1473 697 moribus
1488 626 1743 715 significabant.
1803 622 2054 692 Accommodat
2075 624 2140 712 igi.

112 748 187 796 esse
200 723 378 816 Rempub.
394 748 469 793 non
485 726 673 794 acerbitate
688 725 888 793 animorum
903 725 1100 793 dilaceran-
1153 745 1210 801 tur
1221 727 1432 800 Plutarchus
1448 725 1544 798 hune
1560 730 1667 797 rituru
1679 729 1720 794 ad
1739 728 1887 795 fratrum
1902 725 2142 808 concordiam,

112 828 221 897 dam?
268 824 406 896 Romae
422 826 625 915 Scipionem
641 827 772 918 optime
791 826 956 896 meritum
976 829 1021 894 de
1039 850 1100 917 pa·
1152 857 1191 900 ac
1216 833 1353 899 moneri
1380 856 1438 901 eos
1462 825 1530 899 boc
1550 829 1707 920 exemplo
1731 829 1798 908 ait,
1831 840 1871 896 ut
1900 838 2064 910 caveant,
2095 849 2140 895 ne

29 986 34 994 .
110 931 195 1013 tria,
218 929 332 995 invidi
350 929 442 996 cives
457 928 568 1020 aliqui
585 930 812 1007 allatrarunt,
838 929 966 1021 quihus
982 928 1042 995 ille
1059 952 1100 995 ex
1153 935 1231 1027 quis
1247 935 1353 1023 lapis,
1378 929 1444 1001 hoc
1457 945 1526 1011 est,
1547 956 1592 1000 ne
1606 932 1677 999 ulla
1694 929 1843 999 offensio
1860 928 2005 996 divellat
2017 951 2141 996 eorum

109 1033 198 1100 urbe
213 1032 334 1099 cedere
352 1029 494 1113 maluit,
517 1054 622 1121 quam
638 1030 787 1099 excitare
803 1031 953 1099 maiores
967 1030 1101 1099 tumul·
1151 1037 1305 1119 aniuros3
1333 1050 1366 1104 et
1385 1035 1498 1127 siqua
1516 1034 1681 1102 inciderit
1696 1032 1866 1115 offensio,
1886 1042 1927 1099 ut
1940 1030 2039 1098 illam
2055 1053 2140 1098 eon-

110 1146 167 1203 tus
192 1127 435 1200 vebementius
457 1135 703 1204 concertando.
767 1131 818 1201 lta
841 1157 920 1201 cum
945 1156 1019 1199 non
1037 1132 1099 1199 ab·
1152 1137 1262 1206 iuncti
1282 1138 1514 1216 circumeant,
1541 1130 1609 1204 hoc
1627 1149 1695 1217 est,
1728 1133 1973 1216 dissimulent,
1999 1132 2142 1202 deleant

111 1237 256 1304 duceret
271 1256 351 1300 eum
368 1233 514 1302 ambitio
528 1257 547 1301 a
563 1234 821 1318 moderatione,
840 1235 1026 1309 ,communi
1045 1257 1100 1300 sa·
1152 1241 1327 1307 exanimo
1352 1252 1385 1307 et
1410 1241 1625 1324 extinguant.
1684 1234 1781 1303 Haec
1805 1235 1917 1304 virtus
1932 1258 2005 1302 non
2024 1234 2141 1301 solum

112 1336 246 1405 lutiae
276 1334 522 1425 tranquillitati
553 1336 686 1427 optime
714 1335 903 1407 consuluit.
967 1333 1100 1404 Contra
1152 1341 1300 1433 privatis
1322 1339 1483 1423 familiis,
1518 1341 1578 1405 sed
1599 1335 1752 1426 Reipub.
1776 1349 1811 1405 et
1826 1333 2001 1403 Ecclesiae
2018 1356 2140 1402 neees-

111 1435 452 1527 flagitioseMarius,
488 1440 549 1529 qui
568 1461 646 1506 cum
663 1453 826 1509 ureretur
841 1437 953 1527 gloria
971 1435 1100 1530 Syllae,
1152 1443 1242 1511 saria
1258 1455 1320 1515 est.
1373 1438 1840 1534 ltaqueextantin'seriptis
1861 1437 2142 1527 sapientissimo·

112 1553 259 1609 conatus
275 1550 326 1605 est
346 1562 425 1605 eum
448 1538 484 1605 vi
500 1539 665 1628 spoliare
683 1539 836 1609 exercitu
855 1554 889 1608 et
908 1538 1100 1628 provincia,
1152 1569 1230 1616 mm
1253 1539 1440 1611 hominum
1465 1541 1690 1631 gravissimae
1713 1539 1919 1620 conciones,
1950 1532 2142 1632 quaehor.

110 1641 259 1732 patriam
293 1638 470 1727 implicuit
500 1641 743 1709 crudelissimo
769 1641 1099 1732 luctuosissimoque
1152 1662 1292 1730 rantur,
1325 1659 1366 1715 ut
1387 1645 1612 1713 concordiam
1639 1657 1819 1723 tueamur,
1853 1653 1893 1708 ut
1918 1639 2048 1729 placari
2074 1661 2141 1707 nos

109 1743 216 1814 bello.
266 1741 337 1811 Sed
360 1741 520 1809 omnium
536 1743 734 1812 seculorum
749 1757 854 1836 atque
874 1758 1026 1811 aetatum
1043 1737 1099 1807 hi·
1152 1750 1326 1826 rinamus,
1359 1748 1598 1815 utredeamus
1619 1745 1657 1811 in
1676 1744 1824 1832 gratiam
1851 1764 1929 1810 cnm
1952 1741 2016 1828 iis,
2051 1765 2141 1832 quo.

109 1845 236 1914 ⁸l⁰fl²⁸
259 1845 486 1934 Plffllesll'lt
508 1845 766 1933 exemplfflums
798 1844 836 1912 5¹¹
857 1845 987 1935 quibtss
1014 1864 1099 1909 ⁶0¹¹·
1152 1873 1230 1918 rum
1246 1847 1355 1914 animi
1379 1860 1461 1916 sunt
1477 1847 1660 1916 sanabiles.
1713 1841 1802 1913 Cum
1819 1856 1937 1937 autem
1955 1844 1998 1910 de
2014 1837 2070 1909 bis
2084 1865 2141 1910 re-

111 1947 196 2038 spici
212 1959 343 2034 potest,
363 1966 465 2032 saepe
480 1945 669 2014 certamina
686 1966 849 2028 accensa,
871 1968 932 2013 seu
948 1944 1098 2035 quadarn
1151 1955 1234 2031 bus,
1259 1948 1328 2016 loci
1349 1948 1602 2037 scripturarum
1621 1947 1722 2014 vobis
1742 1946 1817 2014 noti
1833 1944 1921 2027 sint,
1947 1944 2048 2012 nolui
2068 1966 2141 2011 esse

111 2040 322 2114 morosilaltt
351 2044 594 2132 ingeniorum,
635 2068 697 2114 seu
730 2046 823 2115 odiis
855 2059 917 2114 aui
951 2044 1099 2127 invidia,
1150 2052 1331 2144 prolixior.
1384 2048 1541 2119 ‘santum
1557 2049 1646 2116 illud
1660 2072 1809 2130 moneo,
1836 2048 1929 2138 quod
1953 2048 2046 2135 apud
2063 2042 2142 2113 Ho.

110 2147 247 2236 magnis
267 2144 430 2237 imperiis
451 2168 491 2214 ac
512 2146 714 2217 civitatibus
730 2148 836 2218 exitio
858 2147 985 2232 fuisse3
1018 2169 1099 2215 rur·
1151 2177 1286 2222 merum
1310 2165 1382 2234 est,
1413 2152 1473 2242 qui
1508 2152 1608 2237 fingit
1629 2147 1723 2219 Aten
1755 2149 1973 2217 validissimo
1995 2170 2141 2236 corpore
2238 2189 2244 2193 -

109 2272 169 2319 ⁸11⁸
184 2249 288 2316 eliam
305 2246 555 2316 commodilttt
575 2251 836 2319 moderatorum
859 2249 1011 2327 civium,
1037 2245 1098 2340 qni
1150 2257 1364 2336 discurrere,
1398 2268 1432 2323 et
1454 2253 1599 2321 dissidia
1620 2253 1787 2337 excitare,
1823 2250 1922 2342 sequi
1946 2273 2028 2317 vero
2042 2247 2141 2318 Litas

109 2351 261 2441 impetus
286 2349 439 2417 aliorum
465 2349 603 2417 ratione
626 2350 824 2434 lenierunt,
850 2365 1002 2421 servatas
1026 2372 1098 2417 esse
1150 2355 1478 2439 (livinitnsmissas,
1503 2379 1592 2446 quae
1610 2349 1819 2437 hortantur,
1854 2367 1894 2422 „r
1912 2354 2057 2419 redeant
2075 2346 2141 2419 ho.

110 2449 351 2540 Rcspttblicas·
411 2445 507 2519 Haec
535 2452 691 2542 exempta
716 2477 796 2521 cum
820 2453 969 2543 legimus
995 2467 1098 2543 atque
1151 2457 1315 2527 minesin
1334 2471 1490 2525 mutuam
1508 2455 1664 2543 gratiam.
1715 2452 1762 2524 Et
1779 2450 2017 2530 addispoeta,
2043 2449 2141 2518 Litas

108 2554 291 2630 audimus,
317 2574 382 2621 nos
399 2574 542 2644 quoque
560 2555 605 2620 ad
620 2554 902 2624 moderationem
926 2567 960 2624 et
975 2575 1094 2642 regen·
1150 2583 1273 2648 magna
1291 2559 1458 2626 beneficia
1472 2557 1653 2646 impertire
1665 2554 2008 2643 obtemperantibus,
2036 2563 2069 2618 et
2086 2551 2141 2616 vi-

110 2657 174 2724 dot
195 2653 397 2723 animorum
427 2655 582 2746 impetus
610 2647 809 2727 hortentur·
869 2655 979 2725 Decet
1003 2654 1098 2723 enim
1150 2662 1265 2729 eissim
1290 2684 1349 2728 eos
1373 2659 1553 2740 exaudiri,
1587 2659 1617 2725 si
1640 2654 1859 2749 quidaDeo
1886 2665 2020 2742 petant;
2060 2651 2138 2719 aliis

108 2754 296 2849 praecipue
329 2757 486 2825 literatos
518 2751 681 2826 homines
713 2758 912 2828 doctrinam
946 2755 1100 2839 virtutis,
1150 2788 1233 2832 vero
1249 2761 1311 2854 qui
1328 2786 1400 2830 nou
1416 2762 1680 2849 obtemperant,
1714 2757 1919 2846 imprecari,
1949 2769 1987 2824 ut
2005 2751 2074 2821 Ate
2095 2754 2139 2821 de

107 2862 153 2927 ad
175 2880 292 2925 mores
312 2871 418 2949 atque
442 2880 546 2925 usum
569 2860 751 2925 tansferre.
809 2856 949 2926 Deinde
965 2880 1099 2949 nequa·
1151 2866 1199 2933 eis
1215 2887 1344 2954 poenas
1361 2876 1488 2933 sumat.
1542 2858 1614 2930 Nec
1634 2884 1719 2929 vero
1743 2871 1860 2945 putate
1882 2853 1973 2926 hanc
1989 2853 2139 2923 Homeri

108 2982 213 3053 quam
227 2958 520 3027 committendum
536 2969 603 3036 est,
629 2970 667 3023 ut
678 2959 975 3047 quemadmodum
987 2958 1099 3035 navis,

110 3082 255 3131 excusso
270 3058 525 3143 gubernatore,
550 3055 627 3122 sine
644 3056 741 3141 velo,
766 3056 843 3126 sine
860 3058 1099 3147 gubernaculo

108 3161 225 3229 ventis
240 3158 405 3239 iactatur,
429 3156 478 3224 ita
493 3179 558 3223 nos
574 3158 723 3227 extincta
740 3159 894 3243 ratione,
920 3160 1100 3250 rapiamur

108 3258 310 3339 affectibus,
336 3281 400 3324 nec
417 3257 678 3326 consideremus
695 3261 780 3351 quid
798 3262 961 3351 expediat
975 3259 1098 3330 Eccle-

109 3363 201 3443 siae,
226 3355 311 3451 qirid
333 3355 486 3448 Reipub.
512 3383 601 3451 quae
624 3362 782 3452 exempla
804 3375 952 3431 noceant
967 3364 1098 3430 iuven-

10 3516 16 3527 .
108 3463 194 3544 tuti,
229 3461 315 3552 quid
345 3458 498 3550 publicis
528 3462 653 3530 studiis
677 3463 787 3552 prosit
809 3477 870 3533 aut
891 3464 1005 3548 obsit,
1039 3464 1097 3530 sed

30 3552 40 3564 ⁶
108 3585 177 3657 qua
196 3562 387 3652 impellunt
402 3561 537 3630 turbidi
553 3562 715 3648 affectus,
749 3589 850 3634 caeco
866 3566 1000 3656 impetu
1017 3588 1097 3631 rua-

108 3688 198 3734 mus.
251 3662 341 3732 Tale
351 3664 443 3732 vitae
457 3686 567 3751 genus
584 3688 648 3733 uec
658 3660 892 3756 Philosopbo,
919 3662 1095 3734 necChri-

109 3767 223 3837 stiauo
255 3765 439 3850 convenit;
488 3765 660 3833 namuel
693 3769 843 3835 maxime
876 3764 1100 3838 Christianus

110 3869 228 3938 omnia
251 3890 313 3936 sua
331 3867 493 3950 consilia,
521 3869 562 3933 ad
585 3867 732 3954 gloriam
748 3865 834 3954 Dei,
860 3871 903 3937 ad
924 3868 1099 3938 Ecclesiae

109 3970 386 4041 aedificationem
404 3970 496 4036 etad
515 3969 708 4037 iuventutis
725 3970 871 4039 salutem
890 3971 1021 4038 reierre
1037 3971 1100 4036 de·

111 4074 182 4142 bet.
234 4070 307 4140 Nec
324 4094 407 4138 vero
423 4069 496 4138 fieri
514 4082 628 4160 potest
647 4070 682 4137 in
701 4083 797 4140 tanta
814 4072 1019 4139 infirmitate
1033 4065 1099 4135 bo-

111 4172 272 4261 minum,
298 4172 385 4264 quin
403 4171 563 4242 incidant
588 4195 722 4240 errores
744 4185 848 4265 atque
867 4172 1101 4241 offensionest

109 4270 159 4345 Et
185 4274 346 4343 diabolus
372 4297 474 4365 saepe
500 4274 612 4362 igneis
637 4275 733 4358 telis,
766 4288 805 4344 ut
836 4288 937 4344 vocat
957 4273 1101 4357 Paulus,

111 4377 244 4445 sanciat
273 4377 428 4470 animos,
451 4389 484 4444 et
501 4375 697 4446 inflammat
714 4376 823 4459 odiis,
851 4389 892 4445 ut
906 4372 1099 4445 Ecclesiam

110 4491 173 4549 aut
193 4475 372 4569 Rempub.
399 4478 555 4567 dissipet.
619 4475 694 4546 Has
723 4478 952 4547 dissidiorum
981 4501 1101 4547 causus

108 4580 309 4668 intelligere
326 4575 547 4650 Christianos
564 4579 684 4662 decet,
709 4594 749 4649 ut
762 4581 931 4668 singulari
949 4581 1100 4668 diligen-

109 4683 177 4765 tia,
207 4696 239 4749 et
258 4683 419 4751 muniant
436 4694 575 4771 pectora
591 4683 757 4750 adversus
773 4682 834 4750 illa
851 4684 937 4766 tela,
963 4695 998 4751 et
1015 4682 1101 4750 affe-

109 4784 227 4856 ctibus
241 4785 380 4852 frenum
397 4782 570 4852 iniiciaut.
622 4779 762 4875 Siquid
778 4784 815 4852 iu
830 4784 901 4854 alio
911 4784 1099 4872 desideras,

110 4888 227 4974 cogita
250 4909 318 4977 qna
340 4886 476 4954 ratione
496 4883 632 4952 mederi
653 4885 784 4975 possis,
819 4911 891 4955 non
909 4900 948 4956 ut
963 4885 1100 4955 exulce-

110 5011 180 5059 res.
233 4981 445 5055 Plutarchus
459 4981 541 5077 περὶ
562 4979 807 5081 φιλαδελφίας
828 4988 950 5058 scribit
966 5011 1101 5056 morem

109 5091 220 5160 luisse
242 5087 397 5158 Graecae
417 5089 547 5175 gentis,
584 5112 662 5157 curn
685 5089 755 5156 duo
779 5090 903 5159 fratres
919 5113 990 5159 una
1006 5090 1101 5158 ince-

111 5195 264 5275 debant,
300 5205 334 5260 et
356 5193 400 5259 ad
418 5189 572 5281 lapidem
596 5190 749 5282 aliquem
775 5191 960 5261 excitatum
982 5190 1103 5260 venie-

111 5296 219 5379 bant,
250 5317 296 5362 ue
318 5291 468 5363 seiuncti
491 5293 653 5362 cederent
673 5290 831 5362 medium
847 5292 965 5362 locum
983 5292 1103 5384 lapidi,

112 5398 176 5467 sed
197 5410 238 5466 ut
258 5396 363 5468 ambo
385 5394 491 5465 simul
515 5394 559 5464 ad
584 5394 678 5464 idem
700 5394 791 5466 latus
805 5393 996 5466 circuirent
1011 5395 1103 5488 lapi-

1150 2966 1356 3035 coneionem
1374 2964 1570 3032 fabulosam
1588 2985 1672 3034 esse.
1723 2959 1940 3029 Sententiam
1957 2952 2055 3025 haud
2071 2958 2139 3025 du·

1151 3069 1207 3136 bie
1227 3092 1246 3134 a
1270 3065 1512 3134 vetustissimis
1537 3063 1609 3131 illis
1638 3063 1861 3154 parentibus,
1897 3060 2029 3152 quibus
2057 3081 2140 3125 vera

1150 3169 1273 3255 religio
1301 3181 1383 3236 nota
1405 3166 1494 3249 fuit,
1519 3180 1693 3255 acceptam
1713 3163 1889 3232 recensuit
1911 3175 1946 3230 et
1961 3159 2139 3230 Poeticam

1150 3271 1286 3337 addidit
1308 3269 1494 3359 picturam.
1553 3266 1650 3352 Quid
1671 3265 1766 3332 enim
1789 3264 1867 3333 vult
1889 3263 2006 3346 alind,
2031 3282 2143 3354 quam

1149 3372 1244 3461 quod
1273 3371 1373 3437 toties
1399 3368 1620 3458 praecipiunt
1646 3389 1763 3435 sacrae
1789 3367 1928 3446 literae,
1966 3377 2005 3432 ut
2028 3365 2140 3431 simus

1151 3471 1358 3560 placabiles,
1390 3484 1431 3540 ut
1452 3469 1705 3537 obliviscamur
1725 3467 1897 3534 iniurias?
1932 3461 2139 3533 humilicio

1150 3576 1195 3641 ita
1222 3571 1389 3640 delectari
1411 3571 1545 3652 Deum,
1579 3584 1617 3638 ut
1640 3568 1793 3636 vicissim
1810 3567 1914 3635 uobis
1930 3566 2140 3652 rogantibus

1149 3678 1207 3742 alet
1217 3688 1414 3741 erratorum
1429 3671 1587 3753 veniam,
1602 3670 1753 3738 etmulta
1764 3669 1936 3757 largiatur
1946 3663 2140 3736 beneficia?

1151 3773 1288 3844 Rursus
1319 3784 1434 3840 autem
1469 3769 1753 3859 implacabilibus
1790 3769 1921 3857 placari
1949 3768 2065 3843 nolle,
2104 3776 2138 3831 et

1150 3899 1270 3943 eorum
1296 3871 1523 3959 pertinaciam
1546 3870 1840 3958 asperitatemque
1854 3867 2053 3935 animorum
2071 3889 2138 3957 pu-

1150 3973 1252 4042 nire?
1303 3970 1400 4039 llaec
1431 3969 1601 4036 sententia
1626 3991 1849 4061 nequaquam
1871 3962 2054 4059 prophana
2078 3980 2139 4049 est,

1149 4073 1375 4164 marlavitque
1388 4065 1483 4140 haud
1499 4071 1607 4139 dubie
1622 4095 1640 4138 a
1666 4069 1733 4160 piis
1752 4070 1947 4138 maioribus
1962 4072 2003 4138 ad
2023 4081 2139 4158 poste·
2170 4152 2174 4159 Ι

1149 4199 1219 4248 ros.
1292 4172 1398 4245 Scitis
1432 4172 1527 4241 enim
1563 4167 1751 4242 aCbristu
1785 4173 1890 4242 nobis
1923 4170 2139 4241 severissime¹

1150 4276 1434 4350 commendatum
1463 4297 1534 4343 esse
1558 4270 1625 4342 boe
1647 4274 1752 4342 oflicii
1776 4296 1902 4361 genus:
1941 4271 2139 4354 Remittite,

1150 4394 1184 4450 et
1200 4379 1436 4448 remmittetur
1451 4377 1564 4446 vobis.
1617 4374 1713 4444 llaec
1732 4390 1934 4468 praecepta,
1958 4376 1985 4442 si
2001 4375 2137 4461 magni-

1150 4482 1297 4552 facinus
1313 4477 1625 4561 Deumautorem,
1651 4479 1681 4545 si
1702 4502 1859 4547 amamus
1875 4477 2052 4567 publicam
2070 4471 2140 4543 Ec-

1150 4585 1273 4654 clesiae
1291 4581 1603 4673 tranquillitatem,
1629 4580 1658 4645 si
1675 4577 1829 4669 Reipub.
1846 4580 1939 4647 salus
1958 4578 2061 4647 nobis
2078 4586 2140 4644 cu-'

1150 4710 1209 4755 rae
1231 4698 1299 4765 est,
1332 4696 1407 4751 toto
1432 4695 1572 4772 pectore
1593 4681 1821 4770 accipiamus,
1857 4694 1892 4749 et
1915 4700 2138 4748 communem

1149 4784 1375 4857 concordiam
1396 4797 1568 4855 tueamur.
1625 4780 1663 4852 si
1683 4807 1753 4875 qua
1775 4781 1917 4852 suntin
1937 4782 2059 4850 amicis
2083 4779 2141 4849 in-

1150 4887 1356 4969 commoda,
1383 4899 1443 4953 aut
1467 4886 1661 4977 prudenter
1682 4906 1864 4966 sanemus„
1897 4896 1957 4951 aut
1975 4884 2138 4952 comitate

1150 5002 1268 5059 nostra
1293 5000 1470 5076 tegamus,
1503 4986 1783 5078 cogitemusque,
1816 5009 1916 5075 saepe
1940 4984 1978 5052 iu
1994 4985 2064 5052 vita
2085 4984 2138 5052 lo·

1150 5115 1229 5162 cum
1247 5084 1376 5158 habere
1393 5089 1481 5159 illud
1501 5091 1595 5180 quod
1613 5090 1662 5159 ait
1676 5086 1831 5157 Plinius:
1860 5086 1934 5176 Qui
1950 5086 2034 5155 vitia
2052 5085 2139 5167 odit,

1151 5188 1313 5261 homines
1329 5191 1418 5264 odit.
1473 5187 1576 5261 Certe
1603 5189 1641 5257 in
1657 5186 1777 5259 scbola
1799 5190 1849 5258 sic
1867 5191 2005 5271 vivere,
2030 5202 2070 5258 ut
2084 5185 2140 5252 vi-·

1151 5307 1240 5363 vunt
1262 5295 1300 5363 in
1320 5316 1425 5363 arena
1448 5292 1679 5381 gladiatores,
1711 5305 1814 5383 turpe
1830 5315 1869 5360 ac
1884 5292 2051 5360 miserum
2075 5298 2137 5358 est.

1152 5396 1322 5466 Ferarum
1344 5393 1514 5466 euimest
1533 5393 1612 5466 talis
1626 5394 1851 5483 congressus,
1876 5390 1946 5459 nisi
1959 5386 2055 5483 quod
2071 5381 2138 5456 hae
