4732 6030
88 368 141 445 77
818 362 979 439 DECL.
1012 360 1085 439 DE
1117 356 1383 439 LEGIBUS.
2071 365 2121 438 ta

84 528 333 624 ‘committubu
370 561 451 608 cum
475 534 627 623 Solone,
657 536 687 607 si
709 537 816 621 libet,
847 538 1080 629 expostulent,
1127 535 1288 625 capitalis
1306 546 1395 603 esset
1410 531 1562 618 desidia,
1585 533 1739 622 graviter
1758 534 1934 605 audiebat.
1986 533 2117 607 Furem

87 663 161 712 nou
178 663 336 724 mecum,
362 640 425 734 qui
446 640 490 709 ad
510 637 763 710 consociandos
786 639 879 709 inter
897 664 933 709 se
948 639 1078 708 civium
1128 637 1386 719 abominamur,
1412 637 1507 728 quod
1522 635 1561 703 in
1577 659 1657 705 eum
1674 636 1878 724 gravissime
1892 636 2117 706 animadver-

87 742 227 813 auimos
255 752 394 813 tanturn
426 742 541 811 lacere
566 755 785 810 momentum
814 740 961 832 scriptas
987 741 1079 830 leges
1128 751 1239 824 tatur,
1273 751 1446 830 augetque
1470 736 1603 805 crimen
1628 760 1763 828 poenae
1785 739 1959 808 atrocitas.
1984 736 2119 806 'Prae-

87 842 320 926 existimavit,
344 855 385 914 ut
400 866 520 913 ex·suo
540 841 690 913 arbitrio
706 840 935 932 Magistratus
950 843 1005 912 ius
1022 843 1079 912 di·
1127 840 1230 911 donis
1253 841 1332 910 loco
1355 833 1464 911 babes
1484 863 1586 924 eum,
1611 839 1673 931 qui
1688 839 1859 910 debitoris
1879 865 1954 909 rem
1970 854 2031 908 aut
2053 864 2117 931 pe-

87 967 166 1015 cere
181 945 343 1015 vetuerit.
379 942 449 1016 Sed
466 944 573 1014 recita
590 944 838 1013 iusiurandum
853 938 1077 1038 ἡλιαστικὸν,
1126 944 1265 1012 cuniam
1283 955 1439 1032 usurpat,
1463 941 1531 1008 uisi
1547 954 1671 1032 sponte
1685 943 1815 1010 datam.
1866 938 2008 1033 Peperit
2022 937 2117 1011 banc

87 1045 139 1118 sic
155 1046 251 1115 enirn
267 1039 523 1117 Demosthenes
536 1058 648 1116 vocat.
700 1044 861 1116 Fuerunt
875 1060 910 1116 et
927 1040 1078 1117 basiare
1125 1044 1331 1134 opinionem
1352 1042 1426 1123 lex,
1452 1066 1543 1134 quae
1561 1043 1791 1132 pronunciat,
1816 1043 1888 1110 vim
1907 1066 1998 1126 esse,
2024 1068 2117 1135 quo·

87 1170 212 1218 causae
248 1170 312 1216 cur
344 1145 500 1218 Romani
525 1147 654 1237 scripto
681 1147 760 1216 iure
789 1147 842 1217 uti
874 1148 1076 1220 maluerint.
1127 1145 1191 1215 ties
1213 1147 1292 1238 quis
1316 1144 1351 1212 id
1377 1145 1471 1234 quod
1495 1144 1617 1213 deberi
1646 1145 1837 1224 existimat,
1868 1169 1931 1238 per
1961 1145 2116 1214 iudicem

87 1246 249 1319 Nimium
263 1247 332 1316 sibi
345 1247 520 1344 principes
534 1250 731 1319 sumebant.
782 1247 888 1319 Plebs
904 1249 1077 1319 nonsatis
1126 1247 1287 1338 reposcit.
1327 1240 1429 1314 Nihil
1444 1258 1559 1313 autern
1577 1268 1656 1313 cum
1673 1244 1922 1333 opinionibus,
1948 1259 2023 1316 tum
2035 1271 2114 1314 mo-

81 1363 166 1421 tuto
192 1348 357 1418 creditam
381 1350 612 1442 optimatibus
638 1351 837 1421 libertatem
864 1352 1078 1436 existimaus,
1124 1348 1225 1417 ribus
1242 1347 1374 1417 uostris
1398 1345 1599 1415 instabilius
1623 1357 1729 1431 esset,
1752 1346 1824 1414 uisi
1846 1371 1887 1416 ex
1909 1348 2012 1417 certis
2029 1348 2113 1436 legi-

76 1474 190 1542 ·sacpe
220 1451 407 1542 imperium
436 1452 750 1545 auctoritatemque
775 1454 1004 1537 detrectabat,
1034 1454 1078 1520 de
1125 1451 1192 1520 bus
1207 1460 1507 1541 compararentur.
1554 1445 1645 1519 Nam
1660 1460 1701 1517 ut
1716 1461 1843 1517 nautae
1858 1472 1998 1519 cursum
2016 1450 2061 1517 ad
2076 1472 2115 1518 ea

87 1552 167 1622 iure
189 1575 291 1640 saepe
314 1552 571 1624 dissentiebant
591 1553 683 1624 iuter
706 1577 742 1622 se
764 1553 869 1624 etiarn
890 1555 977 1623 boui
997 1553 1077 1623 viri.
1123 1552 1259 1636 sidera,
1295 1574 1384 1644 quae
1407 1551 1531 1618 eodem
1552 1571 1689 1639 semper
1713 1549 1791 1618 loco
1817 1549 2120 1638 circumaguntur,

85 1650 183 1722 Haec
197 1655 387 1742 coegerunt
403 1666 478 1723 tum
495 1655 608 1745 plebis
625 1655 876 1741 temeritatem,
904 1670 980 1727 turn
996 1653 1077 1724 Ma·
1124 1654 1301 1741 dirigunt,
1327 1653 1375 1722 ita
1391 1674 1454 1740 par
1469 1664 1538 1730 est,
1563 1664 1604 1720 ut
1621 1652 1664 1719 ad
1688 1650 1798 1738 leges,
1824 1674 1914 1743 quae
1939 1674 1958 1720 a
1975 1652 2117 1738 sapien-

86 1754 296 1844 gistratuum
317 1756 390 1823 vim
415 1756 519 1825 certis
541 1756 678 1845 legibus
704 1758 898 1826 moderari:
925 1770 1077 1849 suntque
1124 1755 1268 1829 tissimis
1283 1749 1489 1822 hominibus
1503 1752 1612 1836 latae,
1639 1764 1671 1820 et
1687 1752 1829 1822 virtutis
1849 1752 1943 1821 viam
1959 1753 2115 1822 rectissi-

85 1857 275 1926 duodccim
291 1856 374 1924 illae
386 1855 538 1941 tabulae,
562 1857 642 1925 ious
659 1857 747 1926 iuris
766 1857 892 1941 nostri,
919 1859 1078 1947 pruden-
1125 1878 1180 1922 me
1197 1854 1368 1935 indicant,
1395 1865 1429 1922 et
1442 1852 1497 1920 sui
1513 1877 1695 1944 nunquam
1713 1853 1900 1922 dissimiles
1918 1867 2011 1937 sunt,
2035 1853 2116 1944 opi-

85 1956 305 2028 lissimorum
327 1950 517 2025 hominurn
539 1957 670 2026 iudicio
696 1942 907 2049 propositae.
960 1954 1001 2026 ld
1021 1957 1079 2026 iu·
1125 1955 1249 2024 nioues
1272 1967 1408 2022 nostras
1435 1954 1623 2041 exigamus.
1674 1953 1743 2023 Sed
1767 1968 1805 2024 ut
1828 1956 1927 2024 nulla
1950 1956 2040 2026 ratio
2059 1957 2120 2040 sit,

85 2082 171 2148 gum
189 2056 316 2146 cupide
329 2056 494 2125 universa
519 2057 642 2127 civitas
664 2059 814 2150 accepit,
833 2082 913 2128 curn
931 2057 1078 2128 sentiret
1124 2079 1188 2125 cur
1200 2055 1331 2146 scripto
1349 2056 1426 2124 iure
1443 2069 1601 2133 utamur,
1627 2069 1718 2124 certe
1734 2052 1918 2127 Romanae
1934 2057 2025 2146 leges
2038 2081 2116 2125 mc-

81 2160 211 2230 urbem
232 2181 306 2226 uon
321 2158 386 2227 diu
407 2157 562 2228 futuram
585 2159 819 2239 incolumem,
846 2159 916 2228 nisi
940 2158 1078 2249 legibus
1123 2159 1311 2240 rebantur,
1335 2180 1421 2250 quas
1439 2152 1508 2226 buc
1523 2157 1805 2247 importaremus.
1859 2157 1979 2246 Quare
2001 2158 2115 2226 maio-

83 2259 297 2330 muniretur.
363 2260 411 2353 Q
1124 2284 1202 2327 rum
1225 2272 1427 2327 nostrorum
1454 2259 1678 2348 prudentiam
1702 2259 1830 2344 laudo,
1855 2264 1952 2352 quod
1978 2257 2115 2330 Roma-

178 2358 291 2430 Porro
308 2381 388 2426 cum
405 2355 563 2429 civitates
579 2358 675 2429 orbis
689 2371 863 2430 terrarum
879 2357 1077 2450 Principes,
1123 2383 1187 2428 nas
1201 2359 1423 2451 potissimum
1439 2360 1532 2448 leges
1547 2361 1776 2448 delegerunt,
1799 2385 1885 2453 quas
1904 2362 1940 2428 iu
1964 2362 2041 2430 iure
2057 2362 2114 2428 di-

84 2460 238 2553 coegerit
262 2459 450 2529 necessitas
473 2484 562 2550 pene
582 2456 777 2531 Diomedea
801 2462 893 2550 leges
911 2465 1076 2541 condere,
1123 2465 1234 2529 cendo
1253 2476 1493 2554 sequerentur.
1544 2457 1591 2530 Et
1609 2463 1751 2551 quaudo
1769 2457 1939 2530 hactenus
1961 2462 2117 2548 benigue

86 2563 166 2659 quis
189 2564 290 2632 furor
313 2575 383 2641 est,
417 2563 511 2651 apud
533 2584 599 2631 uos
620 2562 691 2631 iarn
719 2578 965 2653 usureceptas
984 2562 1075 2630 velle
1123 2558 1212 2630 mibi
1226 2564 1424 2645 audiendo,
1450 2585 1592 2652 operam
1610 2561 1781 2644 navastis,
1806 2563 1920 2630 favete
1934 2584 2063 2654 quaeso
2080 2577 2115 2632 et

83 2670 254 2754 abrogare
277 2687 317 2733 ac
342 2662 533 2732 inducere?
572 2660 706 2753 Magna
737 2665 1004 2735 consuetudinis
1022 2664 1076 2731 vis
1122 2665 1278 2756 reliquae
1301 2663 1467 2734 orationi.
1519 2659 1705 2752 Exponam
1726 2663 1821 2731 euim
1845 2664 2019 2743 breviter,
2051 2688 2118 2733 cnr

85 2781 156 2852 est,
179 2787 269 2860 quae
290 2786 407 2833 mores
426 2786 567 2849 omnes,
586 2768 717 2856 quibus
737 2768 921 2836 assuefacti
944 2788 1076 2849 sumus,
1122 2778 1304 2855 tantopere
1320 2765 1435 2849 iuvet,
1461 2789 1479 2832 a
1496 2761 1670 2836 Romanis
1688 2765 1781 2853 leges
1795 2767 1963 2834 mutuari.
2003 2764 2117 2834 Vetus

85 2868 162 2939 sine
203 2865 471 2958 perturbatione
510 2864 654 2952 publica
690 2867 822 2933 mutari
862 2889 937 2933 uon
978 2865 1075 2934 sinit.
1123 2862 1180 2936 hic
1196 2890 1272 2936 mos
1286 2880 1355 2946 est,
1380 2867 1424 2934 ab
1440 2866 1572 2953 optime
1589 2867 1788 2934 constitutis
1801 2867 1973 2950 urbibus,
1995 2890 2115 2934 exem-

84 2967 205 3059 Quare
228 2964 323 3053 leges
346 2963 403 3028 vel
427 2956 496 3028 hoc
518 2960 681 3045 nomine,
708 2964 804 3054 quod
828 2964 1074 3033 consuetudini
1122 2969 1178 3057 pla
1194 2983 1326 3061 petere.
1366 2960 1465 3034 Nihil
1482 2966 1610 3055 puduit
1624 2966 1772 3045 Atticos,
1799 2966 1989 3060 Aegyptias
2005 2990 2114 3059 quas-

81 3093 162 3140 mos
184 3065 360 3154 gerendus
381 3073 451 3146 est,
482 3062 641 3153 oportuit
664 3066 876 3134 conservari.
929 3064 1074 3135 Atrum
1121 3070 1202 3136 dam
1220 3070 1311 3155 leges
1329 3088 1396 3134 usu
1412 3088 1545 3156 capere,
1571 3079 1612 3135 ut
1627 3063 1832 3137 Herodotus
1848 3080 2004 3139 testatur.
2039 3067 2116 3138 Ne·

80 3174 129 3242 de
152 3169 260 3237 rebus
283 3157 448 3231 humanis
468 3159 572 3231 etiam
596 3162 686 3232 bene
713 3182 932 3251 mereantur,
954 3165 1075 3263 publi·
1120 3192 1180 3236 mo
1203 3166 1379 3238 Romanis
1402 3167 1489 3236 vitio
1512 3168 1633 3251 vertit,
1660 3172 1756 3260 quod
1780 3193 1859 3238 curn
1883 3184 2024 3258 cogeret
2047 3195 2115 3260 pu-

82 3293 163 3342 cam
179 3263 469 3357 tranquillitatem
484 3278 519 3334 et
533 3263 733 3334 libertatem
750 3276 909 3352 tuentur,
927 3266 1074 3338 obsecro
1122 3270 1212 3338 blica
1228 3269 1413 3339 necessitas
1430 3269 1523 3358 leges
1540 3269 1777 3355 conscribere,
1804 3271 1842 3338 in
1857 3266 2044 3351 Graeciam
2062 3272 2115 3341 le-

82 3394 160 3442 uon
178 3367 377 3448 insaniunt,
403 3363 466 3458 qui
480 3364 625 3456 refigere
637 3363 788 3438 iubent?
820 3365 950 3439 Actum
966 3369 1074 3439 luerit
1120 3384 1218 3459 gatos
1239 3371 1385 3455 misere,
1410 3374 1472 3462 qui
1494 3371 1580 3442 iudo
1601 3371 1718 3461 legum
1735 3373 1909 3441 formulas
1920 3373 2115 3452 adferrent,

78 3474 127 3545 de
143 3469 326 3557 religione,
353 3466 397 3534 de
412 3460 644 3554 humanitate,
660 3469 822 3540 derebus
837 3470 941 3540 bonis
955 3470 1075 3539 omni·
1119 3485 1154 3542 et
1177 3473 1221 3541 de
1236 3469 1380 3564 Repub.
1403 3470 1619 3544 instituenda
1644 3494 1803 3542 summos
1822 3474 1861 3542 in
1876 3472 2029 3543 Graecia
2042 3469 2112 3544 ho·

79 3575 164 3657 bus,
189 3569 395 3640 nisicoetus
411 3562 599 3637 homiuum
616 3568 935 3660 iurecoganturac
950 3573 1075 3640 defen·
1120 3574 1234 3643 mines
1250 3574 1489 3647 consulerent.
1541 3571 1581 3642 ld
1602 3585 1734 3643 etcum
1757 3575 1908 3644 maiores
1925 3575 2039 3646 nostri
2059 3576 2113 3645 ic-

79 3679 224 3745 dautur.
262 3668 390 3760 Neque
406 3691 490 3737 vero
507 3668 601 3740 inter
619 3685 753 3742 caetera
771 3673 888 3762 legum
904 3672 1073 3742 beneficia
1119 3674 1251 3759 ceriut,
1276 3700 1356 3744 curn
1374 3674 1560 3744 Romanae
1576 3675 1680 3766 Reip.
1695 3677 1856 3745 instituta
1872 3680 1917 3746 ad
1934 3700 1999 3744 nos
2016 3689 2113 3744 attu-

79 3766 150 3849 boc
167 3770 466 3867 praetereundum
487 3782 539 3840 est
547 3821 559 3855 ,
587 3773 682 3864 quod
699 3776 744 3842 de
765 3775 988 3867 expetendis,
1014 3774 1073 3843 fu·
1118 3777 1244 3860 leriut,
1268 3777 1353 3868 quid
1373 3800 1505 3869 quaeso
1519 3776 1730 3865 peccarunt?
1781 3776 1883 3862 Quae
1897 3778 2039 3843 tandem
2054 3799 2113 3843 ars

80 3876 290 3970 giendisque
312 3871 439 3955 rebus,
480 3885 591 3940 rectas
612 3873 748 3943 civibus
769 3876 957 3967 opiniones
978 3875 1073 3943 inse-
1119 3901 1160 3946 ex
1173 3877 1438 3946 liberalioribus
1452 3876 1524 3940 illis
1538 3875 1637 3940 domi
1651 3875 1756 3940 nobis
1770 3886 1851 3941 nata
1865 3875 1940 3945 est?
1963 3875 2113 3960 Literas,

81 3994 177 4050 runt.
227 3978 271 4047 ld
290 3974 378 4042 adeo
393 3972 437 4039 ad
451 3972 658 4042 formandos
672 3999 797 4059 mores,
824 3972 990 4064 magnum
1006 3970 1072 4042 ha·
1118 3990 1318 4062 temporum
1342 3973 1566 4052 discrimina,
1598 3972 1754 4041 siderum
1778 3987 1876 4044 ortus
1898 3989 1932 4046 et
1945 3999 2111 4057 occasus,

80 4082 144 4151 bet
159 4089 392 4149 momentum.
438 4068 571 4143 Errant
588 4075 684 4143 euim
700 4075 904 4145 mortalium
919 4075 1074 4163 ingenia,
1119 4069 1449 4156 architectonicam,
1487 4072 1661 4143 Musicam
1692 4075 1802 4144 exteri
1829 4077 1997 4157 docuere,
2032 4078 2111 4147 siue

82 4179 154 4252 uisi
169 4179 271 4251 certis
288 4175 483 4270 praeceptis
503 4190 688 4265 regantur,
714 4191 749 4247 et
767 4189 807 4246 ut
825 4176 983 4270 quidque
997 4200 1071 4244 ma·
1119 4199 1269 4270 quarum
1286 4175 1488 4264 cognitione
1511 4175 1580 4246 vita
1607 4175 1712 4267 plane
1729 4200 1852 4247 manca
1873 4193 1941 4250 est:
1974 4181 2011 4248 in
2027 4181 2118 4273 qui-s

80 4282 176 4354 xime
192 4279 418 4352 commodum
438 4275 475 4344 in
494 4276 687 4368 praesentia
702 4278 861 4359 videtur,
887 4277 935 4347 ita
959 4278 1072 4345 maxi·
1119 4281 1190 4346 bus
1212 4277 1244 4344 si
1263 4272 1356 4346 nihil
1378 4277 1528 4347 offendit
1553 4279 1801 4367 peregrinitas,
1825 4280 1912 4371 quid
1934 4295 2026 4351 vetat
2047 4306 2114 4350 ex-.

79 4407 140 4454 rue
156 4381 260 4452 licere
279 4372 424 4472 putant,
451 4379 573 4447 oculos
592 4391 817 4472 mentemque
839 4379 951 4449 libido
971 4403 1072 4467 prae-
1118 4379 1228 4453 ternis
1251 4378 1389 4466 legibus
1409 4379 1487 4448 otii
1536 4378 1628 4467 Quis
1652 4381 1792 4452 dubitat
1815 4397 1936 4453 nostra
1959 4385 2111 4453 cultiora

81 4483 233 4573 stringit,
252 4497 291 4553 ut
306 4481 401 4574 quod
420 4479 571 4548 maxime
587 4480 759 4572 cupimus,
785 4505 897 4572 saepe,
923 4481 992 4548 nisi
1009 4482 1072 4549 de-
1119 4504 1208 4562 esse‚
1235 4494 1271 4551 et
1285 4481 1397 4550 literis
1411 4494 1445 4550 et
1461 4480 1597 4568 legibus
1611 4478 1788 4551 Romanis
1798 4483 1973 4568 advectis,
1999 4510 2106 4578 quam

78 4583 245 4679 hortetur
257 4584 371 4672 legum
386 4580 586 4663 auctoritas,
611 4581 785 4672 optimum
802 4606 876 4661 esse
890 4583 1071 4652 ducamus.
1114 4582 1344 4674 ‘fuere‘prisco
1360 4582 1423 4651 illo
1439 4582 1589 4651 barbaro
1603 4583 1741 4667 seculo,
1766 4607 1846 4652 mm
1863 4609 1928 4654 nec
1943 4587 2110 4674 ingenuis

77 4687 222 4762 Avarus
246 4680 340 4752 nihil
360 4706 433 4752 esse
455 4682 534 4755 vitii
551 4682 590 4752 iu
613 4683 758 4752 foenore
776 4684 936 4753 faciendo
952 4683 1071 4752 existi·
1117 4685 1255 4753 artibus
1268 4683 1379 4752 animi
1392 4697 1592 4752 nostrorum
1609 4684 1775 4773 privatim
1789 4684 2018 4773 fingerentur,
2043 4711 2110 4756 nec

75 4804 163 4873 mat,
189 4801 227 4859 at
241 4786 274 4855 si
290 4785 444 4856 valerent
459 4783 569 4875 leges,
594 4808 685 4876 quae
701 4786 1070 4855 foeneratoribusma-
1117 4786 1262 4877 publico
1283 4785 1379 4870 iure,
1398 4797 1472 4854 ¹aut
1493 4799 1585 4855 certa
1611 4785 1799 4876 disciplina
1825 4789 2112 4863 mansueticrrut.

76 4891 192 4963 iorem
205 4888 372 4958 mulctam
387 4886 664 4969 constituerunt,
689 4911 796 4978 quam
811 4886 967 4971 iuribus,
990 4886 1070 4979 quis
1117 4884 1218 4956 Adeo
1235 4910 1280 4956 nc
1294 4887 1529 4978 praesentium
1547 4886 1715 4974 poenitet,
1737 4899 1777 4955 ut
1793 4902 1931 4959 mutare
1949 4915 2029 4959 cum
2045 4915 2108 4959 ve-

76 5010 154 5063 'nou
174 5001 398 5061 execraretur
418 4986 568 5058 foenus?
599 4984 692 5056 Sunt
710 5011 800 5081 quos
813 5013 939 5079 parum
960 4990 1070 5078 pudet
1116 5001 1231 5057 terum
1246 4988 1410 5058 barbarie
1425 4988 1555 5057 libeat?
1580 5010 1669 5080 quae
1683 4987 1883 5058 cuiusmodi
1898 4991 2024 5073 suerit,
2049 4993 2106 5061 vel

76 5092 235 5179 mentiri,
248 5104 283 5161 at
297 5115 377 5160 cum
392 5113 434 5157 ex
450 5088 525 5178 lege
540 5088 727 5157 duodecim
741 5089 941 5158 tabularum
953 5113 976 5158 e
986 5113 1069 5157 saxo
1116 5114 1158 5158 ex
1172 5113 1213 5157 eo
1229 5103 1343 5181 potest
1358 5089 1554 5171 aestimari,
1580 5091 1675 5182 quod
1692 5083 1858 5160 humanis
1871 5086 1997 5163 hostiis
2011 5097 2106 5184 apud

76 5194 234 5288 Tarpeio
250 5190 500 5270 deiiciebatur,
527 5190 588 5284 qui
606 5190 736 5258 falsum
759 5191 998 5261 testimonium
1014 5191 1069 5259 di·
1116 5187 1182 5259 hos
1195 5191 1334 5262 litatum
1349 5204 1411 5265 est.
1461 5189 1558 5260 Eant
1573 5214 1661 5283 quos
1674 5203 1858 5284 tantopere
1873 5208 2027 5265 vetustas
2043 5198 2102 5263 de-

75 5298 168 5369 xisse
188 5294 374 5366 convictos
397 5305 490 5373 erat,
514 5314 601 5360 eane
624 5292 771 5380 peiuset
792 5315 906 5379 angue
923 5295 1068 5361 ruenda·
1114 5292 1237 5378 lectat,
1272 5306 1307 5361 et
1333 5293 1524 5381 glandibus
1545 5294 1649 5362 etiam
1670 5310 1869 5370 vescantur.
1927 5295 2002 5365 lam
2023 5319 2104 5365 cum
2162 5336 2165 5343 ·

76 5399 171 5471 cium
191 5399 317 5469 oderat
337 5393 542 5465 multitudo.
599 5384 812 5483 Perpetuam
833 5395 949 5462 ocium
972 5419 1068 5465 nunc
1115 5391 1273 5466 Romani
1289 5395 1406 5465 literas
1426 5418 1491 5464 nos
1504 5410 1596 5466 artes
1614 5393 1771 5488 aliasque
1786 5397 1988 5474 docuerint,
2015 5395 2102 5488 quid

74 5500 113 5573 iu
127 5503 224 5574 lauta
239 5499 333 5570 vitae
346 5510 445 5590 parte
459 5505 616 5589 ponunt,
642 5508 677 5564 at
692 5519 771 5566 curn
787 5491 915 5567 Atticis
929 5496 1067 5587 legibus
1111 5495 1181 5567 suit
1197 5522 1262 5569 cur
1275 5520 1349 5567 nou
1364 5497 1510 5568 illorum
1527 5498 1621 5588 leges
1634 5498 1739 5566 etiarn
1753 5496 1996 5584 imitaremur,
2020 5522 2102 5568 curn

2144 2148 2178 2193 Ι

577 5750 595 5783 .
1761 5728 1777 5760 0
