4732 6030
236 282 314 361 295
724 273 884 355 unct.
919 275 994 353 DE
1026 269 1430 351 ASTRONOMIA
1464 273 1539 349 ET
1572 270 1796 352 GEOGR.
2203 283 2283 361 296

240 458 441 533 necessitati
456 453 693 548 prospexerit,
720 452 823 522 valde
838 464 1015 522 amantem
1032 474 1104 522 esse
1120 449 1234 520 nostri
1287 450 1426 521 circiter
1446 449 1737 520 sexcentesimum
1758 472 1913 534 annum,
1946 447 2185 544 deprehendit
2205 472 2287 549 post

241 563 400 660 generis,
432 584 493 629 seu
522 571 562 627 ut
593 556 668 647 ipse
696 554 767 640 ait,
800 546 1088 650 φιλάνθρωπον.
1163 552 1235 624 Sed
1286 553 1531 626 Ptolomaeum
1545 576 1634 645 opus
1649 574 1722 622 esse
1737 552 1997 629 emendatione.
2044 552 2185 628 Deinde
2201 584 2286 632 rur·

243 664 330 738 haec
369 665 516 732 fortasse
549 659 626 728 sine
664 657 827 728 doctrina
864 658 1046 727 observari
1077 668 1236 748 possunt,
1287 679 1346 726 sus
1369 655 1599 726 eruditissimi
1623 649 1787 725 homines
1809 654 1961 745 primam
1983 658 2078 729 viam
2095 684 2176 729 curn
2193 687 2286 755 qna-

244 787 446 863 quanquam
474 763 563 831 ordo
593 761 704 851 magis
730 760 961 851 conspicitur,
992 784 1071 830 cum
1102 758 1237 827 aceedit
1288 761 1369 828 darn
1400 758 1617 828 correctione
1646 757 1777 842 secuti,
1817 757 2023 834 maluerunt
2049 785 2185 833 annum
2209 788 2285 838 esse

244 867 408 942 eruditio.
471 862 598 937 Dicam
623 864 732 954 igitur
753 865 798 932 de
818 864 862 931 iis
886 862 1117 945 utilitatibus,
1146 883 1236 955 quae
1288 861 1443 931 reditum
1463 859 1558 930 Solis
1577 862 1622 929 ad
1642 872 1773 929 certam
1794 858 1933 929 stellam
1956 862 2081 945 lixam,
2113 890 2195 936 cum
2215 863 2287 939 hoc

244 971 510 1053 amitterentur,
543 966 700 1055 neglecta
724 966 898 1039 doctrina.
950 962 1085 1048 Erunt,
1118 962 1238 1054 inquit
1289 965 1397 1035 modo
1424 962 1645 1052 longioribus
1669 960 1796 1052 spaciis
1817 962 1936 1032 minor
1957 965 2193 1062 inaequalitas
2217 962 2288 1040 cir·

244 1071 398 1152 Moises‚
426 1070 603 1160 insigna,
628 1083 809 1159 tempora,
833 1069 908 1137 dies
930 1082 963 1139 et
985 1090 1109 1140 annos.
1167 1063 1237 1133 Hic
1289 1067 1404 1135 cuitus
1420 1066 1506 1134 anni
1520 1066 1698 1157 adpareat.

245 1176 393 1246 coeleste
422 1174 605 1243 oraculum
635 1170 806 1262 praecipit
836 1170 956 1259 generi
988 1164 1165 1252 humano,
1198 1179 1238 1236 ut
1391 1166 1488 1237 Haec
1503 1191 1544 1237 eo
1562 1167 1740 1249 recensui,
1767 1181 1805 1237 ut
1821 1167 2041 1257 diligentiam
2064 1195 2284 1245 summorum

245 1291 357 1349 certas
379 1277 463 1345 anni
487 1289 596 1344 metas
615 1273 790 1343 divinitus
806 1273 1023 1364 propositas,
1045 1271 1156 1342 discat
1172 1270 1234 1338 ob·
1290 1271 1450 1340 virorum
1474 1269 1723 1354 admiremini,
1757 1269 1820 1362 qui
1841 1284 1955 1341 certos
1978 1270 2120 1358 Festos,
2153 1291 2284 1347 certam

244 1402 402 1458 servare,
424 1392 460 1448 et
474 1377 659 1446 intervalla
677 1400 852 1446 annorum
870 1375 1079 1444 consideret.
1130 1369 1237 1461 Quod
1291 1374 1377 1443 anni
1391 1372 1664 1463 descriptionem
1681 1372 1786 1441 nobis
1801 1375 1940 1443 tradere
1956 1376 2181 1448 studuerunt.
2208 1375 2283 1448 lam

245 1483 322 1553 sine
345 1481 546 1551 eruditione
569 1494 600 1549 et
620 1493 779 1549 motuum
795 1477 998 1567 cognitione
1014 1499 1238 1570 nequaquam
1293 1477 1459 1567 cogitate,
1484 1487 1657 1569 quantum
1674 1469 1743 1544 hoc
1758 1475 1804 1543 sit
1818 1476 2041 1551 beneficium.
2091 1478 2170 1549 Nisi
2187 1481 2284 1551 enirn

244 1584 323 1665 fieri
344 1595 470 1674 potest.
528 1576 681 1652 Addidit
702 1581 810 1670 igitur
830 1579 927 1651 Deus
948 1580 1052 1648 nobis
1076 1579 1239 1647 umbram
1293 1580 1442 1650 artifices
1464 1574 1557 1647 hanc
1582 1590 1782 1668 temporum
1807 1577 1933 1647 seriem
1956 1578 2285 1652 nohisconservas·

245 1686 456 1768 doctricem,
489 1698 528 1754 ut
559 1684 782 1776 aequinoctia
813 1697 846 1753 et
868 1680 964 1753 Solis
991 1681 1240 1752 conversiones
1293 1696 1389 1766 sent,
1423 1705 1512 1773 quae
1537 1693 1651 1748 essent
1672 1678 1887 1769 religionum
1912 1693 2018 1774 atque
2038 1683 2200 1753 omnium
2223 1678 2284 1752 hi-

247 1789 435 1858 observare
459 1808 656 1876 possemus,
682 1784 820 1854 addidit
841 1808 1071 1854 numerorum
1089 1794 1124 1851 et
1141 1805 1242 1850 men·
1294 1784 1483 1855 storiarum
1508 1782 1690 1867 tenebrae,
1725 1805 1814 1875 quae
1839 1782 1999 1853 conlusio
2029 1783 2137 1853 totius
2162 1785 2282 1855 vitae?

122 1882 126 1889 ⁸
247 1913 411 1960 surarum
435 1886 633 1967 scientiam,
667 1911 756 1979 quae
778 1899 913 1956 mentes
934 1886 972 1953 in
997 1885 1134 1954 coelum
1156 1884 1240 1952 sub·
1294 1886 1375 1957 Non
1400 1884 1528 1953 animis
1551 1897 1647 1954 retro
1673 1884 1788 1974 legere
1811 1885 1940 1953 mundi
1961 1883 2062 1955 initia
2087 1908 2283 1978 possemus,

242 1986 363 2071 vehit,
397 2003 436 2059 ut
463 2003 574 2058 certas
604 1988 676 2056 vias
698 1986 913 2073 Luminum,
943 2011 982 2056 ac
1006 2000 1117 2057 metas
1141 1984 1241 2078 quasi
1294 2012 1367 2058 non
1382 1988 1550 2056 sciremus
1567 2011 1658 2079 quae
1671 1985 1859 2076 religiones
1877 1986 2031 2078 priores,
2056 2012 2146 2081 quae
2165 1999 2285 2080 poste-

246 2093 359 2163 ocnlis
380 2092 519 2181 signare
543 2091 729 2182 possimus.
783 2089 964 2183 ltaqueet
984 2089 1089 2181 primi
1113 2112 1240 2180 paren·
1294 2091 1405 2161 riores
1431 2089 1595 2160 luissent:
1637 2101 1726 2159 esset
1756 2089 1876 2177 ignota
1902 2088 2010 2159 series
2040 2088 2285 2183 imperiorum,

246 2209 298 2266 tes
323 2209 356 2266 et
381 2195 547 2286 deinceps
568 2208 687 2284 gentes
705 2193 934 2278 eruditiores,
963 2192 1054 2261 etin
1069 2187 1124 2258 his
1141 2191 1241 2279 inge·
1295 2192 1514 2262 nescirentur
1537 2188 1716 2263 Ecclesiae
1743 2191 1847 2261 initia
1877 2206 1913 2262 et
1933 2193 2155 2284 propagatio.
2210 2191 2285 2264 Has

246 2297 453 2381 niosissimi‚
475 2320 613 2386 semper
626 2295 854 2365 elaborarunt
868 2295 906 2362 in
921 2295 1142 2363 observando
1156 2291 1240 2360 anni
1294 2308 1409 2366 tantas
1433 2316 1489 2363 res
1507 2306 1547 2364 ut
1571 2294 1757 2375 sciremus,
1784 2289 1882 2362 Deus
1902 2306 1939 2364 et
1960 2295 2149 2386 praecipit,
2175 2310 2216 2367 ut
2229 2296 2285 2365 di-

246 2399 410 2483 circuitu,
431 2411 470 2467 ut
484 2410 612 2465 certam
625 2411 825 2488 temporum
838 2396 966 2466 seriem
981 2408 1240 2476 conservarent,
1293 2421 1430 2468 scamus
1447 2396 1533 2490 quid
1549 2396 1594 2465 sit
1609 2418 1743 2481 annus,
1768 2407 1802 2465 et
1818 2408 1993 2468 monstrat
2011 2420 2146 2467 annum
2167 2399 2285 2468 conti-

247 2525 399 2595 quorum
425 2513 457 2569 et
473 2499 681 2568 heneficium
698 2512 836 2588 gratum
853 2500 957 2569 nobis
972 2521 1045 2567 esse
1061 2500 1182 2582 debet,
1207 2511 1241 2566 et
1294 2524 1378 2571 nere
1400 2523 1538 2569 menses
1559 2498 1769 2583 duodecim,
1801 2510 1834 2568 et
1857 2498 1961 2568 initia
1991 2498 2030 2568 in
2056 2499 2282 2592 aequinoctio

246 2603 426 2672 laudanda
450 2602 611 2685 solertia,
644 2601 848 2690 diligentia,
881 2601 1085 2686 assiduitas,
1112 2599 1240 2669 volun·
1294 2602 1488 2676 constituit.
1532 2599 1627 2672 Haec
1645 2600 1770 2693 primis
1789 2595 2282 2672 bominibnsdoctrinaehu·

246 2717 300 2775 tas
316 2706 406 2774 benc
423 2703 582 2773 merendi
599 2705 642 2772 de
657 2726 785 2794 genere
800 2700 969 2778 humano.
1014 2700 1109 2773 Sunt
1123 2715 1239 2773 autem
1293 2707 1348 2776 ius
1363 2704 1497 2776 semina
1512 2705 1669 2776 luerunt.
1721 2700 1840 2791 Quare
1859 2701 2001 2776 coelesti
2023 2701 2083 2773 illa
2111 2727 2196 2774 voce
2216 2705 2282 2772 ad-

248 2807 410 2877 solertiae
435 2821 469 2876 et
492 2806 696 2896 diligentiae
720 2805 919 2877 testimonia
944 2806 1095 2874 illustria
1118 2804 1241 2889 multa,

247 2905 493 3001 utEclipsium
512 2908 781 3001 praedictiones,
798 2921 834 2977 et
852 2909 926 2999 ipsa
941 2907 1240 2998 annidescriptio,

249 3011 349 3080 cuius
373 3010 557 3096 circuitus,
590 3024 631 3082 ut
656 3026 830 3105 quantum
853 3011 928 3080 fieri
952 3024 1087 3102 posset,
1116 3009 1239 3079 certis·

249 3111 337 3180 sime
353 3109 723 3201 comprehenderetur.

352 3211 460 3283 Varie
474 3227 642 3283 certatum
659 3229 720 3286 est.
753 3213 991 3286 Vetustissimi
1005 3215 1158 3288 reditum
1171 3213 1241 3284 So·

247 3314 292 3385 lis
315 3317 359 3385 ad
384 3328 513 3383 certam
538 3315 674 3384 stellam
694 3315 817 3402 fixam,
842 3341 964 3386 verum
982 3318 1065 3384 anni
1083 3317 1239 3407 spacium

247 3441 322 3488 csse
344 3430 541 3490 senserunt.
593 3414 733 3485 Deinde
756 3441 836 3486 cum
862 3419 997 3510 aliquot
1020 3417 1147 3487 seculis
1162 3419 1241 3508 post

247 3520 536 3590 animadversum
553 3532 660 3603 esset,
682 3519 801 3588 stellas
816 3540 1013 3610 progressas
1028 3543 1110 3604 esse,
1132 3543 1239 3612 quae-

248 3624 359 3692 renda
381 3622 449 3692 luit
470 3623 538 3691 alia
556 3623 624 3691 via.
677 3619 798 3711 Quare
818 3619 938 3711 Meto,
965 3646 1069 3715 quem
1088 3616 1240 3691 Athenis

246 3724 374 3794 vixisse
402 3725 580 3805 scribunt,
623 3747 709 3793 avus
736 3724 866 3816 opinor
893 3721 1138 3814 Empedoclis,
1179 3726 1240 3792 de-

247 3827 386 3919 scripsit
409 3852 544 3898 annum
562 3851 634 3896 esse
650 3827 802 3897 reditum
818 3827 855 3895 in
872 3828 964 3896 idem
979 3827 1123 3897 solstitii
1137 3828 1241 3896 aesti-

247 3929 284 3997 vi
302 3945 486 4022 punctum.
540 3928 634 4018 Quia
654 3931 748 3998 enim
766 3925 1047 4000 Atheniensibus
1065 3929 1150 3998 anni
1170 3929 1239 3997 ini-

248 4031 337 4103 tium
360 4047 436 4101 erat
460 4032 650 4101 solstitium
673 4032 862 4114 aestivum,
896 4033 934 4100 in
959 4058 999 4102 eo
1024 4046 1152 4101 metam
1175 4057 1241 4123 po-

248 4135 319 4209 tius
338 4134 534 4203 constituit.
585 4130 743 4215 Deinde,
774 4147 852 4223 post
866 4129 1062 4203 Alexandri
1080 4148 1240 4215 aetatem,

246 4228 475 4325 Hipparchus
509 4233 634 4303 maluit
669 4236 856 4303 observare
887 4235 1108 4326 aequinoctia
1134 4261 1239 4327 quam

248 4336 421 4420 solstitia,
455 4335 538 4427 qnia
567 4335 704 4428 aliquot
732 4336 859 4404 diebus
890 4337 980 4404 cirea
1011 4336 1158 4406 solstitia
1181 4363 1240 4406 va-

249 4438 354 4509 riatio
383 4436 633 4508 declinationis
662 4440 707 4506 ad
734 4437 1027 4529 aequinoctialem
1054 4461 1159 4506 sensu
1179 4440 1242 4509 de·

249 4535 422 4633 prehendi
447 4565 520 4611 non
545 4552 669 4629 potest.
739 4537 885 4609 Definiit
909 4564 990 4629 ergo
1015 4535 1242 4629 Hipparchus

249 4668 384 4719 annum
400 4668 473 4712 esse
487 4643 640 4712 reditum
652 4642 745 4714 Solis
761 4643 799 4710 in
814 4643 907 4712 idem
923 4642 1137 4738 aequinoctii
1151 4668 1243 4730 pun-

250 4759 357 4816 ctum.
416 4745 522 4817 Hunc
545 4761 683 4816 secutus
699 4744 945 4831 Ptolomaeus,
976 4761 1009 4816 et
1024 4769 1104 4816 suas
1121 4747 1241 4815 obser-

249 4848 411 4918 vationes
431 4851 632 4933 conferens,
658 4851 801 4921 tandem
826 4849 913 4918 anni
935 4849 1110 4917 rationem
1130 4849 1242 4918 tradi-

249 4950 302 5020 dit
323 4953 885 5043 constantioremsuperioribus,
916 4951 1083 5020 videlicet
1103 4950 1241 5020 dierum

248 5067 486 5123 trecentorum
502 5053 681 5143 sexaginta
698 5055 866 5148 quinque,
892 5048 1061 5122 horarum
1077 5077 1147 5133 sex,
1174 5054 1243 5121 mi-

248 5179 316 5226 nus
340 5156 593 5226 trecentissima
617 5171 714 5246 parte
735 5156 817 5225 diei.
868 5152 1037 5225 Nondum
1055 5151 1143 5225 haec
1160 5156 1244 5226 dili-

246 5260 364 5350 gentia
389 5258 556 5330 satisfecit
582 5258 849 5348 posterioribus.
901 5254 993 5328 Nam
1017 5273 1096 5351 post
1117 5256 1244 5330 Ptolo-

1293 2807 1441 2887 moniti,
1478 2807 1647 2877 utilitates
1681 2805 1935 2895 expendamus,
1977 2817 2013 2875 et
2044 2802 2112 2875 Dei
2145 2805 2282 2874 donum

1293 2911 1564 3002 amplectamur,
1599 2931 1757 2977 amemus
1783 2919 1817 2976 et
1844 2908 2055 2979 excolamus.
2116 2903 2283 2977 Coniun-

1294 3027 1367 3083 ctae
1386 3025 1476 3081 artes
1493 3025 1576 3082 sunt
1593 3010 1774 3090 doctrina,
1800 3011 1845 3079 de
1858 3009 2014 3080 motibus
2028 3008 2233 3080 coelestibus
2249 3025 2284 3081 et

1294 3109 1538 3206 Geograpbia,
1563 3137 1628 3183 nec
1644 3112 1765 3182 divelli
1785 3124 1944 3202 possunt.
1995 3110 2086 3201 Quis
2102 3124 2152 3181 est
2165 3125 2281 3181 autern

1293 3220 1381 3287 adeo
1406 3217 1592 3307 imperitus
1613 3215 1811 3285 communis
1832 3213 1942 3299 vitae,
1972 3215 2061 3283 adeo
2081 3214 2158 3283 sine
2180 3237 2286 3284 sensu

1293 3319 1493 3396 communi,
1526 3332 1566 3388 ut
1596 3318 1788 3388 arbitretur
1814 3316 1924 3384 vitam
1955 3338 2074 3385 carere
2095 3339 2199 3408 posse
2220 3311 2287 3386 hac

1293 3435 1387 3505 arte,
1411 3433 1631 3492 monstrante
1648 3420 1737 3490 situs
1753 3418 1959 3510 regionum,
1988 3417 2195 3504 intervalla,
2220 3441 2286 3492 naz·

1293 3521 1417 3595 tures?
2077 3539 2084 3556 ·

1396 3622 1502 3694 Nulla
1531 3622 1729 3713 navigatio,
1761 3623 1902 3694 nullum
1926 3620 1995 3692 iter
2015 3622 2120 3713 paulo
2142 3620 2286 3712 longius

1293 3725 1442 3816 suscipi,
1467 3740 1528 3797 aut
1545 3741 1637 3797 certe
1655 3726 1845 3814 gubernari
1861 3739 1993 3816 potest,
2019 3725 2064 3795 ab
2076 3718 2183 3794 huius
2197 3723 2287 3795 artis

1294 3827 1436 3919 ignaris.
1503 3827 1601 3917 Quid
1633 3829 1670 3895 in
1701 3829 1883 3920 scripturis
1913 3821 2149 3919 propheticis,
2192 3850 2287 3919 quo-

1293 3933 1399 3999 modo
1423 3945 1542 4020 vagata
1563 3931 1610 4000 sit
1626 3927 1800 4015 Ecclesia,
1821 3955 1910 4022 quae
1925 3952 1980 3998 res
1995 3930 2058 4000 ubi
2074 3943 2185 4019 gestae
2200 3927 2287 4013 sint,

1294 4035 1389 4103 unde
1406 4032 1555 4103 iudicari
1571 4048 1706 4123 posset,
1732 4034 1760 4102 si
1778 4036 1908 4102 deesset
1924 4027 2010 4100 haec
2026 4031 2210 4107 artificiosa
2225 4053 2286 4100 re-

1293 4137 1439 4226 gionum
1463 4137 1664 4224 descriptio.
1716 4134 1887 4223 Quotidie
1904 4135 1942 4203 in
1960 4135 2122 4224 precibus
2138 4133 2287 4204 intuen-

1294 4240 1337 4308 da
1361 4253 1412 4309 est
1434 4239 1549 4328 regio,
1576 4238 1613 4307 in
1631 4260 1700 4330 qna
1717 4237 1811 4307 lilius
1827 4234 1895 4306 Dei
1910 4249 2068 4306 versatus
2082 4248 2150 4321 est,
2178 4248 2212 4306 et
2229 4235 2287 4304 vi-

1294 4342 1399 4411 ctima
1428 4343 1559 4426 lacteas,
1593 4339 1801 4428 cogitandus
1828 4352 1880 4409 est
1901 4339 2018 4422 locus,
2052 4339 2185 4431 inquo
2209 4336 2287 4426 pri·

1295 4469 1392 4513 mum
1415 4443 1537 4514 sonuit
1560 4467 1627 4511 vox
1652 4441 1823 4513 coelestis.
1887 4438 1947 4511 Sic
1972 4442 2066 4508 enim
2090 4443 2167 4511 vult
2188 4434 2287 4509 Deus

1296 4546 1471 4629 invocari,
1493 4557 1534 4614 ut
1554 4543 1661 4613 simul
1685 4544 1729 4612 de
1750 4543 1922 4612 sacrificio
1939 4542 2004 4610 lilii
2019 4543 2231 4632 cogitemus,
2252 4551 2288 4610 et

1295 4650 1338 4716 de
1363 4646 1671 4737 promissionibus.
1721 4643 1763 4715 In
1789 4641 1884 4715 hisce
1910 4644 1997 4713 locis
2021 4669 2102 4714 cum
2127 4641 2289 4736 quotidie

1294 4749 1415 4819 sistere
1445 4748 1555 4817 animi
1589 4762 1668 4817 vota
1700 4750 1870 4832 debeant,
1902 4760 2034 4839 quanta
2060 4760 2112 4818 est
2136 4743 2293 4836 ignavia,

1296 4876 1369 4922 nou
1393 4851 1545 4938 cogitare
1570 4851 1635 4921 ubi
1658 4864 1831 4921 terrarum
1857 4849 1922 4918 sita
1947 4848 2029 4918 sint.
2088 4847 2186 4919 Haec
2209 4870 2295 4940 spe-

1294 4967 1388 5024 ctare
1410 4952 1516 5023 etiam
1540 4954 1676 5024 indocti
1699 4953 1848 5046 cupiunt
1873 4951 1911 5019 in
1935 4951 2094 5042 picturis.
2146 4945 2202 5021 Ac
2218 4949 2296 5019 nisi

1295 5079 1350 5126 ars
1382 5068 1535 5142 extaret,
1569 5080 1693 5126 omnes
1718 5052 1882 5124 homines
1911 5054 2091 5126 infinitum
2115 5053 2292 5146 quiddam

1295 5181 1368 5227 esse
1394 5158 1524 5229 terram
1554 5160 1765 5248 cogitarent,
1798 5182 1837 5227 ac
1864 5171 2002 5229 tantum
2026 5180 2147 5226 earum
2171 5155 2296 5244 regio-

1294 5285 1382 5331 num
1408 5263 1521 5353 spacia
1549 5275 1583 5332 et
1606 5260 1795 5331 intervalla
1822 5260 1970 5345 seirent,
1995 5281 2084 5351 quae
2108 5258 2299 5328 adiissent.

245 5384 388 5434 meeum
404 5357 636 5452 Albategnios
652 5384 746 5429 anno
761 5361 1071 5452 septingentesimo
1088 5364 1244 5454 quadra·
1293 5361 1508 5443 Hincanulti
1523 5387 1646 5455 graves
1663 5386 1800 5434 errores
1817 5365 1853 5433 in
1870 5363 1941 5431 vita
1956 5361 2151 5435 orirentur.
2184 5358 2298 5431 Nunc

246 5466 379 5552 gesimo
394 5465 509 5551 tertio,
531 5463 696 5535 videlieet
709 5477 790 5536 ante
803 5459 896 5537 hanc
910 5477 1069 5536 nostram
1082 5477 1245 5547 aetatem,
1294 5489 1378 5537 vero
1408 5491 1514 5560 quarn
1538 5460 1698 5557 matum,
1733 5491 1839 5560 quam
1861 5463 1949 5535 utile
1973 5476 2024 5534 est
2050 5476 2170 5536 mente
2192 5487 2298 5534 com-
