4732 6030
83 490 89 560 ξ
112 442 186 514 433

84 607 265 686 Proinde
285 613 444 707 quisquis
468 625 537 700 est,
565 613 628 708 qui
650 609 718 685 boc
744 629 880 686 tantum
906 639 1036 685 munus
1057 615 1096 683 in

96 713 273 797 Ecclesia,
296 716 352 785 vel
366 711 636 785 interbomines
652 717 810 802 sustinet,
836 718 1009 801 videlicet,
1034 718 1096 809 qui

108 817 211 886 estin
228 817 397 902 excubiis,
423 830 464 887 ut
481 818 661 888 doctrinae
676 819 812 909 puritas
830 831 863 887 et
879 819 963 886 boni
981 841 1094 886 mores

107 931 378 1002 conserventur,
403 919 433 986 is
457 919 534 987 iure
554 943 730 988 summum
748 922 894 1009 gradum
913 920 1007 988 inter
1028 914 1094 986 bo-

106 1018 220 1087 mines
235 1030 341 1091 tenet.
382 1015 430 1089 Et
444 1032 561 1089 tantae
575 1021 626 1088 rei
645 1044 764 1089 curam
780 1019 955 1092 Romanis
971 1019 1095 1089 Ponti·

106 1120 230 1188 ficibus
248 1120 332 1186 olim
349 1117 485 1211 Synodi
502 1124 806 1194 commendarunt.
856 1120 960 1190 Nunc
976 1134 1092 1190 autem

105 1220 144 1288 in
160 1216 228 1288 hoc
242 1233 342 1290 tanto
356 1221 502 1291 dissidio
518 1222 614 1291 orbis
629 1236 814 1306 terrarum,
842 1234 876 1290 et
891 1223 1093 1311 ingentibus

104 1321 318 1411 religionum
332 1345 372 1390 ac
388 1322 504 1411 legum
519 1323 704 1413 periculis,
729 1324 827 1391 nulla
843 1324 960 1416 aequa*
971 1323 1092 1412 cogni-

104 1423 155 1492 tio
178 1418 346 1492 hactenns
369 1423 528 1493 instituta
551 1437 614 1493 est.
674 1420 794 1494 Audio
820 1425 922 1492 etiam
947 1439 1092 1493 conten-

105 1525 188 1592 dere
202 1523 350 1606 multos,
377 1519 467 1592 nihil
485 1547 574 1614 opus
590 1536 640 1595 est
659 1549 751 1595 nova
766 1525 984 1614 cognitione,
1008 1525 1090 1617 quia

106 1619 250 1693 haeres
273 1637 375 1693 autea
397 1624 435 1691 in
452 1623 606 1717 Synodis
630 1625 803 1697 iudicatae
827 1639 862 1696 et
882 1626 1092 1695 constitutae

105 1725 187 1795 siut.
241 1723 359 1811 Quare
376 1749 450 1796 non
466 1726 512 1795 sit
528 1726 822 1816 permittendum,
846 1738 886 1795 ut
908 1750 1030 1795 rursus
1053 1728 1091 1794 in

104 1825 343 1918 quaestionem
369 1841 550 1900 vocentur.
607 1826 755 1897 Nullum
785 1828 954 1920 inquiunt
985 1829 1091 1895 finem

102 1928 176 1995 fore
210 1927 379 1994 movendi
410 1930 592 2016 dogmata,
632 1929 662 1996 sl
689 1927 917 2022 Synodornm
944 1930 1092 1997 decretis

105 2040 304 2096 assuescant
320 2023 483 2097 homines
497 2030 677 2118 refragari.
729 2028 798 2100 Sed
815 2024 901 2096 haec
917 2028 1018 2097 facile
1035 2052 1091 2096 re-

102 2128 209 2197 futari
231 2141 389 2219 possunt.

197 2227 357 2297 Primum
373 2228 504 2298 multae
518 2251 613 2299 nnnc
628 2227 806 2319 agitantur
821 2229 1093 2314 controversiae,

103 2330 148 2397 de
163 2330 355 2397 recentium
372 2341 570 2419 temporum
591 2332 778 2415 abusibus,
804 2357 893 2424 quae
908 2356 1091 2424 nunquam

103 2430 142 2498 in
159 2431 337 2500 veteribus
352 2427 507 2522 Synodis
521 2432 668 2519 agitatae
684 2446 778 2502 sunt.
811 2431 979 2502 Nondum
997 2433 1092 2501 enim

104 2532 142 2597 in
158 2526 351 2599 Ecclesiam
371 2525 408 2596 bi
426 2530 541 2600 morbi
565 2533 777 2606 invaserant.
828 2532 967 2602 Deinde
984 2558 1090 2627 quae·

104 2633 185 2700 dam
204 2631 241 2699 in
260 2631 436 2702 veteribus
451 2630 604 2725 Synodis
620 2635 777 2718 decreta,
801 2659 893 2728 quae
914 2638 958 2704 ad
973 2657 1093 2704 causas

104 2746 301 2823 praesentes
320 2734 514 2824 quadrant,
547 2736 658 2824 magis
681 2737 949 2828 patrocinantur
968 2732 1092 2805 Eccle-

105 2834 164 2903 siis
177 2835 318 2914 uostris,
345 2857 451 2925 quarn
466 2837 686 2904 adversariis.
723 2836 905 2908 Postremo
919 2840 1091 2931 quaedam

104 2949 206 3004 antea
239 2936 365 3024 agitata
398 2949 482 3003 suut
514 2950 659 3026 propter
690 2937 777 3004 alias
803 2939 1094 3021 circumstantias,

104 3060 194 3129 quae
210 3059 311 3126 saepe
324 3035 463 3102 variant
477 3036 632 3119 negocia.
684 3034 860 3126 Tempore
877 3035 1012 3129 Synodi
1028 3037 1093 3108 Ni-

105 3161 211 3206 cenae
233 3146 334 3203 erant
355 3133 394 3199 in
419 3156 484 3201 usu
508 3133 775 3203 satisfactiones:
807 3138 867 3204 sed
890 3152 975 3207 tunc
992 3149 1093 3206 erant

105 3235 368 3322 castigationes,
393 3232 449 3299 vel
464 3232 612 3323 exempli
631 3258 730 3303 causa
750 3236 949 3321 institutae,
976 3238 1031 3306 vel
1049 3239 1093 3306 ad

105 3334 339 3423 explorandos
360 3354 475 3400 mores
498 3356 641 3418 eorum,
674 3336 734 3427 qui
760 3337 922 3427 lapsuum
947 3362 1091 3407 suorum

105 3435 245 3501 veniam
264 3432 440 3524 petebant.
498 3430 611 3503 Nemo
637 3448 721 3505 tunc
745 3437 932 3527 affingebat
957 3453 1093 3528 specta·

106 3535 183 3604 cula
208 3535 270 3604 illa
297 3533 423 3601 mereri
446 3533 687 3604 remissionem
711 3553 944 3627 peccatorum.
997 3537 1092 3609 Haec

105 3636 279 3704 recentior
292 3649 384 3705 aetas
398 3634 585 3723 vestigium
600 3637 728 3706 retinet
742 3640 879 3731 antiqui
896 3641 1005 3724 ritus,
1030 3642 1091 3709 sed

104 3737 272 3829 pleraque
289 3735 450 3817 mutavit,
476 3749 509 3805 et
524 3737 651 3805 multas
667 3739 814 3806 adfinxit
829 3741 998 3807 absurdas
1012 3741 1092 3828 opi-

104 3838 240 3909 niones.
280 3834 370 3906 Cum
387 3836 495 3925 igitur
510 3839 769 3906 controversiae
784 3838 970 3933 pleraeque
985 3835 1093 3908 huius

106 3939 290 4030 temporis,
313 3960 387 4005 non
402 3937 474 4006 siut
488 3937 668 4025 agitataea
686 3929 880 4035 veteribus,
907 3955 941 4010 et
957 3941 995 4008 in
1011 3941 1092 4032 qui-

103 4040 252 4110 busdam
270 4037 462 4107 adversarii
475 4039 577 4106 marii
595 4039 702 4127 magis
717 4041 941 4111 discesserint
958 4065 977 4109 a
996 4055 1092 4110 vete-

103 4165 183 4209 rum
200 4140 425 4233 Synodorurn
443 4139 608 4224 decretis,
633 4163 738 4232 quam
761 4165 844 4226 nos,
872 4142 1042 4210 iniustum
1058 4155 1093 4210 et

104 4240 246 4309 crudele
277 4256 328 4311 est
356 4241 520 4329 defugere
550 4241 807 4329 cognitionem,
840 4265 905 4311 nec
935 4241 1091 4330 legitimo

104 4338 281 4411 Ecclesiae
313 4342 444 4410 iudicio
479 4342 602 4411 tollere
630 4365 783 4421 errores,
815 4366 855 4412 ac
888 4342 1091 4414 discordias.

105 4440 203 4529 Quid
222 4444 484 4532 respondebunt
500 4441 706 4527 Pontifices,
732 4444 793 4535 qui
809 4456 989 4534 praesunt,
1011 4468 1091 4512 cum

104 4543 197 4611 tilius
224 4543 311 4611 Dei>
329 4543 367 4610 in
397 4556 574 4632 postremo
597 4544 728 4613 iudicio
753 4544 868 4635 palam
897 4544 1092 4636 apparebit,

105 4667 234 4736 eosque
249 4645 426 4713 accusabit
438 4644 673 4733 praetermissi
686 4645 804 4730 officii,
821 4648 981 4716 ostendet
996 4646 1092 4737 ipso-

105 4769 185 4814 rum
208 4745 264 4812 vel
286 4744 498 4835 pertinacia,
523 4745 580 4811 vel
600 4747 811 4835 negligentia
834 4748 991 4818 infinitas
1012 4746 1092 4814 ani-

104 4869 179 4917 mas
194 4870 214 4915 a
228 4843 304 4916 Deo
321 4846 457 4914 avulsas
471 4866 544 4914 esse
561 4867 600 4913 ac
615 4847 770 4935 periisse.

207 4947 277 5019 Sed
299 4945 419 5015 sinon
436 4946 568 5016 faciant
588 4945 742 5015 officium
757 4946 962 5034 Pontifices,
985 4968 1091 5038 opor·

106 5049 195 5119 tebit
211 5073 256 5117 ne
272 5047 475 5120 Romanum
487 5046 742 5138 Imperatorem
759 5046 943 5143 Synodum
958 5072 1092 5118 convo-

16 5209 18 5212 .
105 5173 202 5232 care,
228 5164 262 5220 et
277 5150 409 5219 iudices
423 5148 568 5218 idoneos
583 5149 735 5237 deligere
751 5171 814 5219 sno
831 5164 864 5221 et
878 5149 1029 5245 Synodi,
1051 5172 1091 5218 ac

33 5318 36 5323 ,
104 5250 260 5342 partium
278 5249 434 5320 iudicio?
464 5247 689 5340 Respondeo.

208 5348 267 5420 Ad
289 5372 418 5420 munus
440 5349 492 5441 pii
514 5348 739 5442 Imperatoris
761 5349 909 5420 maxime
926 5351 1091 5444 pertinet,

106 5452 146 5521 in
161 5465 260 5524 tanto
277 5452 435 5544 periculo
457 5451 672 5523 cessantibus
686 5450 937 5533 Pontificibus,
958 5475 1092 5522 convo-

106 5576 184 5623 care
199 5552 396 5649 Synodum,
422 5567 455 5624 et
473 5552 685 5624 constituere
699 5553 894 5644 legitimum
909 5553 1092 5626 indicium.

155 5658 335 5725 Mensura.
353 5661 459 5727 Orrn.
472 5657 557 5726 Vor‘.
571 5655 634 5726 Xl.

654 441 815 519 DECL.
853 441 930 517 DE
965 433 1208 515 OFFlClO
1242 435 1586 513 PRINCIPUM.

2059 453 2134 532 434

1146 609 1219 680 Nec
1242 624 1293 680 est
1307 610 1472 704 Synodus
1496 611 1571 680 sine
1592 611 1719 702 capite,
1744 615 1881 687 etiamsi
1901 643 1975 690 non
1992 628 2133 700 accedat

1147 713 1316 781 autoritas
1332 711 1556 797 Pontificum,
1578 714 1638 804 qui
1654 714 1807 784 officium
1823 741 1925 787 suum
1940 727 2133 815 negligunt.

1144 809 1222 882 Etsi
1238 814 1332 882 enirn
1348 809 1533 904 Episcopis
1549 837 1610 882 sua
1627 819 1821 887 reverentia
1837 822 1997 908 debetur,
2014 842 2132 900 tamen

1145 927 1218 984 tota
1241 910 1397 983 Ecclesia
1424 916 1627 984 mandatum
1654 910 1779 1001 babet,
1805 934 1844 989 ut
1866 938 1984 994 caveat
2008 951 2133 1016 pravas

1145 1016 1349 1106 opiniones,
1375 1029 1408 1085 et
1430 1017 1590 1103 dogmata
1614 1016 1801 1104 diiudicet,
1828 1034 1868 1090 ut
1892 1023 2010 1117 inquit
2029 1025 2134 1100 Chri.

1145 1131 1233 1186 stus:
1258 1113 1386 1186 Cavete
1402 1140 1422 1185 a
1439 1115 1771 1208 Pseudoprophetis.
1814 1118 1892 1190 Hoc
1908 1147 2133 1219 praeceptum

1145 1219 1190 1286 ad
1211 1217 1412 1286 nniversam
1430 1213 1623 1287 Ecclesiam
1647 1220 1810 1308 pertinet.
1860 1218 1974 1314 Ergo,
1996 1232 2132 1304 etiamsi

1143 1316 1330 1386 Pontifices
1365 1318 1401 1384 id
1429 1319 1624 1407 negligant,
1662 1333 1780 1389 tamen
1811 1323 1945 1417 reliqua
1975 1325 2134 1406 Ecclesia

1145 1419 1387 1509 obtemperare
1401 1419 1516 1502 debet,
1541 1418 1724 1489 instituere
1736 1423 1974 1512 cognitionem
1988 1445 2020 1500 et
2038 1435 2134 1505 diiu-

1145 1520 1369 1593 dicatiouem.
1421 1517 1462 1587 ld
1480 1532 1520 1588 ut
1538 1519 1608 1603 fiat,
1633 1522 1819 1611 praecipua
1837 1530 1993 1600 membra
2008 1529 2134 1606 Eccle-

1142 1620 1214 1691 siae
1229 1620 1374 1690 caeteris
1388 1620 1522 1691 anteire
1539 1622 1680 1696 debent.

1246 1716 1409 1807 Adbaec,
1441 1723 1504 1790 etsi
1539 1723 1685 1793 interest
1715 1724 1809 1793 inter
1839 1727 1990 1800 officium
2019 1733 2134 1809 civilis

1144 1821 1390 1909 Magistratus,
1423 1836 1458 1892 et
1480 1835 1683 1911 potestatem
1706 1825 1990 1916 ecclesiasticam,
2016 1849 2133 1909 tamen

1145 1920 1373 2009 Magistratus
1388 1922 1501 1990 civilis
1514 1936 1629 1992 custos
1645 1939 1696 1994 est
1710 1925 1818 1995 totius
1835 1929 1921 2016 legis
1937 1933 1974 2000 in
1992 1933 2134 2010 externa

1144 2022 1342 2111 disciplina.
1394 2021 1442 2093 Ut
1466 2018 1633 2112 prohibet
1658 2050 1697 2093 ac
1723 2029 1828 2116 punit
1849 2034 1956 2102 armis
1987 2036 2137 2112 iniustas

1144 2124 1284 2206 caedes,
1318 2124 1429 2205 furta,
1463 2139 1496 2193 et
1524 2124 1653 2192 similia
1676 2127 1801 2198 delicta
1832 2137 2027 2220 pugnantia
2053 2164 2134 2211 cum

1143 2225 1294 2292 secunda
1316 2223 1437 2294 tabula
1460 2223 1648 2315 Decalogi,
1675 2226 1722 2297 ita
1745 2228 1857 2298 multo
1880 2238 1991 2325 magis
2008 2237 2135 2329 probi.

1143 2325 1227 2394 bere
1259 2349 1298 2394 ac
1322 2325 1450 2416 punire
1475 2326 1578 2397 debet
1610 2341 1750 2398 externa
1780 2332 1908 2404 scelera
1938 2343 2134 2429 pugnantia

1144 2449 1224 2495 cum
1259 2427 1372 2517 prima
1407 2428 1546 2511 tabula,
1590 2429 1753 2499 videlicet
1785 2431 1963 2506 idolorum
2000 2443 2136 2530 cultus,

1144 2522 1349 2616 blasphema
1383 2529 1564 2615 dogmata,
1614 2530 1788 2619 periuria,
1834 2534 2134 2626 prophanationes

1144 2628 1345 2696 manifestas
1379 2628 1666 2697 'ceremoniarum
1701 2631 1873 2700 divinitus
1910 2642 2133 2718 traditarum.

1143 2726 1252 2798 Errat
1267 2729 1329 2820 qui
1346 2729 1487 2799 nullum
1505 2751 1577 2797 esse
1599 2730 1788 2799 discrimen
1804 2731 1938 2806 iudicat
1952 2739 2048 2811 inter
2062 2741 2135 2813 Ar-

1144 2829 1358 2899 mentarium
1383 2843 1417 2897 et
1432 2827 1699 2919 Magistratum,
1725 2833 1789 2926 qui
1813 2848 1928 2908 custos
1946 2856 1997 2912 est
2018 2844 2134 2918 civilis

1145 2930 1330 3002 societatis.
1381 2927 1609 3000 Armentario
1633 2933 1717 3002 satis
1739 2948 1791 3004 est
1818 2941 1993 3025 pecudum
2018 2949 2153 3018 ventri·

1143 3031 1354 3122 prospicere.
1404 3028 1473 3100 Sed
1491 3046 1606 3101 custos
1622 3033 1736 3103 civilis
1758 3037 1933 3110 societatis
1957 3069 2030 3114 non
2054 3063 2135 3120 tan-

1144 3146 1220 3202 tum
1243 3153 1408 3221 corpora,
1440 3155 1581 3221 pacem,
1617 3146 1651 3202 et
1672 3131 1732 3228 (ut
1763 3137 1809 3208 ita
1831 3140 1967 3239 dicam)
2001 3151 2135 3222 ventris

1144 3231 1238 3301 bona
1254 3232 1345 3300 tueri
1360 3232 1476 3316 debet,
1502 3235 1564 3302 sed
1582 3237 1782 3306 meminerit
1799 3262 1835 3308 se
1851 3264 1924 3311 esse
1939 3245 2006 3316 Dei
2025 3251 2136 3320 mini-

1144 3346 1267 3405 strum.
1318 3330 1435 3401 Huius
1452 3334 1586 3422 gloriae
1601 3335 1755 3425 primum
1780 3343 1926 3428 serviat,
1954 3348 2136 3424 intueatur

1143 3434 1248 3501 linem
1264 3427 1442 3502 humanae
1456 3436 1647 3520 societatis,
1674 3452 1707 3506 et
1722 3433 1817 3511 bunc
1838 3449 2026 3539 praecipue
2048 3454 2136 3526 sciat

1142 3534 1212 3603 sibi
1228 3535 1397 3604 tuendum
1415 3556 1499 3605 esse.
1552 3533 1643 3605 Tota
1661 3541 1755 3607 enim
1772 3537 1857 3612 baec
1876 3549 2023 3622 societas
2040 3554 2135 3623 diri-

1144 3636 1241 3705 nitus
1261 3635 1446 3726 praecipue
1468 3636 1629 3707 instituta
1650 3643 1760 3709 estad
1779 3637 1874 3714 bunc
1893 3647 2014 3737 finem,
2039 3656 2136 3727 utin

1144 3758 1183 3803 ea
1214 3735 1410 3805 innotescat
1438 3759 1478 3804 ac
1504 3737 1700 3809 celebretur
1721 3737 1827 3817 Deus.
1883 3746 1922 3816 ld
1954 3753 2029 3822 fieri
2059 3780 2135 3826 non

1143 3848 1276 3925 potest,
1309 3835 1378 3903 nisi
1401 3859 1471 3904 una
1497 3836 1654 3907 viventes
1682 3841 1743 3908 alii
1768 3844 1856 3912 alios
1880 3851 1925 3916 de
1952 3854 2135 3927 voluntate

1142 3935 1229 4016 Dei,
1253 3937 1306 4016 ‚de
1331 3936 1456 4004 officiis
1476 3933 1553 4004 Deo
1577 3940 1703 4025 gratis,
1734 3944 1778 4009 de
1801 3945 1871 4012 vita
1894 3962 2056 4032 aeterna,
2088 3958 2134 4026 de

1143 4036 1309 4126 praemiis
1341 4035 1500 4122 piorum,
1531 4038 1574 4102 de
1600 4040 1791 4126 impiorum
1819 4048 1944 4133 poenis
1970 4054 2133 4128 doceant.

1145 4136 1228 4203 ldeo
1246 4147 1317 4204 tam
1333 4133 1444 4201 multa
1465 4147 1548 4204 sunt
1565 4136 1705 4208 vincula
1722 4143 1912 4232 societatis,
1938 4157 2133 4245 generatio,

1143 4234 1323 4320 educatio,
1347 4233 1543 4319 institutio,
1569 4237 1727 4329 imperia,
1754 4259 1962 4337 contractus,
1989 4256 2134 4345 iudicia,

1142 4351 1183 4406 ut
1207 4335 1248 4406 in
1271 4331 1336 4404 bac
1350 4347 1448 4404 tanta
1469 4338 1635 4408 varietate
1655 4345 1881 4431 negociorum
1904 4358 2133 4430 ostendamus

1143 4450 1299 4508 nostram
1324 4439 1367 4506 de
1390 4435 1465 4506 Deo
1490 4442 1718 4529 sententiam,
1752 4460 1909 4520 nostram
1938 4460 2132 4544 professio-

1143 4563 1245 4624 nem,
1270 4551 1305 4608 et
1323 4551 1537 4628 praestemus
1553 4542 1801 4622 obedientiam.
1852 4549 1908 4622 Sit
1931 4555 2041 4642 igitur
2057 4563 2133 4651 pri-

1143 4664 1200 4709 ma
1217 4662 1300 4709 cura
1316 4637 1589 4728 Magistratuum
1604 4647 1776 4733 omnium,
1796 4664 1836 4720 ut
1855 4655 2043 4744 religiones
2061 4662 2133 4736 sint

1142 4764 1269 4833 purae,
1296 4741 1410 4808 luceat
1425 4739 1462 4806 in
1478 4742 1636 4832 imperiis
1652 4750 1858 4821 mandatum
1875 4756 1920 4824 de
1935 4761 2131 4833 confessio·

1142 4867 1200 4923 ne,
1219 4842 1315 4935 quod
1331 4853 1423 4909 certe
1437 4862 1511 4909 non
1527 4844 1642 4913 solum
1658 4849 1701 4915 ad
1718 4850 1872 4937 privatos
1885 4861 2048 4947 pertinet,
2069 4867 2132 4934 sed

1142 4944 1248 5014 etiam
1264 4943 1307 5010 ad
1322 4963 1478 5010 summos
1493 4943 1755 5031 gubernatores,
1777 4965 1818 5021 ut
1833 4978 1901 5023 vox
1917 4962 2076 5035 coelestis
2090 4965 2131 5035 in

1141 5043 1284 5113 Psalmo
1300 5055 1463 5113 testatur:
1489 5058 1523 5113 et
1538 5068 1634 5114 nunc
1649 5045 1764 5136 Reges
1779 5052 1982 5146 intelligite,
2007 5068 2132 5134 erudi·

1143 5144 1233 5212 mini
1247 5144 1309 5236 qui
1324 5143 1486 5213 iudicatis
1497 5157 1637 5215 terram.
1683 5146 1778 5220 llaec
1792 5176 1929 5247 semper
1942 5168 2130 5258 praecipua

1142 5269 1224 5316 cura
1241 5245 1310 5315 fuit
1321 5245 1461 5337 piorum
1476 5244 1703 5339 Principum,
1729 5255 1790 5344 qui
1808 5278 1905 5329 arma
1922 5286 1987 5353 pro
2005 5261 2130 5336 Eccle.

1143 5348 1192 5416 sia
1207 5344 1274 5416 Dei
1291 5347 1475 5436 gerebant,
1500 5360 1541 5417 ut
1561 5346 1691 5434 Moisi,
1716 5349 1857 5444 losuae,
1881 5357 2047 5450 Davidis,
2071 5365 2130 5435 lo-

1144 5442 1488 5540 sapbat‚'Ezechiae.
1539 5445 1678 5521 Horum
1694 5453 1862 5530 victoriae
1885 5485 1959 5532 non
1984 5488 2026 5533 eo
2047 5488 2130 5556 spe·

1144 5549 1302 5648 stabant,
1325 5563 1366 5620 ut
1379 5548 1533 5641 populus
1545 5550 1584 5620 in
1598 5551 1931 5727 ocizossvoluptatibus
1943 5563 2131 5654 frueretur,
