1481 1679
259 154 297 174 s55

261 199 283 216 de
300 197 339 215 iure
356 195 482 221 responderim.
512 195 581 213 Deinde
598 196 681 214 vicesimo
697 196 756 219 primo

261 230 309 242 anno
321 223 387 241 Doctor
398 225 466 240 creatus
476 228 523 239 sum.
547 221 572 239 Et
583 228 604 239 ex
614 228 679 244 magno
691 228 757 242 amore,

262 256 315 273 qucm
331 255 371 271 erga
385 248 433 265 illius
446 247 506 265 fratris
520 247 567 265 Petri
583 247 680 265 bonitatem
694 246 757 267 habeo,

263 281 302 293 cum
313 274 390 292 calamus
403 272 447 290 haec
457 273 528 295 scribit,
544 273 603 290 cordis
614 273 675 291 oculus
687 272 758 296 lachry-

263 306 299 318 mas
311 302 378 320 movet;
398 298 470 322 ipseque
481 299 509 316 vir
522 299 629 316 venerabilis
639 298 701 316 Petrus
713 298 758 316 dixit

263 324 314 346 mibi,
323 330 341 342 se
348 324 408 347 plures
415 330 435 341 ex
444 324 480 342 illis
489 325 548 347 pueris
553 324 657 347 exposititiis
665 323 699 342 hoc
708 327 758 347 pacto

263 351 302 368 aliis
318 350 421 371 tradidisse,
440 354 460 368 ut
473 356 503 368 eos
518 356 555 367 non
569 350 629 371 aliter,
646 356 698 373 quam
712 349 759 367 filios

263 379 364 394 tractarent.

313 413 362 431 Haec
369 416 411 431 sunt
417 413 486 431 Bartoli
495 413 554 434 verba,
567 419 611 436 quae
619 413 715 431 ostendunt
722 418 759 430 non

264 439 318 457 modo
331 439 366 456 vim
379 439 456 461 ingenii,
473 445 507 462 qna
518 439 597 456 mirabili
605 439 692 457 eeleritate
701 439 723 456 ad
732 439 760 456 sn-

264 465 336 487 stigium
344 464 462 487 amplissimae
467 465 558 482 doctrinae
565 465 662 486 contendit,
669 465 699 482 sed
707 464 760 481 etiam

265 490 303 508 eius
318 490 401 513 pietatem
415 496 455 512 erga
468 489 534 511 Deum,
552 493 569 507 ct
581 490 708 512 gratitudinem
719 495 760 512 erga

264 518 403 539 praeceptorem.
428 515 495 533 Paulus
506 516 528 533 de
540 514 612 533 Christo
622 518 691 536 narrat,
704 515 727 533 ab
739 520 760 532 eo

265 541 389 564 repetitionem
407 541 450 563 legis
467 541 489 558 de
505 544 560 558 aetate
578 540 601 559 Β.
618 541 640 558 de
654 540 761 561 minoribns,

265 567 290 584 ita
306 566 414 584 elaboratam
431 572 477 588 esse,
496 570 516 584 ut
529 566 654 590 quinquennio
667 572 705 583 eam
718 566 761 583 reti-

265 592 326 610 nuerit
338 595 379 609 ante
393 592 500 612 editionem,
516 595 534 609 et
547 591 623 609 subinde
637 592 731 609 correxerit
745 594 761 608 et

265 617 389 641 perpoliverit;
408 618 462 641 idque
469 614 498 635 *ait
509 617 618 640 praedicasse
629 617 686 640 ipsum
698 616 761 635 Barto-

266 643 313 664 lnm,
330 643 415 666 additque
432 643 574 665 obiurgationcm
591 642 697 663 iuventutis,
717 648 762 665 qnae

265 675 314 686 nunc
321 668 373 686 stulte
381 669 467 691 gloriatur
474 669 496 686 de
504 668 597 689 celeritate=
605 668 697 691 inquiens:
710 667 762 685 Nune

266 694 341 717 puderet
353 694 431 717 aliquem
446 694 460 711 si
474 694 558 711 fateretur
570 699 589 711 se
604 699 674 711 menses
688 698 718 711 sex
729 693 763 711 tri-

265 719 324 737 buisse
336 719 367 736 tali
377 719 436 742 operi,
453 719 483 736 sed
495 719 576 737 scribunt
591 719 650 736 subito
665 719 763 742 pereuntia.

266 744 299 762 Illa
307 744 376 762 Bai-toli
388 745 470 767 repetitio
478 744 550 762 durabit
561 745 582 762 ad
589 750 661 762 omnem
670 744 763 768 posterita-

266 773 307 788 tem.
333 769 381 787 Haec
389 769 455 788 Paulus
462 770 484 788 de
492 769 560 788 Castro.

318 806 388 825 Omitto
403 807 489 831 pleraque
503 807 585 830 preconia
595 807 675 828 Bastuli,
692 807 714 825 de
725 807 763 825 eius

266 833 338 856 ingenio
351 836 368 851 et
379 833 458 856 scriptia,
470 839 490 851 ac
501 836 572 851 tantum
583 833 658 851 referam
669 832 763 854 ,Panormi-

266 859 305 877 tani
312 858 390 879 dictum,
404 858 423 875 in
431 858 474 881 Cap.
483 865 523 876 cum
530 858 583 876 nobis
591 859 613 876 de
622 858 724 882 praescript.
731 859 763 882 qui

267 884 301 905 ait,
313 883 393 901 omnium
403 884 469 901 iudicio
478 883 562 902 Bartolus
569 890 631 901 omnes
640 884 736 902 scribentes
744 884 764 901 in

267 909 355 932 aequitate
362 912 378 926 et
386 908 460 926 veritate
470 909 565 927 antecellit.
590 909 626 927 Nec
638 910 717 932 profecto
729 910 763 927 mi-

267 940 302 952 nus
314 934 355 951 fidei
368 937 385 952 et
398 934 496 952 autoritatis
511 933 545 961 hpc
560 934 681 952 testimonium
698 933 764 952 habere

267 960 376 978 censendum
388 963 423 980 est.
436 965 489 983 quam
502 960 550 983 quod
559 959 622 977 Cicero
633 960 713 983 impertit
721 960 764 978 Ser-

268 986 298 1003 vio
304 985 391 1007 Sulpitio,
404 991 444 1002 tum
454 985 487 1003 ait:
500 985 536 1003 Nee
544 991 586 1003 vero
593 985 678 1003 silebatur
686 985 764 1003 admira-

267 1011 310 1029 bilis
318 1014 335 1028 et
342 1010 462 1032 incredibilis,
473 1014 491 1028 et
498 1017 543 1034 pene
552 1011 612 1028 divina
622 1011 659 1028 eiua
671 1011 690 1028 in
703 1011 761 1034 legen—

267 1036 304 1058 dis,
316 1036 465 1059 interpretandis,
477 1036 565 1060 aequitate
575 1036 693 1060 explicandis,
706 1037 763 1054 scien-

267 1062 301 1083 tia;
315 1068 372 1085 neque
383 1062 431 1079 enim
444 1062 475 1079 ille
486 1062 542 1085 magis
550 1061 697 1084 Iurisconsultus,
710 1067 763 1086 quam

268 1087 347 1105 iusticiue
356 1087 395 1105 suit.
420 1087 472 1105 Hanc
485 1087 541 1110 ipsam
553 1088 623 1105 laudem
635 1094 689 1111 quam
701 1088 763 1106 Servio

268 1113 331 1131 tribuit
339 1112 412 1134 Cicero,
425 1113 505 1131 doctores
513 1113 633 1136 probatissimi
646 1120 710 1136 magno
721 1120 763 1132 ton-

268 1144 320 1156 sensu
327 1138 410 1155 tribuunt
417 1137 496 1156 Bartolo.
521 1137 560 1156 Etsi
569 1142 627 1157 autem
638 1145 675 1156 non
683 1140 764 1162 pervenit

268 1164 291 1181 ad
298 1166 385 1180 senectam
391 1177 396 1184 ,
409 1167 490 1181 mortuus
496 1167 522 1181 est
530 1163 549 1181 in
557 1169 605 1181 anuo
616 1164 678 1181 aetatis
685 1170 726 1182 suae
733 1164 764 1183 46.

268 1193 327 1206 tamen
333 1188 410 1211 Reipub.
422 1189 511 1211 praeclare
520 1189 614 1210 satisfecit,
626 1195 663 1206 non
674 1189 732 1207 solum
744 1190 764 1207 in

269 1213 328 1232 schola
334 1228 339 1235 ‚
352 1214 382 1231 sed
392 1214 445 1231 etiam
453 1214 472 1231 in
480 1214 519 1231 soro
527 1217 545 1232 et
551 1214 606 1232 curia.
631 1213 673 1233 Fuit
680 1215 728 1232 enirn
734 1221 764 1233 as-

269 1246 326 1258 sessor
333 1239 409 1257 Tuderli
420 1243 438 1257 ct
446 1239 500 1261 Pisis3
513 1239 547 1257 fuit
558 1243 575 1257 et
584 1240 695 1258 consiliarius
704 1240 760 1264 lmpe-

268 1266 332 1284 ratoris
342 1265 402 1283 Caroli
415 1265 480 1287 Quarti
490 1265 606 1283 laudatissimi
618 1265 716 1289 Principis,
732 1267 763 1290 qui

232 1298 235 1300 ¹
268 1297 331 1314 magna
337 1291 402 1309 virtute
411 1291 480 1314 pacavit
485 1290 553 1308 ltaliam
562 1291 593 1308 diu
598 1291 715 1309 conflictatam
725 1292 764 1309 bel-

268 1316 291 1334 lis
302 1317 390 1334 intestinis
403 1317 436 1334 nib
447 1316 539 1334 Ludovico
549 1316 628 1338 Bavnro3
641 1317 660 1334 iu
672 1317 693 1334 iis
702 1317 763 1335 ltaliae

268 1342 346 1360 motibus
353 1342 441 1363 sedandis,
451 1342 470 1359 in
478 1342 607 1360 constituendis
614 1342 689 1364 iudiciis,
697 1346 714 1361 et
721 1349 763 1366 pace

269 1368 375 1388 munienda,
388 1367 462 1386 Carolus
472 1368 548 1385 maxime
557 1373 599 1385 usus
608 1371 634 1385 est
642 1367 710 1386 Bnrtoli
720 1375 763 1386 con-

268 1393 318 1414 silio,
331 1393 406 1416 perinde
417 1397 437 1411 ut
446 1392 536 1415 Augustus
547 1393 652 1416 Capitonem
666 1397 683 1411 et
693 1393 762 1412 Treba-

267 1419 312 1437 tium
320 1418 403 1436 adhibuit
409 1422 448 1442 post
457 1419 524 1436 bellum
532 1419 594 1440 civile,
606 1420 628 1437 ad
640 1419 698 1442 legum
707 1423 723 1437 et
734 1420 762 1438 iu-

267 1445 354 1463 diciorum
367 1447 385 1462 et
394 1444 449 1462 totius
457 1444 515 1462 civilis
522 1447 578 1463 status
590 1445 736 1463 emendationem.

513 152 593 171 DECL.
619 152 656 171 ΒΕ.
673 152 801 172 nummo
817 152 854 172 ET
871 151 1020 171 BARTOLO.

1242 155 1279 174 ³56

832 195 881 213 Haec
893 196 915 213 de
928 195 1001 213 Bartolo
1014 196 1092 213 breviter
1106 202 1126 213 ex
1140 196 1187 214 veris
1201 196 1281 216 historiis

783 222 891 244 collegimus.
914 221 951 239 Iam
960 221 1034 244 cogitate
1041 222 1099 245 qualis
1107 227 1157 239 error
1164 222 1192 244 sit,
1205 227 1225 241 ut
1234 223 1280 241 nihil

783 248 845 265 durius
859 247 928 267 dicam,
941 250 999 265 tantos
1011 247 1058 264 viros
1070 247 1092 264 de
1100 250 1137 264 toto
1147 253 1211 270 genere
1221 248 1281 267 homi-

783 279 827 291 nnm
836 273 902 296 optimc
909 273 988 294 meritos,
998 278 1035 289 non
1043 272 1166 295 magnifacere,
1177 280 1209 292 nec
1217 281 1281 293 eorum

784 299 858 316 virtutes
873 301 891 316 et
902 298 966 316 merita
979 298 1084 320 intelligere.
1115 298 1228 317 Iuventutem
1238 307 1281 318 vero

785 323 879 345 adhortor,
891 327 912 341 ut
922 324 978 341 discat
989 324 1069 341 venerari
1078 322 1111 341 hos
1120 324 1225 343 excellentes
1234 326 1282 344 viros

786 349 873 373 praeditos
881 349 1001 371 singularibus
1008 353 1026 367 et
1033 349 1139 367 coelestibus
1146 350 1206 372 donis,
1212 355 1229 369 et
1236 351 1283 369 bene

785 378 872 392 merentes
886 375 908 392 de
920 374 1011 392 communi
1026 375 1115 393 societate.
1143 375 1180 393 Nee
1190 382 1230 394 vero
1243 377 1281 394 ulla

786 407 829 418 voce
842 399 921 417 humana
937 400 979 418 satis
996 400 1094 423 praedicari
1107 404 1165 424 potest
1178 402 1280 425 magnitudo

786 425 840 444 huius
847 426 914 447 meriti,
927 426 976 449 quod
984 431 1021 443 non
1033 426 1091 443 solum
1101 432 1151 444 suam
1159 430 1282 445 aetatemveru-

786 452 828 472 diit,
841 455 859 469 et
870 451 945 469 contulit
957 451 1073 472 industriam,
1086 455 1103 469 et
1113 458 1183 474 pacem,
1196 453 1218 471 ad
1228 453 1282 471 dimi-

786 477 854 500 plinam
863 476 984 497 retinendam,
997 477 1019 494 ad
1027 477 1174 500 tranquillitatem
1182 479 1283 496 communis

787 502 884 523 societatis,
896 508 949 526 quam
957 501 1006 519 Deus
1015 502 1054 520 vult
1064 502 1116 520 nobis
1127 509 1179 520 curae
1191 510 1236 524 esse,
1250 505 1282 521 sed

787 528 839 546 etiam
851 534 922 545 ornnem
932 527 1051 550 posteritatem
1062 528 1131 550 scriptis
1139 528 1198 550 docet,
1211 529 1230 546 in
1239 529 1281 552 qui-

787 553 820 571 bus
828 559 892 571 nervos
899 553 953 571 tradit
961 553 1007 576 pacis
1014 556 1032 571 et
1039 553 1148 576 disciplinae.

837 603 911 622 Utinam
922 604 984 621 talium
996 604 1076 622 virorum
1086 604 1160 622 consilia
1172 604 1252 623 valerent
1263 605 1283 623 in

787 629 859 652 Repub.
888 629 939 647 Sicut
955 630 1003 652 apud
1020 628 1125 648 Lotharium
1142 629 1217 652 Irnerii,
1235 632 1283 654 apud

788 655 887 673 Henritum
897 655 1058 677 Lucelburgensem
1069 655 1152 678 Bulgari,
1169 656 1216 679 apud
1228 655 1284 674 Caro-

788 680 918 702 lun-Quartum
925 680 993 698 Barloli
1001 681 1086 698 autoritas
1094 681 1157 700 valuit.
1182 681 1226 699 Nam
1235 686 1283 700 vete-

789 712 817 724 res
824 706 897 727 omitto,
908 705 980 727 lulium,
992 705 1098 728 Augustum,
1111 706 1215 729 Traianum,
1228 707 1283 725 Seve-

789 738 838 752 rum,
854 730 985 753 Alexandrum,
1001 732 1032 755 qui
1046 730 1092 749 nihil
1106 732 1232 754 decernebant,
1249 733 1284 750 nisi

789 755 874 775 adhibiti·
884 757 952 780 aliquot
960 756 1096 775 Iurisconsulti&
1120 757 1167 775 Cum
1175 758 1222 775 enim
1229 757 1284 775 Prin-

789 788 830 806 ceps
843 783 866 799 rit
880 786 938 800 custos
950 783 1009 805 legum
1023 786 1041 800 et
1052 782 1140 804 iusticias,
1157 786 1174 800 et
1183 782 1237 806 Κεφ.
1249 782 1283 801 ha-

789 808 831 826 beat
841 814 885 830 opus
894 808 959 831 scripto
967 808 1014 829 iure,
1026 814 1063 825 non
1071 811 1127 831 potest
1133 808 1171 825 sine
1179 814 1231 828 vote,
1243 809 1283 826 sine

790 833 865 852 consilio
885 833 1007 851 Iurisconsulti
1021 837 1068 852 recte
1083 833 1130 852 tueri
1147 840 1198 852 auum
1211 840 1282 853 munus.

790 859 825 877 δῶ
832 863 852 877 ut
860 857 990 877 Demosthenes
1000 859 1066 883 inquit:
1079 859 1114 877 Dei
1121 859 1158 877 sedi
1168 863 1223 877 astare
1231 860 1283 877 iuni--

790 885 834 903 ciam
843 885 983 909 gubernatricem
995 883 1098 906 hominurn,
1111 885 1136 903 sic
1146 885 1206 902 adesse
1214 884 1284 903 Princi-

790 910 842 933 pibus
850 910 946 928 monitores
954 910 1033 928 eruditos
1040 910 1059 928 in
1066 910 1135 933 legibus
1140 914 1217 933 oportet.

841 963 883 981 Dixi
896 964 919 981 de
934 964 1005 982 duobus
1018 964 1159 986 lnrisconsulth,
1174 965 1197 982 de
1211 965 1285 982 caeteris

790 990 868 1007 fortassis
881 990 925 1007 alias
934 990 1019 1008 dicturus.
1046 990 1098 1008 Nunc
1108 989 1194 1008 adhortor
1202 990 1284 1008 invenes:

790 1015 869 1038 primum
884 1019 904 1033 ut
911 1016 995 1033 -venerari
1008 1015 1040 1033 hos
1056 1015 1136 1033 heroicos
1147 1016 1195 1033 viros
1205 1016 1285 1037 discant3

791 1041 855 1058 deinde
870 1044 890 1058 ut
906 1041 957 1058 avide
973 1047 1035 1059 eornm
1051 1041 1132 1059 doctrina
1145 1041 1181 1059 frui
1195 1041 1285 1059 studeant

790 1069 887 1089 postremo,
905 1070 926 1084 ut
939 1070 1026 1090 quantum
1040 1067 1115 1090 quisque
1128 1073 1160 1090 pro
1174 1066 1241 1088 ingenii
1254 1066 1284 1084 sni

791 1092 860 1109 viribus
867 1095 933 1115 potest,
945 1092 1057 1115 diligentiam
1066 1098 1128 1110 eorum
1143 1095 1160 1110 et
1171 1091 1285 1110 sedulitatem

790 1117 857 1135 imitari
865 1121 961 1139 conentur,
973 1119 1031 1141 quod,
1041 1122 1062 1136 nt
1068 1118 1138 1139 faciant,
1151 1117 1216 1136 multae
1222 1123 1286 1140 graves

790 1149 852 1161 causae
859 1143 938 1166 singulos
946 1142 987 1161 huic
996 1143 1101 1166 professioni
1109 1144 1178 1161 deditos
1186 1141 1286 1161 adhortan-

790 1172 825 1186 tur·
850 1168 931 1186 Pertinet
942 1169 990 1186 enim
1000 1167 1043 1186 haee
1050 1175 1079 1186 ars
1085 1169 1107 1186 ad
1119 1169 1217 1187 custodiam
1224 1168 1285 1192 publi-

790 1200 821 1211 cae
828 1194 885 1217 paeis,
893 1200 947 1218 quam
955 1194 971 1211 si
977 1194 1089 1214 adiuvamus,
1102 1194 1125 1212 ita
1133 1198 1153 1212 ut
1158 1194 1217 1212 officia
1224 1197 1286 1212 nostra

789 1220 886 1238 referamus
897 1226 926 1240 eu,
943 1223 964 1238 ut
974 1225 1057 1237 ornemus
1066 1219 1181 1242 religionem,
1196 1223 1216 1237 ut
1227 1219 1286 1237 luceat

789 1248 851 1262 nostra
860 1245 902 1262 fides
914 1245 932 1262 in
944 1244 972 1262 his
983 1245 1091 1266 actionibus,
1105 1249 1123 1263 et
1135 1245 1224 1268 prosimus
1232 1250 1286 1262 verae

789 1270 888 1292 Ecclesiae,
903 1270 979 1288 sciamus
991 1277 1024 1288 nos
1034 1270 1073 1289 Deo
1086 1271 1205 1293 gratissimum
1216 1270 1286 1288 cultum

789 1299 882 1319 praestare.
908 1295 961 1314 Hunc
969 1297 1016 1314 enim
1025 1297 1078 1314 tinem
1087 1302 1123 1314 case
1129 1296 1187 1314 civili·
1197 1295 1287 1313 societatis

789 1321 838 1339 Deus
848 1321 914 1342 voluit,
927 1325 946 1339 ut
955 1328 995 1340 vera
1005 1322 1061 1345 ipsius
1069 1322 1135 1339 noticia
1145 1322 1191 1339 inter
1202 1320 1287 1339 homine»

790 1347 900 1367 illucescere,
913 1351 930 1365 et
940 1348 975 1365 late
981 1348 1041 1371 spargi
1048 1348 1108 1370 possit.
1129 1347 1183 1365 Hunc
1190 1347 1244 1364 finan
1251 1352 1287 1364 nos

789 1372 809 1390 in
819 1372 903 1391 omnibus
914 1373 997 1392 civilibus
1007 1373 1070 1391 officiis
1082 1373 1149 1391 intueri
1156 1372 1231 1391 omnino
1241 1378 1286 1390 con-

788 1398 843 1417 venit,
868 1398 916 1416 Dixi.
