4732 6030
178 366 278 447 test
702 360 863 437 Daca.
893 362 970 439 DE
1007 356 1384 437 NATlVlTATE
1416 358 1672 439 CHRlS'l'l.
2102 364 2201 436 tots

175 564 257 626 nes,
281 562 370 634 quae
383 538 524 623 docent,
548 560 613 606 cur
625 535 718 605 lilius
730 536 856 606 missus
868 536 926 621 sit,
950 537 1011 607 sed
1026 558 1163 606 summa
1214 556 1296 601 men
1311 532 1366 601 illi
1380 556 1479 604 casus
1495 556 1631 602 summa
1647 531 1740 602 mala
1755 547 1849 604 sunt.
1902 530 2088 628 Quidquid
2102 535 2197 603 enim

175 642 229 711 rei
259 640 413 711 breviter
442 640 481 707 in
508 640 617 707 verbo
639 632 863 707 Osculamini
885 637 1078 726 significata
1100 650 1163 709 est.
1214 636 1353 705 linitum
1374 650 1444 719 est,
1469 636 1575 705 breve
1597 649 1632 705 ει
1652 634 1815 725 exiguum
1831 636 2031 705 ducendum
2048 648 2099 705 est
2116 658 2197 726 prae

175 740 302 827 Venit,
330 755 371 812 ut
396 740 601 809 dulcissimo
627 740 747 809 osculo
768 734 1164 810 hancmiserametae-
1213 751 1366 808 aeterno.
1417 735 1524 827 Signa
1545 750 1628 808 suut
1650 750 1767 807 autem
1792 732 1878 807 haec
1901 736 2095 828 praesentia
2112 759 2197 828 sup-

175 864 379 913 rumnosam
408 833 566 910 hominis
594 854 757 910 naturam
781 840 1027 931 amplectatur,
1061 842 1163 932 eique
1215 838 1320 928 plicia
1342 839 1414 909 irae
1437 836 1516 912 Dei.
1573 836 1696 911 Restat
1720 838 1817 908 aliud
1843 840 2034 923 iudicium,
2067 838 2105 906 in
2126 861 2199 929 quo

174 944 349 1013 iusticiam
379 955 414 1011 et
439 942 548 1012 vitam
576 943 713 1013 reddat.
765 936 824 1013 Ah
855 942 1005 1014 nimium
1034 943 1164 1032 frigent
1215 953 1415 1028 retegantur
1426 940 1788 1029 omniumimpiorum
1800 954 1950 1011 mentes:
1976 938 2199 1010 omniamala

175 1058 315 1138 pectora
346 1056 465 1111 nostra
492 1045 531 1112 in
558 1044 663 1113 rebus
691 1043 797 1113 tantis
824 1044 1030 1133 cogitandis.
1079 1041 1161 1113 Nou
1214 1040 1360 1109 consilia
1383 1054 1417 1111 ει
1437 1043 1528 1113 faeta
1544 1044 1783 1131 proferentur,
1809 1056 1842 1112 et
1858 1042 2015 1111 damnati
2031 1042 2069 1109 in
2085 1053 2199 1110 aeter-

175 1144 271 1215 subit
291 1144 429 1213 animos
449 1146 580 1215 ferreos
599 1144 733 1233 agnitio
756 1158 817 1215 aut
837 1146 909 1214 irae
924 1140 1012 1229 Dei,
1037 1160 1098 1216 aut
1116 1144 1162 1211 li·
1213 1164 1279 1210 nos
1299 1142 1472 1213 cruciatus
1494 1143 1714 1213 abiicientur.
1765 1142 1804 1213 ld
1827 1143 1958 1213 malurn
1978 1143 2060 1236 quia
2077 1140 2199 1210 inlini-

174 1246 379 1316 berationis.
430 1245 501 1317 Sed
523 1247 655 1339 primos
676 1260 838 1338 parentes
860 1247 1066 1332 intuemini,
1100 1246 1162 1339 qui
1214 1256 1289 1313 tum
1313 1256 1381 1327 est,
1408 1268 1471 1314 uec
1494 1245 1600 1314 breve
1622 1245 2040 1333 necexiguumducatur.
2090 1241 2199 1311 Venit

174 1359 209 1416 ει
223 1346 394 1435 sapientia
410 1348 643 1434 excellebant,
667 1362 702 1418 ει
717 1348 950 1418 meminerant
963 1372 1053 1441 quac
1068 1349 1162 1416 dona
1214 1344 1322 1433 igitur
1343 1344 1437 1415 filius
1453 1342 1539 1431 Dei,
1563 1360 1604 1417 ut
1623 1372 1642 1415 a
1662 1362 1801 1437 peccato
1819 1359 1854 1416 ει
1869 1359 2009 1417 aeterna
2025 1358 2139 1415 morte
2153 1341 2199 1410 li-

173 1448 383 1522 amisissent.
433 1446 483 1518 l·li
510 1474 590 1519 cum
619 1449 708 1541 lapsi
731 1464 862 1534 essent,
894 1450 977 1544 quia
1000 1456 1161 1519 nondum
1214 1446 1311 1514 beret
1332 1470 1477 1533 omnes,
1503 1448 1565 1540 qui
1586 1449 1663 1517 voci
1679 1444 1862 1538 Evangelii
1883 1448 2125 1538 obtemperare
2139 1446 2198 1514 in·

173 1549 296 1619 audita
323 1562 398 1620 erat
419 1550 608 1641 promissio
630 1552 674 1619 de
698 1552 924 1635 liberatione,
955 1552 1041 1644 quid
1064 1550 1162 1620 aliud
1214 1546 1370 1637 cipiunt,
1401 1549 1474 1617 imo
1503 1563 1537 1619 et
1567 1563 1763 1640 praesentes
1785 1550 1998 1619 calamitates
2020 1544 2199 1617 Ecclesiae

174 1650 327 1739 cogitare
352 1664 533 1740 poterant,
558 1651 626 1719 nisi
651 1675 687 1720 se
709 1651 864 1723 abiectos
886 1676 959 1721 esse
983 1665 1163 1744 perpetuo,
1214 1647 1361 1737 mitigat.
1400 1648 1820 1736 ServanturHieremias,
1845 1648 1989 1734 Daniel,
2015 1643 2199 1718 lechonias

174 1764 214 1822 ut
239 1752 411 1821 diabolos.
462 1750 599 1823 Norant
615 1751 730 1822 Deum
752 1756 882 1823 iustum
908 1778 999 1835 esse,
1025 1768 1059 1824 ει
1081 1777 1162 1821 vere
1214 1762 1247 1818 et
1268 1747 1331 1819 alii
1352 1749 1456 1820 multi
1481 1750 1550 1838 pii,
1576 1751 1681 1820 etiam
1702 1752 1732 1819 si
1752 1754 1837 1821 urbs
1854 1750 2100 1845 Hierosolyma
2122 1750 2198 1817 solo

173 1874 214 1923 ac
236 1852 329 1920 serio
354 1853 455 1922 irasci
478 1866 639 1944 peccato,
665 1853 737 1923 imo
761 1856 836 1946 rapi
858 1878 894 1923 se
919 1856 956 1922 iu
980 1855 1163 1937 iudicium,
1213 1863 1401 1943 aequatur,
1435 1864 1471 1920 et
1493 1851 1601 1943 impia
1625 1850 1817 1921 multitudo
1842 1847 2064 1921 horribiliter
2087 1851 2199 1919 iuter-

174 1967 209 2023 et
228 1954 383 2024 accusari
405 1980 487 2025 mox
502 1956 711 2040 audiebant,
737 1980 801 2025 nec
817 1954 874 2050 (ut
890 1950 1053 2025 homines
1068 1958 1161 2024 leves
1213 1952 1339 2021 ficitur.
1408 1951 1447 2023 Si
1479 1952 1761 2043 magnitudinem
1791 1966 1993 2022 nostrorum
2022 1952 2199 2021 malorum

173 2054 324 2123 futiliter
350 2054 522 2143 cogitant)
546 2054 662 2126 Deum
685 2076 760 2124 non
783 2058 1017 2142 magnifacere
1041 2082 1161 2147 pecca·
1214 2053 1505 2143 intelligeremus:
1531 2055 1559 2123 si
1585 2054 1783 2123 videremus
1805 2066 1975 2150 quantum
1998 2053 2129 2121 malum
2154 2052 2199 2121 sit

174 2170 249 2224 tum
271 2170 304 2226 ει
326 2159 477 2248 quadam
494 2156 661 2228 futilitate
677 2158 827 2227 abiicere
841 2160 929 2227 iram
946 2158 1162 2242 iudicabant,
1213 2168 1434 2246 contemptus
1455 2156 1520 2227 Dei
1544 2170 1578 2226 et
1600 2170 1794 2247 peccatum:
1821 2156 1850 2226 si
1875 2155 1965 2224 iram
1983 2152 2051 2225 Dei
2074 2155 2200 2223 adver-

173 2258 234 2324 scd
259 2280 340 2325 vere
363 2259 567 2329 metuebant
589 2272 746 2328 aeternas
764 2283 904 2351 poenas.
954 2256 1001 2329 Et
1017 2260 1161 2353 quidem
1213 2279 1271 2326 sus
1293 2272 1473 2348 peccatum
1494 2258 1719 2327 sentiremus:
1745 2255 1775 2323 si
1797 2281 1991 2350 poenarum
2010 2267 2106 2326 metu
2121 2254 2198 2322 affi-

171 2353 292 2442 Deus,
316 2369 427 2428 utest
450 2384 549 2430 niens
574 2360 781 2445 iustissima,
807 2384 879 2429 non
903 2361 1053 2431 futiliter
1075 2386 1161 2429 cou—
1213 2382 1386 2427 ceremur:
1425 2372 1500 2429 tum
1531 2384 1615 2428 vero
1642 2358 1954 2447 magnifaceremus
1984 2358 2197 2427 beneficium

172 2458 350 2527 temnebat
379 2474 576 2549 peccatum,
607 2463 667 2530 sed
697 2486 778 2532 vere
811 2461 1034 2532 irascebatur.
1092 2460 1161 2531 llic
1211 2455 1362 2533 fitiiDei.
1403 2458 1471 2531 Sed
1488 2460 1525 2527 iu
1540 2456 1606 2529 hoc
1619 2458 1710 2544 ocio,
1736 2458 1774 2527 in
1787 2455 1844 2529 his
1859 2458 1995 2528 deliciis
2011 2472 2045 2528 ει
2059 2480 2198 2537 somno,

172 2559 281 2647 igitur
305 2558 634 2648 intercessit'frlius,
660 2585 700 2631 ac
722 2565 928 2652 deprecatus
953 2577 1002 2633 est
1021 2587 1161 2655 proge-
1212 2572 1341 2652 quotus
1367 2562 1517 2655 quisque
1541 2564 1668 2630 desua
1694 2560 1940 2644 immundicie,
1973 2561 2018 2628 de
2044 2559 2096 2629 ira
2119 2557 2199 2641 Dei,
2234 2634 2239 2643 ‚

173 2684 257 2727 nere
282 2654 457 2743 humano,
483 2676 517 2732 et
535 2678 575 2733 ut
598 2663 752 2733 iustitiae
767 2663 833 2733 Dei
854 2665 1053 2751 satisfieret,
1076 2689 1160 2756 poe-
1211 2665 1255 2730 de
1293 2662 1432 2751 tragicis
1471 2662 1728 2733 calamitatibus
1761 2676 1795 2733 ει
1825 2659 1993 2754 exemplis
2024 2660 2097 2731 irae
2130 2658 2197 2731 Dei

173 2784 256 2829 nam
280 2759 317 2827 iu
344 2781 380 2829 sc
400 2761 585 2834 derivavit.
636 2762 767 2851 Magna
783 2778 817 2833 ει
832 2766 921 2833 seria
941 2766 1161 2853 deliberatio,
1211 2762 1366 2853 cogitat?

172 2877 207 2933 et
237 2862 364 2930 ardens
394 2861 593 2951 deprecatio
624 2861 711 2946 fuit,
745 2865 788 2931 de
814 2890 883 2956 qua
911 2866 998 2934 olim
1026 2868 1062 2935 in
1088 2869 1159 2938 vita

170 2977 312 3032 aeterna
327 2961 570 3053 colloquemur
584 2962 740 3047 uberius,
766 2988 861 3033 nunc
877 2978 994 3035 tamen
1007 2981 1046 3036 ut
1059 2970 1158 3057 pueri

171 3066 344 3132 elementa
366 3062 561 3146 discamus,
587 3065 769 3134 credamus
783 3062 898 3134 Deum
917 3092 997 3136 sere
1014 3093 1158 3138 succcu-

171 3164 299 3247 scisse,
333 3187 398 3231 nec
429 3163 578 3233 futiliter
604 3164 770 3235 abiecisse
793 3163 903 3251 iram,
935 3164 993 3243 sed
1018 3171 1156 3240 ardenti

170 3263 417 3355 deprecatione
438 3264 503 3332 filii
524 3266 697 3357 placatum
722 3291 806 3341 csse.
857 3266 897 3337 ld
921 3269 1029 3358 igitur
1050 3273 1157 3340 bene·

168 3367 288 3437 licium
306 3379 422 3457 postca
442 3367 646 3457 parentibus
661 3364 792 3439 nostris
807 3370 970 3458 exponit,
996 3385 1031 3443 et
1047 3374 1158 3443 tradi-

168 3485 229 3541 tur
249 3466 435 3558 promissio
454 3469 497 3536 de
512 3481 661 3537 venturo
678 3468 878 3543 liberatore.
927 3470 1058 3541 Samen
1074 3498 1156 3542 mu·

168 3568 743 3659 lierisconteretcaputserpeutis.
793 3569 1157 3641 Dceoseminedein·

167 3694 249 3763 ceps
272 3683 387 3761 patres
409 3682 444 3739 et
457 3664 655 3761 Prophetae
677 3669 876 3739 concionati
899 3682 1000 3757 sunt,
1022 3685 1056 3742 ει
1072 3698 1156 3742 eau-

166 3796 243 3845 sam
256 3794 319 3840 cur
330 3769 490 3839 mittatur
500 3783 699 3862 exponunt,
723 3783 762 3840 ut
774 3770 832 3842 liat
845 3770 1006 3856 victima,
1030 3787 1064 3843 et
1078 3775 1156 3865 pla·
1307 3762 1471 3840 Christus
1484 3772 1611 3840 ardens
1624 3795 1743 3841 amore
1758 3776 1890 3860 nostri,
1914 3777 2036 3847 osculo
2050 3802 2114 3847 suo
2130 3801 2196 3847 nos

166 3886 241 3944 cata
269 3873 322 3941 ira
346 3869 431 3958 Dei,
461 3872 566 3943 nobis
595 3872 755 3943 restituat
787 3871 956 3945 iustitiam
981 3887 1015 3945 et
1046 3875 1156 3945 vitam
1207 3870 1345 3943 salutat.
1406 3868 1509 3941 lubet
1537 3872 1645 3962 igitur
1673 3898 1740 3942 vox
1767 3872 1853 3958 Dei,
1895 3877 2048 3948 vicissim
2078 3879 2194 3969 ipsum

164 3987 355 4046 aeternam.
1207 3973 1327 4043 osculo
1340 3972 1470 4063 excipi,
1496 3973 1531 4040 id
1547 3988 1614 4057 est,
1639 3975 1772 4060 audiri,
1799 3991 1832 4046 ει
1844 3978 1911 4047 fide
1925 4004 2004 4048 eum
2019 3979 2194 4071 amplecti.

270 4070 378 4140 Venit
407 4073 516 4164 igitur
545 4067 708 4145 Christus
740 4077 860 4146 oscrtlo
892 4100 957 4146 nos
988 4078 1155 4161 salutans,
1208 4074 1255 4147 Ut
1284 4088 1369 4143 tunc
1393 4074 1537 4165 quidem
1562 4072 1697 4161 Mater,
1729 4074 1877 4169 loseph,
1911 4080 2091 4164 Pastores,
2123 4080 2193 4148 Za-

165 4177 295 4249 ardens
322 4195 442 4242 amore
470 4175 583 4247 nostri
615 4174 726 4269 (scitis
754 4178 850 4247 enirn
874 4180 954 4272 quis
975 4180 1018 4251 sit
1042 4182 1153 4251 osculi
1206 4172 1361 4258 charias,
1385 4172 1586 4261 Elisabeth,
1613 4175 1777 4263 Simeon,
1802 4182 1927 4264 Anna,
1958 4177 2042 4251 huic
2064 4182 2193 4251 infanti

166 4272 305 4369 seusus)
321 4273 505 4365 alloquens
521 4301 586 4348 nos
606 4278 829 4363 suavissime,
863 4281 1075 4371 promittens
1097 4307 1153 4350 re·
1206 4279 1243 4346 in
1259 4278 1358 4367 genis
1374 4277 1484 4347 multa
1499 4279 1655 4347 suawiola
1672 4281 1843 4369 figebant,
1868 4297 1902 4353 ct
1919 4283 1957 4351 in
1979 4298 2119 4374 pectore
2134 4308 2193 4353 ac-

164 4378 369 4449 missionem
397 4388 616 4464 peccatomm
644 4383 846 4450 donandam
872 4396 1015 4473 propter
1037 4384 1151 4473 ipsum
1205 4380 1307 4448 cendi
1329 4379 1507 4447 flammam
1537 4380 1618 4448 fidei
1642 4383 1857 4463 sentiebant,
1888 4388 2193 4477 agnoscebantquc

163 4480 294 4579 gratis,
328 4490 367 4546 ut
389 4476 434 4545 sit
460 4476 666 4547 heneficium
688 4494 833 4556 eertum.
884 4480 984 4553 llanc
1009 4484 1152 4578 Moyses
1175 4560 1179 4588 ι
1204 4481 1271 4548 sibi
1296 4492 1441 4572 propter
1464 4475 1559 4549 hunc
1581 4482 1827 4564 liberatorem,
1860 4486 1974 4557 Deum
1997 4488 2191 4577 propitium

164 4607 237 4653 non
254 4579 385 4657 attulit,
412 4580 471 4645 scd
488 4576 599 4646 solius
614 4577 678 4646 filii
696 4606 825 4652 ηιιιηυι
840 4597 901 4671 est,
928 4585 990 4677 qui
1008 4586 1149 4678 quidem
1203 4605 1294 4665 esse,
1319 4595 1353 4651 ει
1368 4581 1534 4649 vaticinia
1550 4584 1593 4651 de
1611 4608 1652 4651 eo
1676 4584 1916 4671 illustrabant,
1939 4602 1973 4657 et
1990 4612 2093 4656 sittim
2110 4611 2190 4656 coe-

165 4680 448 4770 otuneslnvllal,
483 4678 685 4748 clsswll'dssssss
717 4680 843 4757 Venite
866 4688 909 4753 ad
936 4711 991 4754 rue
1017 4713 1151 4771 artures,
1203 4697 1277 4753 tum
1294 4684 1392 4750 omni
1407 4683 1523 4751 officio
1539 4684 1717 4758 fovebant.
1750 4687 1809 4757 Sic
1823 4710 1962 4779 semper
1976 4689 2027 4779 pii
2044 4688 2192 4778 flagrent

162 4787 225 4881 qui
255 4782 422 4852 laboratis
451 4792 486 4849 et
515 4780 651 4849 onerati
681 4782 783 4864 estis,
815 4812 877 4875 ego
900 4788 1051 4856 reficiam
1077 4813 1149 4857 vos.
1200 4808 1319 4853 amore
1340 4779 1494 4867 Christi,
1534 4797 1569 4853 et
1595 4801 1762 4878 tauquam
1791 4789 1908 4857 oscula
1939 4790 2075 4875 daturi,
2114 4816 2191 4859 am-

163 4887 244 4978 Qua
270 4886 308 4952 iu
331 4882 502 4952 sententia
523 4883 675 4969 cogitare
692 4908 753 4951 vos
769 4884 837 4953 iam
854 4903 1008 4977 oportet,
1034 4914 1149 4979 quan·
1201 4887 1399 4975 plectantur
1426 4909 1506 4953 eum
1537 4884 1626 4970 fide,
1665 4892 1832 4957 accedant
1856 4892 1899 4959 ad
1922 4887 2037 4959 Deum
2061 4892 2187 4961 fiducia

162 5003 217 5060 tae
247 4987 320 5056 sint
349 4983 510 5052 miseriae
535 4978 681 5051 humani
704 4988 862 5074 generis,
896 5014 981 5081 quas
1003 4992 1146 5083 quidem
1201 4981 1307 5056 huius
1324 4986 1545 5069 urediatoris,
1570 4988 1737 5059 invocent
1752 4991 1888 5069 Deum,
1915 5004 1949 5061 ει
1968 4994 2072 5061 abeo
2095 4996 2189 5061 hona

160 5100 358 5161 monstrant
381 5083 587 5178 quotidiana
608 5088 777 5177 exempla.
835 5087 902 5159 Sed
931 5105 1047 5160 tamen
1074 5106 1146 5160 tra·
1199 5088 1394 5178 praesentia
1415 5102 1449 5157 ει
1464 5088 1583 5157 futura
1602 5104 1722 5180 petant
1739 5104 1773 5160 ει
1789 5106 1979 5180 expectent.
2032 5093 2070 5165 Si
2086 5094 2189 5181 friget

159 5192 366 5283 gocdiarum
395 5188 573 5274 exempla,
614 5210 833 5257 sumumrum
868 5183 1051 5260 hominum
1081 5194 1146 5262 tri·
1197 5190 1357 5273 anninus,
1384 5213 1447 5258 nec
1465 5186 1744 5279 petitaChristo
1760 5192 1973 5286 quidquam,
2001 5194 2121 5263 nullus
2136 5209 2187 5265 est

158 5294 331 5365 stissimos
346 5311 445 5357 casus
459 5288 560 5357 vobis
575 5289 778 5379 proponite,
805 5304 844 5360 ut
858 5291 994 5370 Aiacis,
1020 5290 1146 5361 Achil·
1196 5291 1307 5360 osculi
1331 5313 1470 5373 sensus,
1494 5292 1555 5358 sed
1572 5292 1754 5363 excitanda
1770 5318 1869 5363 rnerrs
1882 5310 1950 5378 est,
1977 5311 2016 5364 ut
2030 5296 2188 5385 experia-

158 5396 224 5478 lis,
249 5391 428 5474 Hectoris,
456 5387 748 5478 Agamemnonis,
770 5390 948 5476 Caesaris,
973 5392 1145 5482 Pompeii,
1195 5405 1264 5474 tur,
1286 5408 1457 5483 quantum
1474 5392 1521 5461 sit
1535 5391 1572 5460 in
1590 5388 1657 5464 hoc
1673 5397 1793 5466 osculo
1810 5412 1844 5467 et
1860 5396 2042 5487 complexu
2051 5390 2186 5468 Christi

157 5512 193 5569 ει
215 5490 573 5565 innumerabiliorum
594 5492 747 5561 aliorum
769 5494 944 5564 interitus.
994 5492 1067 5563 Nec
1090 5509 1146 5565 ta·
1193 5494 1389 5565 suavitatis.

1312 2912 1526 3009 Quanquam
1554 2928 1671 2986 autem
1700 2941 1826 3008 magna
1856 2916 2049 2988 multitudo
2080 2910 2198 2983 homi-

1211 3039 1297 3084 uum
1328 3018 1404 3088 sine
1433 3019 1677 3088 emendatione
1709 3021 1816 3104 vivit,
1845 3043 1884 3090 ac
1911 3019 1984 3089 ruit
2010 3019 2047 3085 in
2073 3039 2199 3108 perpe-

1210 3130 1311 3187 tuum
1333 3119 1494 3203 exitium,
1528 3132 1645 3190 tamen
1668 3122 1822 3215 aliquam
1838 3144 1911 3191 esse
1925 3116 2118 3191 Ecclesiam
2134 3142 2199 3185 ue-

1209 3241 1301 3287 cesse
1326 3232 1397 3305 est,
1428 3244 1518 3313 quae
1538 3220 1737 3290 venientem
1757 3218 1939 3293 Christum
1962 3220 2199 3311 amplectitur,

1208 3322 1366 3409 agnoscit
1394 3344 1467 3390 esse
1497 3324 1719 3392 liberatorem
1745 3320 1864 3392 aDeo
1888 3321 2053 3404 missum,
2083 3319 2197 3407 audit,

1207 3435 1241 3491 ει
1263 3424 1380 3492 studet
1402 3423 1433 3491 ei
1457 3424 1711 3509 obtemperare.
1762 3417 1947 3491 Adhortor
1969 3422 2078 3509 igitur
2092 3445 2197 3489 sana-

1207 3521 1296 3587 biles
1326 3543 1469 3605 omnes,
1503 3534 1544 3589 ut
1572 3513 1680 3590 huius
1706 3534 1825 3591 coetus
1847 3521 2007 3591 membra
2028 3546 2102 3593 csse
2122 3537 2197 3593 stu-

1207 3620 1334 3691 deant.
