4732 6030
113 221 188 360 res
617 278 776 360 nucu.
812 281 886 356 on
919 277 1198 357 encouro
1230 279 1652 360 ronnreanun.
2076 279 2152 365 aaa

112 461 215 552 gulae
238 479 318 528 suos
340 457 445 530 cives.
497 453 602 526 Nulla
626 470 698 527 tam
720 457 897 546 sapienter
916 456 1104 527 constituta
1154 456 1325 528 utilitates
1337 479 1403 547 pro
1417 456 1514 524 virili
1527 457 1699 540 iuvemus,
1719 456 1792 524 imo
1808 455 1984 550 quidquid
1997 480 2148 544 aramus,

113 561 234 633 civitas
260 560 330 630 fuit
357 582 537 652 unquam,
571 583 661 653 quae
691 563 734 629 ad
761 555 853 628 banc
877 560 1104 628 formicarum
1155 559 1330 652 quidquid
1352 559 1518 643 serimus,
1544 559 1719 651 quidquid
1741 558 1924 643 metimus,
1949 561 1992 628 ad
2012 560 2148 650 patriae

111 663 275 756 politiam
298 661 451 731 conferri
469 660 590 751 possit.
641 659 730 729 Nam
750 686 829 730 cum
846 661 987 730 nullum
1003 661 1105 730 urbi·
1153 662 1342 732 utilitatem
1368 661 1591 729 referendum
1609 684 1683 728 esse
1700 661 1948 731 existimemus.
1982 658 2148 754 Denique
2219 681 2222 687 ’

108 768 176 838 bus
197 788 376 835 venenum
395 763 581 833 nocentius
598 762 663 841 sit,
691 787 797 856 quam
813 764 950 843 ocium,
976 763 1105 832 videtis
1154 764 1252 833 illius
1272 763 1421 834 salutem
1444 787 1483 831 ac
1506 762 1801 855 tranquillitatem
1827 763 2064 853 antiquiorem
2089 764 2148 833 di·

108 864 202 937 hanc
232 878 365 959 pestem
396 864 522 956 procul
549 864 594 934 ab
627 858 696 934 boe
726 865 940 935 animalculo
973 866 1103 936 abesse.
1154 867 1305 957 gnitate,
1330 889 1370 934 ac
1386 866 1498 934 salute
1516 879 1653 950 nostra,
1680 866 1860 934 ducamus.
1911 861 2015 934 Hane
2031 866 2146 935 virtu·

108 967 304 1062 Nunquam
326 965 567 1037 ardentissimi
590 981 704 1037 aestus
720 991 740 1036 a
757 969 880 1037 labore
895 968 1104 1052 absterrent,
1153 983 1222 1040 tem
1239 968 1321 1036 licet
1337 967 1375 1035 in
1391 967 1548 1036 formicis
1565 991 1708 1036 cernere
1723 969 1768 1035 ad
1787 989 2011 1036 communem
2029 991 2146 1053 usum,

109 1096 183 1141 uon
203 1084 313 1141 noctu
330 1093 460 1139 vacuae
477 1081 577 1154 sunt,
602 1071 698 1162 quod
716 1082 855 1161 tempus
871 1070 951 1138 aliis
967 1070 1104 1139 anima·
1153 1069 1318 1140 adsiduas
1355 1092 1479 1160 operas
1516 1070 1790 1139 conferentibus.
1859 1066 2001 1139 Videris
2038 1094 2146 1164 quam

109 1173 206 1244 libus
224 1186 349 1244 natura
366 1172 411 1241 ad
428 1171 708 1264 quietcmdedit.
759 1170 843 1242 Non
859 1171 1105 1262 magnitudine
1153 1173 1344 1242 multarum
1367 1171 1540 1240 virtutum
1562 1173 1719 1262 exempla
1742 1171 1846 1239 nobis
1869 1170 2037 1242 formicae
2060 1196 2146 1264 pro·

110 1276 282 1345 itinerum
309 1287 370 1344 aut
398 1273 582 1362 asperitate
611 1273 750 1342 viarum
772 1274 958 1362 defatigari
981 1296 1017 1343 se
1040 1290 1105 1365 pass
1153 1287 1308 1365 ponant,
1341 1275 1386 1343 ad
1417 1295 1523 1366 quam
1550 1272 1740 1363 imaginem
1764 1273 1793 1339 si
1817 1273 2006 1344 maximam
2027 1269 2146 1345 bomi-

110 1380 264 1449 tiuntur.
312 1374 382 1446 Sed
403 1398 506 1466 saepe
519 1399 559 1444 ex
573 1374 769 1469 longinquo
783 1376 1003 1448 frumentum
1018 1399 1105 1445 eon·
1139 1401 1240 1447 ‚num
1269 1390 1404 1466 partem
1435 1375 1646 1460 contuleris,
1677 1386 1805 1468 quotus
1827 1374 1976 1468 quisque
2001 1377 2067 1447 erit
2088 1371 2147 1445 his

109 1474 313 1549 vehendum
333 1490 394 1550 est.
447 1475 559 1569 Saepe
580 1501 643 1567 per
660 1478 863 1568 confragosa
881 1502 961 1548 sara
977 1500 1104 1567 magna
1152 1480 1345 1549 virtutibus
1366 1474 1571 1569 praeditus?
1621 1476 1722 1546 Bona
1736 1500 1818 1566 pars
1834 1477 2077 1567 voluptatibus
2091 1492 2147 1548 at-

109 1582 149 1650 vi
176 1604 284 1672 grana
310 1581 349 1648 in
378 1581 545 1654 adversos
575 1592 713 1650 montes
746 1581 986 1672 protrudenda
1009 1591 1103 1653 sunt.
1153 1606 1222 1674 que
1244 1581 1322 1651 ocio
1340 1579 1470 1664 dediti,
1500 1580 1600 1649 nulla
1617 1581 1713 1648 dere
1729 1579 1768 1646 in
1784 1578 1886 1647 omni
1900 1579 1972 1649 vita
1990 1593 2073 1651 sunt
2087 1602 2146 1649 so-

111 1681 164 1755 lta
194 1705 316 1753 omnes
345 1681 588 1765 difficultates,
622 1705 696 1751 non
725 1683 857 1753 virium
883 1683 1104 1774 magnitudo,
1152 1683 1262 1768 liciti,
1288 1705 1394 1776 quam
1417 1683 1462 1750 de
1485 1681 1652 1750 convivio
1671 1681 1894 1771 adparando,
1920 1693 1979 1751 aut
2001 1681 2081 1750 aliis
2096 1682 2146 1749 si-

109 1809 185 1855 non
205 1784 365 1878 corporis
388 1782 516 1868 moles,
542 1783 602 1852 sed
628 1783 740 1852 animi
751 1786 863 1854 robur
879 1798 913 1853 et
929 1784 1103 1854 industria
1153 1785 1300 1853 milibus
1324 1783 1567 1872 voluptatibus
1588 1783 1846 1873 comparandis.
1901 1782 2035 1854 Seneca
2057 1783 2147 1852 scri·

108 1902 251 1980 superat
258 1937 271 1972 ,
311 1899 353 1955 ut
378 1887 546 1975 adpareat
574 1880 633 1952 hie
663 1885 769 1956 etiam
801 1909 923 1953 verum
954 1908 1028 1954 esse
1054 1885 1104 1963 id,
1153 1887 1223 1969 bit,
1248 1884 1444 1954 Pacuvium
1457 1887 1634 1977 quendam
1652 1899 1850 1975 praetorem
1862 1885 2012 1980 inSyria
2028 1886 2148 1968 fuisse,

109 1989 210 2084 quod
238 2001 289 2056 est
320 1986 415 2076 apud
439 1982 661 2055 Historicum
690 1986 885 2078 quendam,
917 1981 1011 2054 nihil
1032 1998 1102 2055 tam
1153 1987 1214 2080 qni
1229 1986 1389 2079 quotidie
1405 1985 1590 2077 splendide
1605 1988 1830 2073 convivatus,
1857 2011 1936 2057 cum
1951 2013 1987 2057 se
2002 1988 2145 2080 copioso

108 2092 223 2161 altum
245 2112 264 2157 a
287 2100 412 2157 natura
435 2087 667 2156 constitutum
692 2086 783 2173 esse',
809 2111 880 2180 quo
902 2111 978 2158 non
995 2087 1104 2179 possit
1152 2089 1237 2157 vino
1255 2088 1375 2157 dedic
1391 2088 1657 2178 ingurgitasset,
1681 2090 1808 2159 solitus
1823 2088 1869 2159 sit
1884 2090 2023 2180 vesperi
2036 2091 2148 2159 funus

107 2194 225 2261 virtus
249 2188 349 2260 eniti.
401 2185 484 2257 Non
507 2187 665 2264 dubium¹
683 2201 735 2258 est
759 2203 894 2275 antem,
930 2212 1040 2282 quum
1062 2202 1104 2258 ut
1153 2191 1222 2260 sibi
1252 2191 1441 2281 adparere,
1474 2214 1649 2261 accersere
1675 2192 1857 2277 tibicines,
1890 2193 1954 2284 qui
1978 2193 2148 2262 funebres

108 2293 229 2366 omnia
246 2317 288 2361 ex
303 2290 380 2360 ocio
397 2289 484 2360 vitia
500 2301 715 2376 nascuntur,
738 2289 786 2361 ita
803 2292 904 2360 labor
918 2292 1104 2385 plerasque
1152 2292 1276 2361 modos
1300 2305 1485 2377 canerent,
1510 2307 1544 2363 et
1568 2288 1637 2362 hoe
1660 2317 1769 2383 genus
1790 2295 1860 2364 alia
1882 2319 2006 2364 curare
2028 2296 2071 2363 ad
2088 2294 2148 2362 fu-

108 2390 369 2489 pulcherrimas
390 2391 539 2463 virtutes
558 2391 689 2481 gignat.
756 2391 914 2462 Pminde
937 2418 1002 2462 nec
1026 2417 1104 2463 cae·
1152 2394 1412 2484 nerisspeciem
1429 2397 1774 2485 repraesentandam.
1807 2391 1964 2465 Acoena
1979 2421 2061 2467 eum
2074 2395 2147 2464 iam

110 2513 205 2570 terae
220 2498 368 2566 virtutes
382 2494 511 2565 desunt
522 2487 607 2563 huic
623 2494 756 2583 generi.
811 2492 901 2583 Quis
918 2496 1012 2564 enim
1028 2519 1103 2565 non
1153 2496 1327 2567 sustinere
1349 2519 1386 2565 se
1409 2496 1529 2565 ebrius
1550 2519 1624 2565 non
1643 2509 1778 2586 posset,
1802 2497 1950 2566 iubebat
1963 2521 1999 2565 se
2016 2495 2147 2565 lectulo

108 2601 210 2669 videt
230 2598 445 2687 singularem
468 2595 628 2666 iusticiae
650 2596 871 2668 intellectum
889 2598 928 2666 in
943 2598 993 2667 eis
1007 2597 1105 2666 esse?
1152 2598 1375 2689 impositum,
1402 2611 1571 2691 tanquam
1599 2599 1707 2667 funus
1737 2598 1862 2667 inferri
1882 2599 1919 2666 in
1941 2598 2148 2668 cubiculum
2257 2632 2259 2635 ·

93 2703 194 2796 ,quia
214 2714 327 2771 certos
343 2699 418 2770 dies
433 2698 655 2768 constituunt
672 2700 966 2790 recognoscendis
981 2699 1104 2769 oneri·
1153 2715 1187 2771 et
1216 2700 1351 2769 cantari
1378 2699 1546 2769 funebres
1569 2702 1710 2770 modos:
1744 2694 1926 2796 βεβίαπαι
1951 2693 2146 2796 βεβίωται.

107 2806 194 2890 bus,
222 2817 262 2874 ut
290 2802 417 2894 ruique
445 2799 580 2889 agmini
603 2823 706 2868 suum
731 2815 851 2870 tenere
872 2803 948 2870 sine
971 2802 1103 2871 iniuria
1153 2802 1336 2872 Iudicabat
1359 2801 1454 2869 enim
1476 2825 1557 2870 eum
1572 2802 1715 2872 demum
1732 2803 1827 2872 diem
1844 2804 2023 2892 praeclare
2037 2827 2073 2872 se
2089 2795 2148 2870 ii-

108 2907 223 2980 ηοω,
275 2903 396 2975 Facile
424 2914 476 2969 est
506 2899 602 2965 enim
630 2898 675 2965 ab
696 2899 812 2967 alieno
836 2901 1012 2969 abstinere
1034 2897 1104 2981 his,
1152 2904 1264 2986 xisse,
1288 2927 1359 2997 quo
1382 2903 1430 2973 ita
1454 2915 1543 2971 esset
1566 2904 1788 2974 convivatus:
1815 2928 1880 2973 nee
1902 2906 2052 2974 ducebat
2073 2926 2148 2975 esse

108 3009 242 3104 quibus
264 3005 306 3072 in
325 3024 388 3072 sua
407 2999 539 3068 virtute
553 2998 800 3092 industriaque
814 3023 893 3090 spes
910 3000 1023 3092 posita
1038 3015 1102 3087 est,
1154 3005 1261 3077 vitam
1292 3004 1560 3095 adpellandam,
1606 3029 1687 3075 eum
1715 3030 1792 3074 non
1821 3007 1942 3077 liceret
1969 3004 2148 3077 eiusmodi

107 3111 171 3180 ,ed
185 3107 241 3177 illi
254 3103 318 3197 qni
333 3123 414 3170 cum
428 3124 491 3191 per
506 3100 628 3168 luxum
643 3112 747 3193 atque
762 3101 929 3172 libidines
941 3103 1104 3173 suaeffu-
1153 3106 1398 3196 voluptatibus
1419 3105 1566 3198 perfrui.
1619 3103 1710 3194 Quis
1728 3131 1803 3176 non
1825 3120 1955 3181 statuat
1975 3110 2056 3202 plus
2073 3133 2149 3183 esse

107 3215 261 3290 derunt,
301 3216 420 3296 postea
456 3200 631 3270 rationem
665 3201 808 3288 ineunt,
849 3205 1028 3298 quomodo
1059 3207 1103 3274 de
1154 3207 1283 3279 mentis
1305 3208 1496 3293 formicae,
1521 3231 1628 3300 quam
1651 3204 1735 3278 huie
1754 3208 1928 3297 Pacuvio,
1951 3213 2013 3306 qui
2035 3213 2149 3285 vitam

107 3311 228 3380 alieno
250 3303 452 3376 beluentur.
509 3298 606 3371 Hinc
628 3301 667 3371 in
690 3303 892 3376 civitatibus
914 3328 1028 3376 novae
1049 3321 1104 3377 ta-
1154 3305 1292 3379 homini
1314 3303 1531 3381 hantunam
1550 3311 1705 3397 adrem,
1730 3312 1775 3382 ad
1790 3315 1965 3404 pecudum
1982 3314 2149 3406 volupta-

106 3411 215 3483 bulae
252 3407 446 3499 flagitatae,
491 3405 584 3473 bella
620 3404 737 3475 civilia
763 3422 798 3479 et
824 3407 1104 3479 innumerabilia
1154 3425 1207 3481 tes
1227 3412 1478 3502 perfruendas,
1503 3414 1623 3482 datam
1641 3437 1715 3483 esse
1730 3416 1907 3486 credidit?
1955 3412 2004 3486 Et
2020 3440 2147 3509 qnam-

106 3513 176 3586 alia
196 3510 304 3595 mala,
329 3531 419 3602 quae
434 3506 564 3576 civium
582 3507 758 3577 discordia
774 3510 885 3601 parit,
909 3524 990 3580 nata
1007 3524 1101 3582 sunt.
1153 3515 1207 3583 vis
1221 3514 1419 3605 exemplum
1428 3511 1575 3583 Pacuvii
1587 3514 1625 3581 in
1637 3516 1762 3585 funere
1777 3516 1940 3588 faciendo
1955 3541 2029 3589 uon
2041 3518 2148 3590 multi

107 3614 207 3706 Quid
244 3625 362 3682 autem
400 3610 444 3678 de
473 3608 688 3699 parsimonia
715 3610 944 3681 formicarum
976 3612 1103 3697 dicam,
1154 3615 1359 3705 imitentur,
1387 3617 1512 3705 dogma
1533 3628 1652 3685 tamen
1672 3613 1740 3687 hoc
1756 3620 1976 3709 praeclarum
1994 3623 2147 3691 maxima

107 3740 198 3813 quae
216 3715 256 3784 in
277 3709 347 3783 boc
366 3733 493 3801 genere
508 3711 659 3780 maxime
676 3713 858 3785 cernitur?
907 3712 989 3783 Non
1005 3713 1101 3782 enim
1152 3738 1236 3808 pars
1256 3711 1443 3786 hominum
1465 3718 1671 3809 profitetur,
1693 3720 1754 3813 qui
1779 3715 1873 3788 nibil
1895 3722 1934 3788 in
1955 3721 2056 3788 omni
2073 3721 2148 3791 vita

106 3833 246 3893 tantum
270 3816 311 3884 in
333 3834 499 3906 praesens
521 3811 590 3880 tibi
611 3814 821 3901 consulunt,
854 3817 915 3886 sed
934 3838 1101 3912 compar·
1154 3817 1301 3907 dignum
1327 3812 1473 3887 homine
1492 3819 1691 3907 srrscipiunt
1707 3843 1747 3887 ae
1763 3833 1908 3906 gerunt,
1933 3820 2049 3888 sedin
2066 3821 2145 3891 ocio

107 3934 210 4007 cunt,
236 3931 272 3989 et
292 3914 515 4010 prospiciunt
536 3913 607 3982 sibi
625 3913 856 3985 infuturum:
883 3911 1102 4008 quaevirtus
1155 3931 1190 3986 et
1211 3918 1305 3987 inter
1326 3918 1452 4006 pocula
1474 3917 1661 3984 temulenti
1682 3931 1831 3987 aetatem
1851 3919 2007 4009 exigunt.
2074 3922 2147 3993 Sed

110 4046 190 4093 cnm
220 4043 285 4113 per
319 4041 394 4088 sese
424 4038 549 4104 magna
578 4015 625 4086 sit
653 4028 687 4085 et
710 4017 949 4101 admirabilis,
981 4031 1101 4086 umen
1153 4016 1324 4110 quoniam
1345 4038 1512 4086 sanorum
1537 4010 1725 4087 hominum
1749 4019 1901 4106 iudicio,
1925 4023 2147 4096 ventres'isti

110 4118 181 4194 boc
196 4122 299 4194 etiam
319 4118 454 4212 gratior
469 4139 543 4186 esse
556 4118 661 4187 debet
675 4118 861 4204 omnibus,
887 4118 982 4213 quod
999 4117 1101 4187 iusti·
1154 4140 1228 4187 non
1252 4110 1431 4198 homines,
1459 4121 1519 4187 sed
1536 4118 1656 4189 verius
1672 4132 1830 4192 monstra
1845 4117 2034 4195 bominum
2051 4140 2147 4211 sunt,

109 4225 185 4295 eiae
204 4223 313 4295 veluti
335 4234 451 4293 custos
472 4234 533 4290 est.
585 4216 709 4311 Neque
730 4219 826 4288 enim
847 4221 997 4290 tolerare
1019 4219 1101 4288 inli-
1153 4218 1277 4290 desino
1292 4219 1458 4290 formicas
1471 4244 1550 4290 cum
1567 4215 1623 4289 bis
1637 4224 1815 4310 conferre,
1841 4249 1931 4317 qnos
1945 4232 2019 4297 non
2037 4230 2145 4305 modo

107 4327 204 4398 nitus
220 4326 302 4396 illos
320 4335 481 4415 sumptus
497 4322 574 4392 sine
591 4320 709 4390 alieno
726 4322 927 4415 decoctores
943 4335 1101 4413 possunt,
1152 4322 1380 4393 formicarum
1403 4323 1580 4415 exempla,
1606 4325 1668 4393 sed
1690 4350 1735 4396 ue
1755 4328 1898 4420 quidem
1914 4330 2077 4420 publicae
2093 4332 2147 4403 le-.

107 4430 171 4499 sed
185 4429 290 4518 longe
302 4425 508 4516 dignissima
523 4425 619 4495 bono
635 4421 711 4493 cive
726 4423 839 4494 virtus
852 4438 922 4510 est,
948 4423 987 4492 in
1003 4447 1101 4496 com·
1152 4446 1211 4512 ges
1226 4423 1412 4494 sanitatem
1425 4447 1592 4495 revocare
1605 4442 1765 4520 possunt.
1799 4428 1906 4500 Nulla
1920 4445 2037 4502 autem
2050 4433 2147 4504 inter

104 4555 218 4603 mune
240 4552 425 4628 quaerere,
455 4541 491 4597 et
513 4525 715 4598 communia
738 4526 834 4596 bona
855 4549 992 4597 summa
1014 4525 1101 4595 dili·
1152 4549 1276 4596 omnes
1295 4525 1419 4595 laudes
1438 4527 1668 4598 formicarum
1683 4530 1836 4621 amplior
1854 4529 2029 4603 essemibi
2044 4536 2147 4606 vide-

104 4634 225 4726 mia
250 4653 386 4721 augere·
438 4627 540 4718 Qu„
561 4627 728 4697 ,emim
745 4628 813 4698 2152
831 4628 1100 4699 omnibuscivi.
1150 4642 1229 4713 tur,
1254 4651 1360 4722 quam
1380 4651 1419 4696 ea
1440 4653 1530 4723 quae
1551 4632 1647 4721 apud
1661 4629 1893 4702 Solomonem
1908 4648 1977 4722 est;
2004 4637 2034 4707 is
2048 4637 2145 4709 enim
2234 4658 2237 4663 ’

104 4737 240 4808 tatibus
264 4734 370 4805 exitio
394 4745 465 4817 est,
491 4753 597 4824 quam
621 4731 716 4822 quod
739 4731 875 4822 privata
891 4731 1005 4811 bona,
1030 4754 1101 4822 pu·
1150 4729 1285 4823 inquit:
1311 4729 1477 4799 formicas
1499 4755 1574 4800 non
1597 4733 1705 4802 modo
1721 4729 1867 4820 stultos',
1892 4738 1954 4806 sed
1969 4739 2146 4830 sapientes

103 4836 436 4911 blffifflfflitafihus
449 4833 609 4927 plerique
623 4853 745 4901 omnes
759 4832 981 4904 anteferunt?
1032 4827 1101 4904 At·
1150 4833 1285 4902 anteire
1307 4832 1507 4924 prudentia.
1559 4831 1682 4925 Neque
1704 4857 1788 4923 ego,
1814 4837 1884 4906 nisi
1908 4851 1977 4908 tam
2001 4863 2145 4930 gravem

105 4941 241 5035 quiite
266 4930 399 5009 aen'tire
419 4958 486 5005 nos
508 4933 684 5027 oportuit,
710 4937 879 5026 quoniam
895 4934 1029 5027 patriae
1043 4956 1101 5002 sa-
1150 4947 1310 5004 autorem
1333 4928 1520 5018 haberem,
1546 4935 1711 5003 auderem
1736 4931 1804 5007 hoc
1819 4942 2037 5030 paradoxum
2052 4943 2147 5016 inter

103 5042 202 5128 late,
229 5055 353 5113 nostra
376 5037 471 5107 salus
493 5030 716 5120 continetur,
742 5047 778 5105 et
799 5039 969 5130 quoniam
990 5036 1059 5129 ipsi
1079 5059 1099 5106 a
1151 5035 1374 5106 doctissimos
1397 5031 1560 5105 homines
1585 5036 1714 5108 dicere.
1781 5037 1851 5112 Sed
1872 5043 1957 5135 quia
1977 5045 2146 5118 formica-

101 5144 219 5238 patria
242 5143 283 5213 in
307 5164 378 5236 qua
402 5139 496 5218 nati,
529 5135 686 5222 educati,
720 5139 766 5206 ad
787 5131 1043 5211 humanitatem
1066 5151 1100 5208 et
1148 5161 1229 5207 rum
1254 5137 1378 5207 laudes
1397 5138 1563 5228 colligere
1582 5138 1740 5225 institui,
1764 5141 2023 5217 nonfuitbaec
2040 5171 2145 5240 prae·

102 5246 315 5339 religionem
341 5240 496 5311 instituti
523 5263 664 5323 sumus,
696 5238 797 5309 cuius
827 5241 964 5331 legibus
990 5240 1100 5310 vitam
1149 5241 1332 5324 tereunda,
1357 5241 1564 5331 praesertim
1577 5264 1658 5311 enm
1674 5256 1766 5315 esset
1780 5248 2008 5338 amplissima.
2044 5246 2144 5334 Quid

101 5362 262 5423 nostram
276 5371 317 5417 ac
333 5347 498 5417 fortunae
512 5342 751 5427 defendimus,
776 5355 848 5412 tam
862 5343 975 5415 multa
987 5344 1101 5414 bene-
1147 5341 1280 5413 audio?
1305 5342 1471 5414 omnibus
1487 5338 1790 5435 Philosophorum
1806 5344 1948 5429 scholi&
1976 5350 2145 5421 ⁰¹⁰¹¹lb¹1⁸

99 5451 181 5525 ficia
201 5447 422 5544 accepimus,
446 5468 600 5540 aequum
621 5465 712 5530 esse,
736 5456 779 5516 ut
796 5444 984 5518 roseriam
999 5443 1099 5516 illius
1146 5440 1371 5540 Rerumpub.
1389 5445 1706 5535 gubernatoribus,
1731 5449 1887 5544 denique
1903 5447 2071 5521 omnibus
2087 5474 2145 5524 sa-
