4732 6030
94 311 172 391 tos
526 306 689 387 DECL
738 306 815 386 DE
843 304 1185 385 DlGNlTATE
1221 303 1399 383 ARTIS
1431 305 1713 386 MEDlCdll.
2061 322 2137 397 806

96 475 280 576 inquiens:
315 474 454 550 Omnes
480 475 599 568 capilli
628 475 752 567 capitis
777 475 885 546 vestrl
913 470 1090 544 numerati
1142 471 1299 564 colligis,
1331 484 1436 568 teque
1467 475 1643 568 supplices
1667 494 1834 565 oramus,
1866 496 2007 553 aeterne
2035 498 2136 576 pater

98 598 190 656 siant.
225 580 359 676 Estque
373 584 467 652 inter
482 602 564 648 vera
580 578 718 670 pietatis
731 577 857 664 officia,
875 573 944 647 hoc
959 575 1090 669 ipsum,
1142 569 1291 644 Domini
1307 578 1420 646 nostri
1437 575 1515 649 lesu
1529 573 1684 664 Christi,
1710 583 1874 653 conditor
1895 587 1983 656 coeli
2006 602 2041 657 et
2065 602 2136 658 ter·

97 701 214 776 petere
233 699 267 757 et
285 676 610 775 expectareaDeo,
635 680 791 751 familiae
808 694 843 751 et
864 673 1010 771 hospitii
1034 676 1088 747 tui
1142 700 1222 763 rae,
1254 691 1288 748 et
1317 672 1525 766 hominum,
1558 693 1593 751 et
1616 677 1795 753 Ecclesiae
1821 698 1920 772 tuae,
1954 712 2024 758 una
2053 714 2134 759 cum

97 786 397 872 incolumitatem,
423 798 456 855 et
472 782 607 851 interea
630 782 784 853 retinere
801 783 1035 853 constantiam
1051 778 1089 847 in
1142 778 1217 848 lilio
1244 791 1305 861 tuo
1325 779 1479 852 Domino
1504 796 1625 853 nostro
1650 782 1728 855 lesu
1751 780 1913 871 Christo,
1935 801 1973 858 et
1996 789 2136 881 Spiritu

97 888 330 981 explicatione
346 911 428 958 vera
450 898 484 954 et
506 885 664 955 modesta
684 885 885 968 doctrinae,
911 908 951 953 ac
969 880 1089 953 animo
1143 895 1265 952 sancto
1289 878 1368 966 tuo,
1400 896 1442 954 ut
1465 883 1662 954 miserearis
1687 889 1820 971 nostri,
1853 904 1999 981 propter
2020 892 2133 963 lilium

96 1004 258 1082 paratum
282 1013 355 1059 esse
376 992 418 1058 ad
444 985 644 1058 tolerandas
668 986 818 1056 iniurias
837 999 981 1077 propter
994 983 1090 1055 veri·
1141 995 1244 1053 tuum
1259 977 1454 1054 Dominum
1478 1000 1640 1058 nostrum
1663 987 1778 1061 lesum
1800 985 2001 1073 Christum,
2028 1020 2132 1088 quem

96 1095 179 1163 tatis
201 1092 503 1182 propagationem.
556 1083 658 1157 Talis
678 1088 709 1156 si
731 1089 800 1159 erit
818 1088 909 1168 vita,
942 1101 1089 1161 eventus
1142 1086 1287 1156 voluisti
1312 1112 1375 1178 pro
1397 1089 1501 1158 nobis
1523 1112 1597 1159 csse
1611 1090 1812 1173 victimam,
1836 1108 1871 1164 et
1885 1095 2078 1165 sanctifices
2093 1120 2133 1166 ac

97 1193 173 1287 ipse
201 1194 404 1275 testabitur,
435 1190 552 1263 Deum
577 1190 757 1259 custodem
790 1202 1088 1260 esse·nostrarum
1141 1211 1240 1277 regas
1265 1212 1331 1257 nos
1353 1188 1490 1279 Spiritu
1516 1205 1637 1260 sancto
1654 1207 1735 1279 tuo,
1766 1206 1800 1265 et
1823 1195 1989 1286 deinceps
2013 1198 2051 1266 in
2076 1193 2132 1268 his

96 1297 338 1393 familiarum.¹
561 1357 564 1365 ,
1143 1290 1349 1378 regionibus
1375 1304 1552 1360 aeternam
1576 1293 1641 1363 tibi
1672 1291 1866 1365 Ecclesiam
1899 1299 2061 1387 colligas,
2093 1323 2133 1369 ac

201 1396 306 1468 Scitis
323 1408 356 1464 et
373 1393 641 1483 promissiones,
665 1393 705 1461 in
719 1391 850 1487 quibus
865 1391 959 1463 Deus
981 1390 1090 1481 polli—
1143 1385 1289 1462 honesta
1314 1416 1354 1462 ac
1378 1394 1570 1487 tranquilla
1594 1388 1746 1486 hospitia
1762 1393 1929 1468 Ecclesiis
1946 1413 1979 1469 et
1999 1402 2133 1470 doctri-

99 1512 198 1569 cetur
215 1499 317 1567 nobis
336 1495 601 1580 defensionem,
627 1507 662 1565 et
681 1496 865 1577 mandata,
889 1504 929 1562 ut
948 1492 1090 1561 incolu-
1143 1516 1210 1563 nae
1229 1495 1355 1563 studiis
1377 1499 1566 1581 concedas,
1592 1511 1632 1565 ut
1656 1499 1758 1567 multi
1781 1499 1818 1566 in
1847 1495 1912 1570 hac
1934 1502 2024 1587 vita,
2050 1526 2131 1573 vera

97 1601 254 1672 mitatem
280 1597 451 1668 divinitus
474 1612 634 1688 petamus
662 1611 696 1666 et
718 1609 956 1687 expectemus,
987 1616 1089 1683 saepe
1141 1595 1367 1667 invocatione
1396 1611 1431 1666 et
1459 1623 1539 1667 vera
1573 1597 1773 1670 obedientia
1805 1614 1839 1670 te
1868 1603 2065 1683 celebrent,
2098 1620 2133 1675 et

97 1705 221 1793 repeti,
237 1701 330 1770 utin
347 1693 403 1767 his
417 1700 533 1768 dictis:
557 1697 649 1768 lacta
666 1721 785 1769 curam
801 1711 898 1768 tuam
913 1697 952 1764 in
961 1693 1091 1783 Deum,
1143 1711 1261 1786 postea
1276 1698 1433 1769 fruentes
1450 1712 1510 1768 tua
1526 1701 1697 1789 sapientia
1714 1715 1750 1771 ct
1765 1700 1922 1789 iusticia,
1946 1704 1985 1773 iu
2000 1706 2132 1775 dulcis-

97 1820 131 1873 et
147 1806 219 1894 ipse
235 1817 269 1873 te
282 1801 504 1873 sustentabit.
549 1798 652 1870 Item:
688 1797 765 1888 Ego
783 1822 846 1869 vos
860 1798 966 1868 etiam
987 1820 1089 1866 sene·
1142 1798 1230 1867 sima
1255 1801 1616 1886 consuetudinetua,
1645 1802 1711 1872 tibi
1740 1803 1902 1874 inomni
1928 1808 2132 1880 aeternitate

97 1919 232 1976 scentes
249 1904 402 1993 gestabo.
451 1899 549 1970 Haec
566 1902 708 1971 oracula
725 1901 848 1969 divina
872 1922 947 1968 non
970 1897 1090 1967 existi·
1140 1900 1269 1989 gratias
1286 1915 1400 1990 agant.
1452 1898 1547 1970 Diti.

97 2030 235 2076 memus
259 2007 383 2074 inanes
404 2026 511 2072 sonos
534 2025 628 2085 esse,
652 2003 713 2071 sed
738 1997 805 2070 hac
828 2000 903 2091 ipsa
927 2000 1090 2069 consola·

98 2110 196 2180 tione
212 2108 317 2175 fidem
332 2107 370 2173 in
387 2103 491 2174 nobis
513 2106 762 2182 accendamus,
788 2114 824 2170 et
846 2124 906 2192 spe
931 2099 1090 2170 coelestis

98 2209 221 2279 auxilii
247 2207 482 2277 constantiam
502 2205 539 2273 in
558 2205 741 2275 doctrinae
762 2203 983 2296 professione
1004 2201 1090 2272 reti·
1141 2259 1196 2330 No
1228 2259 1297 2329 101
2025 2277 2108 2342 1548

1198 2313 1207 2333 ι
1302 2312 1312 2334 σ
1955 2299 2001 2339 fill.
2109 2325 2119 2346 .

1952 2367 2124 2396 ’,Ν

96 2331 257 2380 neamus.
1147 2356 1320 2386 m

201 2408 259 2481 Ad
283 2407 350 2481 hoc
365 2433 454 2500 opus
471 2407 660 2501 praecipue
674 2405 816 2475 condita
831 2419 883 2476 est
900 2399 1088 2474 hominum
1420 2461 1429 2480 ,
1507 2465 1515 2484 ‚
1722 2468 1731 2489 ⁸

98 2527 244 2597 natura,
267 2526 309 2583 ut
328 2512 487 2581 innubis
508 2504 802 2579 luceatveraDei
821 2507 974 2591 noticia,
999 2518 1089 2576 etut
1273 2461 1349 2546 De
1376 2459 1610 2572 dignum
1633 2475 1751 2549 arth?
1775 2469 1995 2558 medicae·
2111 2525 2115 2529 ⁹

98 2611 191 2684 hanc
222 2637 472 2706 propagemus,
502 2637 541 2681 ac
570 2621 690 2679 nostra
716 2608 918 2678 obedientia
944 2620 1090 2678 testetur
1210 2635 1240 2690 ιη
1256 2632 1485 2690 „recensata
1500 2633 1548 2689 tv.
1566 2635 1692 2707 pssssq
1715 2675 1732 2703 .,
1752 2637 2046 2715 Βῑώιιᾱ.11.ρ.111,,
2063 2646 2133 2702 ser-

97 2742 163 2786 nos
186 2716 262 2784 siue
283 2715 509 2785 simulatione
533 2714 577 2782 de
600 2708 668 2781 Dei
694 2711 877 2782 voluntate
900 2710 1088 2814 ettiudicio
1243 2715 1308 2761 ¹⁰³¹·
1329 2703 1362 2758 Τ·
1378 2701 1425 2758 ¹V·
1444 2722 1472 2778 Ρ·
1488 2703 1549 2761 ²2²·
1566 2714 1593 2759 θ’
1611 2705 1640 2759 in
1658 2655 1752 2763 Elll
1769 2708 1881 2767 Ersord·
1900 2711 1941 2768 lit.
1955 2714 1987 2778 d.
2005 2715 2030 2770 ⁵·

97 2817 248 2907 sentire,
272 2840 354 2887 vera
372 2839 446 2886 esse
463 2837 552 2907 quae
569 2815 747 2881 docemus.

196 2917 304 2988 Hunc
319 2919 425 2985 finem
445 2914 607 2983 omnium
625 2913 717 2979 vitae
732 2911 944 2991 officiorum,
969 2926 1002 2981 et
1018 2907 1087 2980 hoc

96 3038 389 3134 srtmmumuopus
413 3038 485 3081 uon
510 3012 744 3127 negligamus,
773 3010 812 3129 in
833 3025 990 3127 quo·,·nt
1012 3013 1088 3100 glo·
1140 3068 1317 3137 „vetoris
1359 3062 1631 3137 decerneretur
1671 3072 1743 3139 pt
1825 3071 1906 3143 SD·

95 3125 185 3192 riam
201 3117 269 3187 Der
285 3118 512 3196 illustremus,
539 3127 572 3182 et
588 3125 654 3182 totr
669 3108 846 3182 Ecclesiae
863 3113 1000 3181 utrhter
1015 3135 1089 3180 ser·
1702 3091 1785 3141 ⁰r⁰
1857 3075 1989 3146 illem
2040 3081 2132 3148 TO?-

99 3224 257 3302 viamus,
280 3215 443 3288 adiuvari
457 3238 524 3283 nos
540 3237 560 3285 a
575 3213 732 3285 Domino
748 3227 869 3285 nostro
886 3198 967 3287 lesu
980 3208 1089 3285 Chri·
1406 3172 1533 3263 9en⁸l³
1570 3165 1608 3242 7·
1634 3171 1729 3266 Aug.
1753 3169 1864 3247 ¹543·

98 3341 171 3406 sto,
191 3332 266 3389 toto
285 3331 424 3412 pectore
441 3340 521 3409 oro.
1139 3305 1329 3407 Principio
1354 3316 1484 3403 gratias
1504 3337 1569 3404 ago
1594 3311 1670 3385 Deo
1697 3329 1840 3388 aeterno
1865 3322 1957 3411 patri
1983 3320 2131 3394 Domini

197 3419 300 3491 Hanc
329 3420 472 3488 brevem
498 3415 873 3486 commonefactionem
901 3435 1005 3506 saepe
1027 3438 1088 3486 vos
1140 3418 1251 3489 nostri
1270 3415 1349 3485 lesu
1363 3410 1509 3501 Christi,
1533 3416 1710 3486 conditori
1725 3422 1862 3507 generis
1877 3419 2036 3508 humani,
2057 3451 2131 3497 uua

96 3531 136 3599 in
160 3524 288 3594 animi,
308 3520 434 3591 vestri,
459 3520 624 3608 repetite,
649 3541 782 3611 vosque
808 3516 903 3608 ipsos
923 3520 1087 3588 adamo·
1140 3544 1220 3592 cnm
1234 3517 1308 3587 lilio
1324 3533 1388 3588 suo
1402 3517 1559 3587 Domino
1583 3532 1703 3587 nostro
1719 3517 1796 3591 lesu
1810 3517 1972 3607 Christo,
1999 3540 2033 3595 et
2047 3526 2131 3619 Spi-
2211 3543 2214 3546 ’

96 3656 171 3702 rem
194 3623 383 3695 minigpgfii
405 3619 594 3709 evangelici
614 3619 776 3702 excitate,
801 3631 836 3687 et
857 3619 895 3684 in
916 3612 974 3686 his
989 3643 1087 3687 corn·
1138 3623 1212 3691 ritu
1229 3632 1349 3687 sancto
1364 3642 1447 3702 saro,
1471 3620 1566 3710 quod
1581 3632 1621 3687 ut
1638 3615 1830 3690 Ecclesiam
1847 3646 1945 3693 suam
1966 3628 2004 3694 in
2019 3631 2131 3699 saevis

96 3731 265 3803 munibus
280 3723 459 3794 aerumnis
477 3719 711 3790 consolamini
734 3717 945 3806 cogitatione
961 3719 1086 3789 talium
1140 3720 1405 3810 tempestatibus
1430 3730 1564 3802 servat,
1588 3718 1636 3790 ita
1657 3734 1689 3789 et
1705 3723 1842 3792 tabulas
1866 3728 2039 3817 naufragii
2064 3756 2131 3800 no-

96 3836 285 3915 dictorum,
301 3826 404 3920 quale
421 3820 490 3893 hoc
506 3835 557 3890 est
572 3823 664 3912 apud
680 3816 838 3889 Esaiam:
865 3816 966 3888 Pono
979 3821 1088 3889 verba
1140 3823 1204 3892 stri
1231 3820 1394 3889 miranda
1418 3820 1577 3891 bonitate
1600 3821 1755 3909 colligit,
1788 3838 1827 3892 ut
1852 3851 1919 3895 vox
1941 3825 2131 3920 Evangelii

96 3961 175 4009 mea
199 3934 238 4002 in
261 3954 324 3999 ore
345 3941 427 4011 tuo,
451 3938 486 3993 et
507 3924 633 3993 umbra
650 3944 776 3991 manus
789 3942 885 3991 meae
906 3935 1087 4012 protegam
1140 3925 1344 4013 incorrupta
1369 3915 1486 3988 adhuc
1510 3935 1612 3991 sonet
1634 3922 1672 3988 in
1695 3923 1845 4012 publicis
1871 3935 2128 4020 congressibus,

97 4056 149 4121 te,
172 4049 213 4106 u,
227 4035 363 4123 planges
380 4027 507 4099 coelo„
864 4061 866 4066 -
1140 4035 1176 4094 et
1191 4023 1228 4090 in
1243 4016 1406 4089 thalamis
1427 4020 1465 4087 iu
1484 4020 1708 4091 invocatione
1728 4025 1868 4114 piorum
1887 4034 2066 4117 omnium,
2094 4051 2130 4108 et

102 4160 109 4182 ν
201 4133 251 4207 Ut
269 4147 385 4203 autem
405 4126 565 4224 quotidie
587 4119 643 4193 his
659 4122 932 4212 cogitationibus
948 4122 1088 4194 misceri
1140 4125 1178 4197 in
1196 4121 1420 4192 institutione
1435 4121 1569 4212 primae
1582 4125 1717 4205 aetatis,
1743 4140 1776 4196 et
1791 4131 1907 4200 studia
1924 4157 2026 4204 verae
2038 4133 2130 4206 Phi·

99 4237 293 4330 gratiarum
309 4234 482 4304 actionem
500 4240 535 4298 et
551 4250 669 4318 preces
684 4248 822 4295 necesse
837 4237 899 4310 est,
925 4224 973 4298 ita
992 4249 1088 4296 nunc
1141 4219 1323 4316 losnphiae
1345 4247 1421 4292 non
1441 4224 1556 4292 solum
1581 4228 1750 4296 mediocri
1771 4230 1968 4324 frequentia
1989 4251 2021 4308 et
2044 4241 2129 4308 dili·

100 4358 242 4435 quoque
258 4337 426 4402 addamus
443 4328 526 4403 huic
544 4326 873 4399 commonefactioni
895 4328 1087 4417 gratiarnm
1141 4328 1277 4421 gentis,
1302 4327 1361 4396 sed
1380 4325 1483 4395 etiam
1500 4326 1575 4395 sine
1595 4330 1802 4399 monstrosis
1811 4331 2047 4423 'opinionibus
2069 4367 2129 4411 co·

100 4441 274 4514 ,ctionem
291 4447 328 4504 ,g
341 4435 587 4526 precationem,
1140 4433 1271 4503 lantur.
1322 4424 1375 4498 Ac
1391 4451 1455 4498 oro
1473 4424 1591 4499 Deum
1607 4431 1740 4500 fontem
1757 4435 1966 4524 sapientiae,
1991 4454 2033 4512 ut
2046 4444 2129 4513 diu·

203 4538 289 4608 Tqbi
310 4537 420 4627 agam,-
439 4534 663 4622 omnipotens
682 4526 797 4620 Deus,
829 4541 970 4598 aeterne
990 4544 1089 4620 pater
1140 4533 1211 4604 tius
1224 4554 1288 4610 vos
1300 4543 1432 4613 servet,
1455 4543 1489 4600 et
1509 4532 1691 4604 doctrinae
1707 4536 1833 4605 studiis
1850 4562 1969 4628 pacem
1988 4543 2131 4614 diutur-

99 4642 247 4716 Dumini
266 4637 378 4708 nostri
397 4633 474 4704 lesu
488 4628 640 4719 Christi,
667 4631 837 4700 conditor
849 4631 935 4701 coeli
960 4645 993 4702 et
1017 4647 1089 4704 ter·
1140 4659 1223 4705 nam
1238 4634 1418 4702 concedat.

100 4771 180 4825 rae,
215 4757 249 4813 et
282 4734 490 4819 hominum,
523 4745 558 4800 et
578 4729 755 4803 Ecclesiae
781 4745 880 4814 tuae,
912 4757 1087 4803 unacum
1242 4732 1332 4804 Cum
1349 4744 1466 4801 autern
1482 4724 1588 4801 hodie
1604 4735 1787 4804 doctrinae
1801 4738 2041 4811 testimonium
2063 4745 2130 4815 tri·

99 4848 174 4920 filio
196 4858 257 4915 tuo
274 4840 432 4912 Domino
454 4848 574 4905 nostro
600 4831 680 4902 lesu
702 4830 863 4918 Christo,
895 4849 929 4904 et
952 4833 1088 4925 Spiritu
1140 4837 1322 4908 buendum
1345 4835 1390 4904 sit
1415 4832 1492 4900 viro
1510 4835 1612 4904 docto
1638 4835 1676 4903 iu
1701 4850 1775 4907 arte
1787 4836 1942 4927 Medica,
1969 4856 2004 4914 ⁰!
2018 4846 2130 4917 ”⁵5¹³-

100 4963 221 5021 ,Ἥκω
238 4961 313 5028 mo,
337 4941 466 5032 grafia,
479 4937 627 5025 ,gamag
653 4957 733 5001 cum
749 4959 812 5025 pro
828 4937 995 5006 omnibus
1011 4937 1090 5007 aliis
1141 4954 1217 5010 tum
1242 4938 1306 5020 sit,
1330 4938 1375 5005 de
1401 4936 1473 5024 ipsa
1492 4948 1568 5004 arte
1590 4936 1628 5003 iu
1650 4937 1780 5008 talibus
1802 4944 2045 5032 congressibus
2061 4950 2129 5019 ali-

1141 2865 1270 2934 Oratio
1298 2857 1346 2930 de
1374 2857 1561 2957 dignitate
1579 2868 1617 2933 et
1640 2864 1810 2936 utilitate
1831 2872 1927 2940 ortis
1944 2867 2131 2958 medicae,

1139 2963 1272 3036 babitu
1300 2985 1324 3033 u
1351 2966 1400 3034 D.
1426 2962 1593 3034 Melet.
1627 2965 1827 3058 Fendt‘o,
1868 2992 1953 3041 ctam
1985 2971 2131 3069 proclus

100 5047 300 5127 beneficiis,
330 5059 407 5116 tum
436 5063 520 5110 vero
551 5061 614 5126 pro
641 5035 810 5106 immensa
837 5038 1090 5126 misericordia,
1141 5037 1332 5134 quiddici,
1359 5037 1423 5107 etsi
1440 5035 1575 5106 nullius
1590 5038 1791 5131 eloquentia
1809 5067 1874 5134 par
1894 5059 1946 5118 est
1961 5051 2129 5140 amplitu-

101 5177 170 5250 qua
187 5173 253 5219 nos
266 5145 483 5216 miserrimos
508 5135 671 5208 homines
698 5151 841 5228 propter
861 5139 972 5210 lilium
989 5153 1089 5211 tuum
1141 5141 1217 5211 dini
1233 5137 1341 5209 huius
1354 5139 1451 5220 artis,
1475 5150 1592 5208 tamen
1606 5141 1844 5237 qualicunque
1856 5148 2018 5219 oratione
2032 5175 2130 5220 com-

100 5254 246 5346 recip;s‚
280 5264 314 5319 ει
337 5271 421 5318 voce
447 5241 632 5332 Evangelii
664 5239 717 5308 tui
752 5233 845 5307 hanc
873 5243 1091 5313 voluntatem
1141 5241 1322 5313 monefieri
1339 5241 1497 5311 iuniores
1520 5264 1658 5312 necesse
1680 5257 1742 5318 est.
1792 5244 2006 5338 Nanigitur
2026 5251 2130 5323 insti·
2167 5301 2172 5305 -

102 5373 200 5428 tuam
215 5352 398 5447 patefacis,
425 5361 458 5416 et
473 5345 575 5415 nobis
595 5342 743 5412 salutern
760 5339 898 5426 reddis,
926 5343 1017 5412 etin
1034 5340 1091 5413 his
1142 5360 1239 5416 tuam
1262 5342 1521 5426 laudationem,
1553 5368 1634 5413 cram
1655 5345 1789 5419 utilitas
1812 5355 1850 5417 in
1874 5364 2063 5442 conspectu
2084 5356 2129 5428 sit

102 5457 188 5550 ipsis
203 5454 409 5546 regionibus
424 5445 614 5521 Ecclesiam
631 5456 808 5514 aeternam
826 5441 1009 5515 tibi·inter
1026 5470 1092 5516 nos
1143 5446 1328 5532 omnibns,
1366 5459 1401 5515 et
1424 5444 1578 5617 dbilgqitas
1609 5447 1648 5517 in
1675 5449 1958 5523 consideratione
1983 5467 2131 5544 naturae
