4732 6030
252 287 323 363 1⁷1

246 452 435 550 coquendo
450 440 783 543 praeparandoque,
813 459 879 507 nec
898 436 1149 509 distribuendo
1163 458 1243 506 cor·

245 558 327 654 pori
349 553 446 626 hunc
471 572 541 643 quo
566 542 720 613 vivimus
743 541 992 634 vigemusquc,
1023 539 1242 628 sanguinem,

245 659 400 751 amplius
421 651 503 723 usui
526 669 598 717 esse
621 643 770 736 possint.
830 638 938 714 Calor
959 641 1154 725 naturalis,
1180 639 1243 733 qui

247 757 417 835 coctionis
449 752 594 821 effector
631 760 702 831 est,
735 769 825 838 quo,
866 757 906 815 ut
927 741 1052 816 Cicero
1080 755 1262 825 testatur,

247 861 365 934 omnia
380 858 526 926 aluntur
549 875 588 920 ac
611 863 791 932 crescunt,
825 860 860 916 et
879 846 957 916 sine
973 869 1044 939 quo
1062 868 1178 937 neque
1194 843 1243 913 ali

246 964 437 1059 quicquam
459 966 591 1048 potest,
624 974 689 1019 nec
718 971 891 1031 crescere,
921 949 969 1019 ita
994 947 1032 1015 in
1057 947 1134 1016 istis
1155 959 1243 1038 potu

246 1080 351 1159 atque
371 1087 412 1130 ex
434 1084 475 1128 co
500 1056 592 1125 natis
615 1051 753 1122 vitiosis
783 1045 996 1120 humoribus
1017 1049 1185 1119 obruitur
1202 1072 1243 1116 ac

248 1163 483 1253 demergitur,
517 1172 555 1228 ut
583 1155 640 1224 vel
664 1154 805 1222 nullum
832 1152 910 1220 eius
933 1151 1086 1239 amplius
1116 1150 1162 1219 sit
1187 1149 1243 1217 vel

247 1269 441 1341 admodum
469 1282 573 1349 segne
604 1259 643 1325 in
668 1277 817 1346 corpore
839 1252 1089 1324 ministerium.
1147 1247 1244 1320 Hinc

247 1393 354 1465 quam
376 1362 633 1453 multiplicibus
654 1357 889 1448 gravibusque
913 1354 1046 1423 morbis
1068 1353 1243 1422 afflicten-

247 1489 308 1546 tur
321 1469 381 1540 isti
397 1477 604 1556 nepotores,
626 1460 801 1529 videmus:
829 1480 943 1550 neque
959 1456 1054 1524 enim
1069 1455 1107 1523 id
1122 1477 1242 1524 rarum

249 1586 302 1646 est
317 1583 380 1643 aut
393 1571 601 1648 obscurum,
622 1562 741 1632 statim
757 1560 855 1629 color
868 1559 961 1649 ipse,
979 1581 1084 1651 quem
1100 1557 1243 1646 sanguis

248 1688 358 1770 prout
379 1684 451 1754 est,
477 1669 621 1757 gignere
644 1664 750 1746 solet,
783 1684 873 1754 quae
894 1662 941 1730 sit
965 1660 1130 1728 valetudo
1146 1659 1243 1727 indi-

249 1791 323 1862 cat,
348 1776 379 1843 is
402 1796 485 1841 vero
499 1769 580 1838 talis
596 1779 665 1850 est,
696 1778 736 1834 ut
751 1778 803 1847 te,
829 1787 951 1831 eorum
969 1761 1169 1854 quempiam
1186 1761 1242 1828 in-

248 1893 372 1958 tuens,
398 1886 597 1943 emortuum
614 1869 782 1950 cadaver,
807 1888 881 1934 non
896 1863 1018 1932 vivum
1033 1884 1162 1951 corpus
1176 1886 1243 1951 pu·

248 1996 301 2052 tes
321 1977 464 2048 intueri.
523 1969 641 2060 Caput
664 1968 737 2036 illis
767 1966 960 2036 tremulum
994 1977 1065 2046 est,
1106 1963 1242 2033 incerto

248 2095 351 2152 motu
383 2091 534 2158 nutans,
575 2071 747 2158 vertigine
777 2069 943 2136 laborant
975 2075 1162 2154 perpetua,
1204 2083 1242 2131 ea

250 2180 468 2278 praenuncia
484 2190 536 2246 est
550 2171 770 2264 apoplexiae:
796 2168 890 2239 oculi
915 2167 1083 2237 rubentes
1102 2179 1135 2235 et
1159 2189 1244 2234 con-

189 2290 192 2296 ’
249 2285 362 2358 tinuis
385 2275 577 2372 lachrymis
605 2273 795 2354 stillantes,
828 2269 1014 2339 oculorum
1037 2266 1157 2354 anguli
1182 2281 1244 2337 tu-

249 2398 405 2467 mentes,
429 2377 604 2449 indicium
620 2376 656 2443 id
675 2387 727 2442 est
749 2366 931 2441 cachexiae
948 2370 1057 2439 totius
1075 2370 1245 2459 corporis,

250 2489 314 2582 qui
330 2486 458 2575 gradus
475 2481 519 2549 ad
535 2473 747 2571 hydropisin
767 2473 949 2564 proximus
973 2484 1043 2550 est,
1066 2492 1174 2557 genae
1190 2471 1244 2539 la-

248 2593 373 2661 bentes
399 2598 432 2655 et
455 2581 577 2676 quales
597 2575 729 2649 tabidis
752 2587 814 2644 aut
845 2573 945 2642 senio
968 2571 1135 2641 confectis
1165 2571 1245 2640 ani·

251 2691 359 2779 culis,
385 2707 492 2755 nasus
505 2673 753 2771 morpbaicus,
775 2675 847 2744 oris
862 2669 994 2742 halitus
1008 2673 1122 2743 multo
1137 2697 1244 2766 quarn

252 2795 392 2864 cloacae
415 2784 575 2877 gravior,
619 2782 741 2849 dentes
771 2776 907 2868 putridi
934 2774 1136 2866 scabrique,
1172 2774 1244 2865 spi..

250 2893 358 2966 randi
382 2887 586 2968 difficultas,
623 2880 748 2962 tussis,
785 2890 907 2948 ructus
933 2889 968 2945 ct
989 2876 1158 2945 vomendi
1186 2900 1246 2945 ex·

251 2995 474 3088 puendique,
497 2983 704 3079 praesertim
719 2976 817 3050 horis
833 2976 1038 3061 matutinis,
1063 2979 1164 3048 foeda
1182 3001 1245 3046 ne-

253 3097 412 3178 cessitas,
452 3092 574 3178 lingua
612 3080 744 3155 adhaec
778 3081 937 3153 titubans
968 3079 1073 3149 etiam
1105 3079 1244 3159 sobriis,

253 3222 323 3269 vox
344 3217 449 3265 rauca
471 3203 507 3259 et
532 3190 705 3258 obscurus
729 3207 794 3274 pro
816 3205 977 3251 sermone
993 3181 1142 3260 stridor,
1168 3206 1239 3248 ma·

254 3323 323 3371 nus
339 3292 531 3369 tremulae,
557 3289 729 3367 nodosae,
755 3284 881 3352 morbo
903 3281 1084 3351 articulari
1101 3284 1245 3351 foedum

253 3404 293 3471 in
323 3400 470 3469 modum
497 3392 667 3462 distortae
701 3410 742 3454 ac
771 3385 917 3468 fractam
959 3397 1100 3462 venter,
1140 3407 1243 3475 quem

255 3503 337 3598 quis
360 3498 478 3569 verius
499 3492 711 3585 poculorum
734 3487 901 3556 latrinam
919 3484 1064 3566 dixerit,
1090 3507 1246 3574 propen-

255 3607 365 3683 dens,
391 3599 593 3678 morbosus;
627 3613 730 3662 crura
753 3586 871 3681 qualia
884 3582 1100 3677 elephantis,
1135 3585 1241 3657 sumi.

253 3708 319 3790 da,
352 3700 527 3783 labantia,
551 3695 657 3787 plena
680 3690 794 3760 foedis
822 3713 862 3758 ac
884 3688 1038 3776 graviter
1058 3687 1246 3768 olentibus,

253 3806 479 3885 hulceribus,
507 3799 611 3892 pedes
635 3791 839 3886 podagrosi:
872 3791 1027 3881 podagra
1044 3789 1138 3856 enim
1159 3789 1241 3858 isto·

254 3934 335 3982 rum
361 3902 555 3975 heluonum
577 3897 717 3968 assidua
741 3913 857 3963 comes
887 3903 997 3962 estet
1030 3891 1246 3983 pedissequa.

253 4013 347 4084 Nam
371 4008 463 4078 belle
488 4000 673 4077 convenit,
701 3996 797 4088 quod
811 3990 1132 4083 Epigrammaticus
1146 4017 1246 4083 grae-

254 4137 317 4186 cus
342 4112 412 4194 ait,
443 4099 622 4175 Bacchum
648 4121 728 4167 cum
743 4094 883 4162 Venere
907 4095 1097 4186 aliquando
1115 4118 1227 4163 concu

923 259 1087 340 DECL.
1138 260 1213 339 DE
1252 257 1617 339 EBRIETATE.

2219 272 2293 347 tta

1295 435 1392 507 velut
1414 436 1515 505 sedes
1534 433 1601 518 sit,
1634 456 1676 502 ex
1699 432 1867 503 omnibus
1895 434 2102 524 gravissime
2122 437 2288 517 laeditur.

1293 535 1385 606 Nam
1416 560 1497 606 curn
1523 529 1744 620 stomachus,
1777 535 1878 604 cuius
1899 536 2013 607 virtus
2034 553 2069 609 et
2095 542 2212 624 calor,
2247 559 2289 616 ut

1293 638 1466 719 diximus,
1497 637 1637 708 assidua
1652 637 1863 728 poculorum
1879 639 2041 728 proluvie
2057 643 2289 734 extinguitur,

1294 741 1450 811 incoctus
1470 740 1553 810 illos
1568 761 1770 833 crassosque
1795 763 1943 831 vapores
1959 743 2004 810 ad
2022 759 2125 835 caput
2142 762 2176 817 et
2191 772 2289 817 cere-

1294 844 1398 913 brum
1413 836 1573 927 exhalat,
1592 864 1771 934 venaeque
1789 864 1829 911 ac
1845 853 1980 912 meatus
1995 845 2128 915 ibidem
2145 850 2288 941 repleo.

1294 958 1372 1027 tur,
1403 956 1509 1037 atque
1536 944 1837 1036 praecluduntur,
1874 967 2013 1014 necesse
2042 960 2094 1017 est
2121 972 2289 1039 magnam

1294 1046 1483 1136 spirituum
1503 1046 1826 1137 perturbationem,
1852 1068 2091 1141 sensuumque
2115 1072 2156 1118 ac
2171 1066 2290 1123 motus

1293 1147 1403 1218 totius
1416 1148 1573 1240 corporis
1586 1147 1890 1217 labefactationem
1903 1150 2023 1241 sequi:
2052 1151 2289 1225 instrumenta

1295 1251 1389 1319 enim
1407 1271 1574 1319 sensuum
1590 1272 1654 1319 sua
1668 1250 1824 1340 potentia
1838 1274 1878 1318 ac
1893 1251 2015 1339 vigore
2032 1253 2288 1340 destituuntur,

1294 1351 1440 1442 spiritus
1460 1376 1534 1445 quo
1558 1349 1678 1421 omnia
1703 1349 1741 1418 in
1764 1374 1911 1442 corpore
1939 1367 2148 1443 vegetantur
2169 1379 2210 1426 ac
2233 1358 2284 1427 vi-

1295 1466 1403 1538 vont,
1427 1454 1611 1523 obstructo
1626 1475 1690 1544 per
1700 1474 1806 1521 venas
1820 1454 1989 1539 transitu,
2011 1480 2086 1525 non
2104 1470 2217 1546 potest
2232 1460 2288 1528 of-

1294 1556 1374 1625 bcio
1405 1578 1469 1623 suo
1500 1554 1620 1644 fungi,
1661 1548 1746 1623 binc
1771 1555 1938 1647 pleraque
1961 1580 2094 1647 organa
2121 1582 2285 1630 sensuum

1296 1657 1592 1747 praemoriuntur.
1652 1654 1789 1725 Nervus
1803 1679 1888 1725 veru
1908 1672 1942 1727 et
1965 1682 2005 1728 ea
2022 1661 2182 1731 membra
2197 1685 2289 1756 quae

1294 1784 1336 1828 ex
1360 1754 1417 1826 his
1441 1771 1605 1829 constant
1629 1780 1671 1826 ac
1695 1758 1808 1827 motui
1823 1759 1980 1848 delegata
2007 1775 2108 1847 suut,
2140 1785 2198 1842 ea,
2229 1764 2288 1831 in-

1295 1882 1421 1953 quam,
1453 1861 1575 1929 omnia
1597 1862 1695 1929 fonte
1725 1859 1802 1949 ipso
1831 1883 1871 1928 ac
1893 1861 2072 1953 principio
2095 1886 2289 1933 nervorum

1295 1963 1439 2032 cerebro
1464 1960 1559 2030 laeso
1581 1975 1616 2030 et
1637 1961 1714 2053 ipsa
1734 1983 1795 2030 sua
1820 1960 1854 2027 vi
1879 1963 2026 2034 destitui
2045 1987 2085 2035 ac
2106 1964 2288 2035 debilitari

1296 2084 1434 2131 necesse
1450 2074 1512 2134 est.
1563 2059 1659 2130 Hinc
1676 2061 1737 2129 illa
1753 2061 1877 2151 capitis
1891 2064 2014 2133 crebra
2028 2064 2167 2136 notatio
2181 2078 2287 2158 atque

1295 2164 1466 2254 gravedo,
1493 2186 1562 2255 qua
1579 2157 1649 2235 boc
1669 2185 1778 2252 genus
1797 2157 1984 2234 hominum
1998 2180 2169 2258 perpetuo
2188 2169 2288 2237 labo-

1296 2280 1360 2338 rat.
1417 2262 1513 2333 Hinc
1535 2287 1708 2334 manuum
1726 2278 1879 2348 tremor,
1909 2262 1994 2336 hinc
2016 2268 2178 2338 omnium
2202 2270 2288 2339 arti-

1296 2370 1458 2437 culorum
1474 2366 1681 2444 dissolutio,
1708 2389 1814 2458 quam
1831 2369 2009 2462 paralysin
2032 2370 2165 2444 dicunt.
2218 2370 2288 2440 Vix

1296 2491 1424 2539 manus
1446 2468 1599 2558 amplius
1621 2466 1799 2551 levandis,
1831 2482 1867 2539 et
1888 2471 1932 2539 sd
1953 2495 1995 2539 os
2009 2485 2113 2563 atque
2127 2474 2170 2540 ad
2189 2471 2289 2540 illam

1296 2571 1506 2662 poculorum
1528 2563 1739 2662 charybdim
1756 2570 1989 2641 admovendis
2004 2573 2174 2643 calicibus
2190 2573 2289 2643 suffi-

1297 2671 1355 2745 cit.
1415 2669 1599 2740 Videtisne
1621 2693 1727 2764 quam
1750 2672 1902 2740 tremulo
1924 2685 1958 2742 et
1980 2673 2163 2745 vacillanti
2185 2689 2287 2744 motu

1297 2772 1568 2850 combibonibus
1583 2772 1726 2842 calicem
1737 2772 1934 2862 porrigant,
1959 2787 1994 2844 et
2002 2787 2176 2865 quantum
2193 2776 2288 2843 inter

1296 2874 1550 2966 porrigendum
1578 2874 1656 2943 vini
1678 2873 1886 2945 effundant?
1937 2869 2142 2945 Omiseros
2167 2872 2288 2945 homi-

1297 2999 1375 3059 nes,
1407 2975 1536 3068 quibus
1559 2975 1630 3044 iam
1653 2976 1760 3046 etiarm
1786 2998 1914 3046 manus
1936 2977 1981 3045 ad
2005 3000 2081 3046 cam
2095 3001 2202 3070 quam
2219 2977 2290 3068 ipsi

1297 3078 1408 3146 solam
1431 3101 1472 3146 ac
1495 3098 1668 3151 summam
1684 3078 1899 3167 voluptatem
1917 3089 2040 3148 rentur
2060 3100 2152 3159 esse,
2178 3079 2290 3148 mini-

1297 3179 1446 3251 sterium
1470 3179 1623 3266 amplius
1639 3181 1826 3264 denegant.
1876 3176 2030 3247 Memini
2053 3203 2135 3269 ego,
2168 3178 2290 3250 Medi-

1297 3304 1378 3351 cum
1410 3281 1586 3372 quendam
1615 3279 1661 3346 ad
1686 3277 1802 3345 vimm
1837 3279 2009 3368 equestris
2030 3282 2170 3351 ordinis
2191 3281 2289 3371 gravi

1298 3381 1425 3451 morbo
1456 3379 1724 3465 decumbentem
1749 3376 1943 3470 aliquando
1967 3394 2150 3467 vocatum,
2182 3398 2217 3453 et
2242 3385 2288 3453 ab

1297 3493 1440 3572 aegroto
1462 3492 1567 3572 atque
1588 3477 1709 3549 amicis
1732 3479 1776 3547 de
1798 3479 1936 3568 origine
1958 3503 1997 3550 ac
2024 3485 2138 3553 causis
2158 3485 2290 3567 morbi,

1297 3598 1338 3654 ut
1359 3582 1437 3650 fieri
1453 3582 1559 3660 solet,
1586 3582 1863 3668 interrogatum,
1895 3585 2125 3673 respondere,
2158 3584 2292 3655 fluxio-

1298 3708 1377 3753 nem
1404 3685 1581 3776 quandam
1603 3708 1622 3752 e
1645 3706 1754 3753 manu
1777 3685 1920 3753 dextera
1940 3684 1980 3752 in
2002 3699 2108 3776 caput
2128 3685 2293 3757 defluen-

1297 3801 1389 3867 tem,
1413 3786 1548 3854 sontem
1566 3784 1620 3852 illi
1636 3798 1671 3854 et
1685 3808 1824 3855 causam
1841 3786 2047 3857 morborum
2061 3810 2145 3856 esse.
2196 3784 2291 3858 Cum

1299 3887 1359 3955 ille
1384 3887 1636 3966 mirabundus,
1672 3886 1798 3979 quiid
1825 3887 1901 3956 lieri
1925 3903 2058 3976 posset,
2095 3901 2292 3982 quaereret,

1297 3985 1461 4058 Medicus
1479 3982 1691 4060 cantharum
1715 3988 1778 4080 qui
1800 4012 1909 4080 prope
1924 3989 1962 4059 in
1985 4014 2105 4060 mensa
2130 3993 2291 4063 adstabat

1298 4102 1386 4183 potu
1395 4090 1540 4181 plenus,
1562 4090 1726 4181 protinus
1740 4104 1939 4181 correptum
1956 4093 1997 4160 ad
2013 4116 2055 4161 os
2068 4094 2290 4175 admovebat,

254 4215 395 4294 buisse,
428 4222 463 4277 et
485 4228 525 4274 ex
547 4226 587 4270 eo
608 4195 800 4268 concubitu
820 4208 1027 4283 prognatam
1049 4217 1122 4263 esse
1138 4195 1245 4263 liliam
1299 4195 1487 4264 ostendens
1504 4187 1598 4260 banc
1611 4213 1685 4259 esse
1702 4190 1896 4261 fluxionem
1914 4207 1967 4264 tot
1982 4195 2190 4264 morborum
2206 4219 2290 4266 cau·

255 4315 460 4408 podagram.
516 4301 614 4372 Haec
635 4301 708 4368 duo
733 4296 828 4363 enim
852 4317 940 4386 quae
959 4317 1022 4384 per
1046 4318 1082 4363 se
1107 4319 1147 4362 ac
1174 4296 1247 4369 sola
1299 4317 1383 4367 sam.
1435 4291 1637 4363 Faceteille
1657 4290 1800 4383 quidem
1818 4317 1883 4364 nec
1898 4296 2019 4365 minus
2036 4319 2134 4366 vere:
2158 4298 2290 4369 sentie-

253 4414 451 4510 plurimum
473 4415 621 4484 nocent,
654 4398 796 4491 quando
819 4395 859 4463 in
883 4418 996 4464 unum
1019 4396 1247 4477 conveniunt,
1298 4396 1360 4466 bat
1381 4395 1476 4464 enim
1499 4392 1696 4462 valetudini
1719 4394 1855 4464 nullam
1881 4397 2121 4468 nocentiorem
2138 4422 2291 4490 essepe·

255 4535 334 4590 tum
354 4535 438 4583 vero
462 4502 556 4577 nihil
578 4515 630 4573 est
651 4498 762 4588 magis
784 4496 998 4588 pestiferum.
1050 4493 1109 4565 Fit
1131 4511 1246 4566 antem
1300 4510 1407 4579 stem,
1431 4518 1536 4588 quam
1548 4494 1632 4565 istas
1643 4495 1915 4583 perpotationes.
1963 4497 2032 4568 Sed
2050 4503 2292 4571 nouandiunt

255 4621 485 4714 plerumque,
518 4622 558 4679 ut
580 4601 744 4675 homines
764 4599 949 4672 temulenti
972 4622 1011 4666 ac
1026 4597 1135 4677 ebrii,
1163 4613 1248 4668 tunc
1301 4596 1482 4667 Medicum
1497 4597 1556 4665 isti
1571 4607 1780 4685 nepotores,
1803 4623 1848 4668 ne
1863 4613 1936 4669 tum
1952 4600 2116 4692 quidem,
2142 4628 2224 4674 cum
2240 4603 2293 4672 al-

255 4746 336 4793 cum
360 4719 439 4789 cibo
464 4726 620 4805 potuque
638 4707 683 4775 ad
703 4725 881 4773 summum
901 4699 1047 4769 distenti
1070 4713 1170 4779 sunt,
1202 4701 1247 4769 ad
1298 4712 1415 4769 terum
1433 4698 1558 4787 pedem
1576 4697 1614 4765 in
1632 4690 1825 4770 Charontis
1839 4701 1961 4793 cymba
1977 4695 2120 4776 habent.
2171 4703 2292 4776 Multo

257 4813 314 4894 res
342 4841 508 4892 venereas
524 4820 700 4908 proruant
714 4829 798 4876 sese.
854 4801 950 4871 Hinc
966 4801 1103 4870 subitae
1120 4815 1248 4872 mortes
1301 4800 1396 4869 enim
1421 4798 1521 4890 peius
1543 4799 1663 4870 animo
1679 4801 1800 4871 valent
1815 4825 1920 4892 quam
1938 4826 2105 4895 corpore,
2138 4805 2175 4874 id
2193 4809 2293 4901 quod

255 4940 362 5020 atque
387 4924 550 4990 intestata
575 4924 753 4991 senectus,
784 4917 825 4975 ut
838 4901 1018 4997 Satyricus
1035 4903 1096 4975 ait.
1152 4900 1250 4971 Hinc
1300 4903 1394 4971 inira
1409 4902 1647 4977 ostendemus.
1702 4900 1794 4975 Nam
1810 4904 2012 4990 cerebrum,
2036 4930 2126 4999 quae
2139 4908 2293 4980 rationis

255 5030 362 5101 istum
378 5036 563 5114 potorum,
596 5036 685 5105 pene
702 5029 893 5101 porcorum
909 5004 1084 5087 dixeram,
1108 5027 1248 5093 gregem
1300 5027 1340 5073 ac
1365 5001 1494 5072 mentis
1513 5005 1613 5073 sedes
1636 5019 1707 5084 cst,
1741 5005 1790 5076 ita
1811 5005 1884 5074 illis
1907 5029 2116 5080 concussum
2139 5025 2173 5082 et
2191 5010 2292 5083 labe-

255 5122 481 5200 circumsistit
506 5117 604 5187 velut
626 5112 764 5203 agmine
793 5111 885 5178 facto
908 5105 1115 5176 morbomm
1141 5129 1248 5175 omne
1299 5106 1466 5175 lactatum
1490 5119 1566 5188 est,
1586 5120 1717 5177 utnon
1741 5107 1849 5176 modo
1875 5123 2013 5189 mente,
2039 5112 2100 5180 sed
2118 5101 2164 5182 ne
2179 5115 2295 5185 seusi-

254 5253 385 5323 genus,
430 5220 658 5316 sequiturque
691 5213 799 5285 totius
831 5207 990 5301 torporis
1020 5220 1054 5278 et
1087 5208 1246 5289 omniurn
1301 5208 1367 5279 bus
1383 5208 1525 5299 quidem
1544 5207 1692 5297 integris
1703 5207 1757 5277 nti
1774 5209 1922 5298 possint.
1972 5211 2295 5311 Destituanturqoe

253 5333 499 5405 membrorum
515 5334 668 5393 extrema
682 5316 780 5386 labes
801 5335 841 5382 ac
856 5308 1088 5412 deformatio,
1112 5310 1248 5381 cerebri
1300 5330 1376 5383 nou
1391 5309 1614 5382 tautumtillis
1624 5309 1835 5394 virtutibus,
1845 5367 1851 5383 .
1861 5313 1992 5405 quibus
2006 5308 2171 5388 homines
2184 5343 2294 5390 ams-

255 5451 374 5508 tamen
395 5425 601 5524 praecipue,
632 5444 673 5492 ea
694 5416 789 5489 cuim
812 5437 895 5506 pars
919 5437 999 5484 curn
1022 5411 1249 5493 temulentiae
1300 5409 1387 5489 teris
1399 5411 1641 5515 animantibus
1658 5426 1885 5501 separantur,
1907 5416 1969 5485 setl
1991 5415 2035 5486 iis
2050 5417 2187 5504 ctiam,
2202 5446 2295 5515 quae
