1481 1679
191 169 231 189 ³09
367 168 447 188 DECL.
472 168 511 187 DE
527 167 694 188 UTlLlTATE

191 219 229 231 non
247 212 380 234 intelliguntur,
403 212 437 229 nisi
455 212 530 230 consilia
550 218 571 229 ne
589 212 690 230 voluntates

192 244 254 256 eorum
264 238 288 255 ita
299 237 440 259 consideremus,
457 238 509 261 quasi
520 243 556 255 una
569 244 609 255 cum
618 238 655 255 illis
663 237 690 255 vi-

192 267 262 285 ventes,
274 263 337 281 iisdem
347 263 450 281 intersimus
458 263 617 281 deliberationibus
628 269 648 281 ac
658 269 690 280 ne>

191 289 255 312 gociis,
268 289 287 306 in
295 288 361 312 quibus
368 289 402 312 ipsi
410 289 531 307 versabamur.
556 288 602 306 Tota
609 288 690 312 Respub.

192 318 242 333 vetus
254 314 314 332 animo
326 314 412 332 intuenda
427 318 445 332 et
456 315 478 332 ad
490 318 600 337 praesentem
613 315 689 332 sormam

193 340 301 358 eonferenda
312 343 342 358 est.
364 339 403 357 Hae
414 340 530 363 cogitationes
540 340 608 363 aliquid
616 340 638 358 ad
646 346 690 363 pru-

191 366 270 384 dentiam
281 359 394 387 conducunt:
407 371 428 383 ac
440 366 462 383 de
477 366 539 383 multis
553 366 621 388 magnis
636 366 689 383 rebus

191 397 224 409 nos
233 392 336 412 admouent,
348 391 370 409 de
378 391 468 413 moribus,
480 392 502 409 de
511 391 556 412 iure,
567 392 589 409 de
597 391 688 409 actionum

190 423 211 434 ae
218 416 326 434 iudiciorum
334 417 424 438 varietate,
437 418 460 434 de
467 420 530 435 natura
537 423 602 435 rerum.
622 416 689 434 Demo-

190 441 262 460 sthenes
272 442 338 460 dicitur
348 442 402 460 octies
410 442 522 465 descripsisse
530 441 658 466 Thucydiden,
669 446 689 460 ut

190 467 226 485 sibi
242 471 321 485 autorem
337 467 451 491 eloquentem
462 474 516 491 quam
531 468 689 486 familiarissimum

189 493 260 511 faceret.
286 492 322 510 Nec
334 499 376 511 vero
386 497 485 517 aucupatus
495 497 520 511 est
532 494 627 517 praecipue
634 494 689 511 verba

191 522 222 536 aut
233 524 289 541 genus
300 519 392 536 sennonis.
418 519 464 536 Nam
471 518 584 543 Thucydidis
592 519 649 537 oratio
656 519 688 537 ad-

190 544 264 561 modum
272 544 364 561 dissimilis
374 548 399 562 est
406 544 479 562 sorensi.
502 544 537 562 Sed
546 544 603 562 varias
611 544 689 568 Reipub.

189 570 298 588 mutationes
310 575 331 587 ac
343 574 432 587 momenta
444 569 567 588 considerabat
578 570 598 587 iu
609 569 689 591 historia,

189 595 295 618 excerpebst
305 594 409 617 Principum
425 595 509 616 consilia,
522 601 599 619 quorum
611 595 689 618 cognitio

189 620 227 643 ipsi
238 626 309 644 quoque
318 619 337 637 in
349 620 425 643 publicis
432 620 591 638 deliberationibus
599 622 688 644 proderat.

189 646 267 669 Aliquid
276 646 329 663 etiam
337 646 427 668 gravitatis
435 646 504 664 addidit
513 645 640 664 Demosthenis
649 652 689 664 ora-

190 671 280 691 tionibus,
298 671 373 689 imitatio
386 670 507 695 Thucydidis:
527 672 592 689 multas
603 672 651 690 enirn
660 678 688 690 re-

190 697 225 714 fert
236 695 365 714 Demosthenes
376 697 473 715 sententias
485 696 603 721 Thucydidis.
628 697 689 715 Citaut

191 722 237 744 leges
244 722 305 740 multis
313 722 332 739 in
342 722 386 740 locis
395 722 503 744 Homerum,
515 723 571 741 citant
579 722 689 744 Ciceronem,

191 753 228 765 nou
240 748 336 765 verborum
349 754 409 771 causa,
423 749 453 766 sed
467 751 551 772 tanquam
562 749 659 767 sententias
669 748 689 766 io

192 773 230 791 foro
238 773 303 794 dictas,
316 779 392 797 quarum
402 774 516 791 autoritatem
524 773 543 791 in
552 773 623 792 iudiciis
631 774 689 792 valere

193 798 260 816 volunt
286 798 362 821 Quoties
373 798 440 816 Medici
453 799 508 816 citant
519 798 584 816 Poiitas
595 800 615 816 iu
625 798 693 817 natura‘

192 830 252 842 rerum
260 824 385 841 discribenda?
411 823 457 845 Quis
466 824 513 841 enim
524 830 561 841 nou
571 824 619 842 videt
626 824 690 843 Poctas

192 850 220 867 vel
228 849 322 873 praecipue
330 847 363 866 hoc
371 849 469 870 studuisse,
482 853 503 867 ut
511 849 604 873 plerasque
616 853 690 868 naturae

190 879 251 898 partes
260 874 383 892 illustrarent?
405 874 466 898 ltaque
476 875 563 898 complexi
572 879 614 893 sunt
621 881 689 893 summa

191 906 234 918 cum
241 902 332 917 venustate
339 902 389 917 ortus
397 903 415 917 et
425 906 496 918 occasus
503 901 593 924 syderum,
606 907 626 919 ac
634 905 689 919 totam

191 925 292 943 doctrinam
302 930 347 948 quae
359 924 378 942 in
391 925 494 948 vulgaribus
505 925 571 943 libellis
580 926 602 944 de
614 925 689 950 sphaera

191 950 279 973 traditur,
292 950 418 973 descriptiones
426 951 534 973 fulminum,
546 952 608 973 iridis,
620 956 637 970 et
646 952 690 970 reli-

193 982 227 1000 qua
234 979 320 997 metron,
332 974 428 994 herbarum
440 976 558 999 plurimarum
566 981 583 995 et
592 978 689 996 multorum

192 1001 312 1019 remediorum
329 1005 407 1020 naturas.
432 1001 495 1020 Cicero
501 1008 553 1024 ,vero
570 1006 587 1020 et
603 1003 689 1021 moralem

193 1025 327 1050 Philosophiam
339 1029 394 1045 totam
407 1028 509 1050 complexus
520 1032 555 1048 est,
575 1032 592 1045 et
603 1029 689 1052 quosdam

193 1053 241 1070 locos
251 1053 282 1076 qui
298 1053 320 1069 ad
335 1051 470 1075 Philosophiam
483 1053 581 1071 naturalem
594 1054 690 1077 pertinent,

193 1084 270 1102 quorum
282 1078 335 1095 lectio
349 1084 385 1095 non
398 1078 453 1096 modo
464 1079 533 1101 copiam
545 1080 642 1100 sermonis,
660 1080 689 1097 sed

192 1104 246 1122 etiam
254 1109 313 1121 rerum
320 1103 413 1121 scientiam
421 1104 468 1121 alere
474 1107 537 1127 potest.
552 1103 601 1127 Quid
609 1108 635 1122 est
642 1105 689 1122 enim

192 1130 225 1147 illa
233 1129 358 1152 disputatione,
371 1130 393 1147 de
400 1129 532 1147 immortalitate
539 1130 614 1151 animae,
627 1130 646 1147 in
654 1130 691 1153 pri-

192 1161 223 1173 ma
235 1153 350 1172 Thusentana
366 1155 454 1173 eruditius
465 1161 485 1172 ac
498 1155 605 1173 iucundius?
632 1155 691 1173 Multo

192 1181 247 1199 etiam
254 1180 342 1198 eruditior
350 1184 376 1198 est
385 1181 457 1199 libellus
465 1181 487 1198 de
496 1184 558 1198 natura
567 1180 655 1199 Deorum:
671 1187 691 1199 ac

192 1206 214 1224 in
224 1209 301 1229 utroque
312 1206 367 1224 multa
379 1209 474 1224 sumuntur
485 1210 587 1229 argumenta
600 1212 620 1224 ex
631 1213 650 1224 ea
658 1207 691 1224 do—

192 1232 260 1253 ctrina,
273 1238 326 1255 quam
336 1232 441 1255 profitentur
448 1231 476 1253 hi,
489 1232 520 1255 qui
528 1232 600 1255 proprie
607 1232 692 1250 dicuntur

193 1256 272 1281 Physici.
299 1257 393 1274 Fateamur
405 1263 446 1280 ergo
456 1257 577 1281 eloquentium
585 1258 691 1281 scriptorum

194 1283 301 1303 lectionem,
320 1289 357 1300 nou
372 1283 426 1300 modo
441 1283 463 1300 ad
478 1283 547 1306 copiam
559 1283 657 1305 sermonis,
675 1287 692 1301 et
705 1293 706 1311 ᾗ

193 1307 269 1332 phrasin
277 1309 413 1331 comparandam
426 1309 517 1331 prodesse,
529 1309 560 1326 sed
569 1309 621 1326 etiam
630 1310 652 1326 ad
660 1315 692 1327 au-

193 1335 271 1357 gendam
284 1339 344 1351 rerum
356 1334 484 1356 coguitionem,
497 1337 514 1351 et
526 1334 591 1352 iuditio
600 1335 692 1352 formanda
705 1343 706 1346 ¹

192 1361 218 1378 de
230 1359 290 1377 multis
306 1359 388 1377 maximis
404 1360 462 1377 rebus.
488 1359 558 1377 Deinde
569 1359 662 1382 diligentia
673 1360 692 1377 in

193 1385 279 1403 exercitio
292 1385 343 1408 styli,
360 1384 392 1402 illa
403 1391 445 1403 vero
456 1385 475 1402 in
487 1385 549 1408 primis
557 1385 604 1403 acuit
616 1386 693 1408 ingenia.
706 1382 708 1414 i

193 1411 241 1429 Nam
250 1411 269 1428 iu
277 1410 386 1428 inveniendo
395 1416 423 1428 res
431 1417 476 1434 quae
487 1411 510 1428 ad
517 1416 587 1428 causam
598 1412 694 1434 pertinent,

193 1437 294 1461 prudenter
300 1442 362 1454 omnes
371 1436 503 1459 investigandae
511 1439 528 1454 et
536 1436 639 1459 cogitandae
646 1440 694 1456 sunt.

194 1462 225 1480 Ad
234 1461 276 1480 haec
283 1462 419 1480 deliberandum
426 1462 449 1480 de
456 1468 516 1480 rernsn
523 1462 587 1480 ordine
594 1465 611 1480 et
618 1468 694 1480 oecono—
707 1474 709 1484 -,

225 1487 318 1505 Mur-auru.
332 1489 385 1506 Οηιι,
398 1489 440 1505 Vos.
454 1488 486 1505 XI.

712 166 853 186 STUDIOR.
870 167 1039 191 ELOQUENT.
1176 171 1215 189 370

717 210 759 228 mia.
785 210 822 228 Nec
832 211 892 228 minor
902 215 927 229 est
937 218 979 229 cura
991 213 1089 236 perspicere
1098 214 1142 237 qnid
1150 215 1216 237 deceat,

718 236 761 259 quid
780 236 824 253 locis
839 242 859 254 at
875 237 986 260 temporibus
1001 242 1094 261 congruat.
1123 239 1215 258 Postremo

716 261 821 284 compositio
832 266 849 280 et
860 268 902 280 eura
913 263 1019 281 elocutionis
1030 270 1067 281 uon
1079 264 1141 282 leviter
1148 269 1216 284 exercet

715 287 828 306 scribentem.
854 287 913 306 Huius
921 289 998 306 exercitii
1007 290 1117 307 consuetudo
1127 291 1172 313 parit
1180 291 1215 308 im-

715 318 784 330 mensas
801 313 894 335 utilitates,
916 313 999 337 prohihet
1016 315 1178 338 praecipitantiam,
1197 320 1215 334 et

715 338 766 361 quasi
774 338 845 356 frenum
856 339 933 362 ingeniis
943 340 1010 361 inficit,
1023 346 1046 358 ne
1059 344 1125 359 temere
1135 341 1174 359 sine
1181 343 1213 360 de-

715 364 771 385 lectu,
791 364 830 382 sine
844 365 916 386 ordine,
936 366 974 383 sine
987 372 1028 384 cura
1042 366 1135 385 effundant
1149 368 1214 389 omnia,

715 395 761 412 quae
770 395 807 407 sese
815 390 899 411 offerunt,
911 390 969 408 adfert
977 391 1098 414 diligentiam,
1111 397 1131 411 ut
1140 399 1158 411 ea
1167 400 1212 416 quae

715 415 809 437 gignimus,
819 416 917 433 formemus
924 416 984 438 etiam,
997 420 1014 435 et
1021 421 1059 435 arte
1065 418 1139 436 meliora
1147 419 1212 436 efficia-

714 446 761 458 mus.
774 440 795 458 Id
803 441 904 459 sifacercnt
912 442 1006 465 scriptores
1013 443 1042 460 vel
1050 448 1139 461 sacransm
1147 450 1212 466 rerum,

715 466 743 483 vel
750 466 792 488 alii,
805 470 873 490 quanto
885 467 967 485 foelicior
974 473 1010 485 esse
1018 471 1073 486 statns
1081 475 1140 487 rerum
1147 468 1212 488 huma-

714 497 784 510 narum.
808 492 890 514 Quorum
897 493 978 517 plerique
985 493 1000 511 si
1008 494 1030 511 ad
1040 500 1100 511 curam
1108 494 1127 512 in
1136 495 1212 513 dicendo

715 517 807 535 assuesceti
816 521 883 539 essent,
895 519 953 536 multo
963 523 1021 537 essent
1029 519 1048 537 iu
1056 520 1155 542 deligendis
1162 521 1212 538 utili-

714 542 749 560 bus
756 543 875 565 argumentis,
888 547 906 561 et
914 544 934 561 in
942 545 1026 562 cavendis
1034 545 1111 568 publicis
1121 546 1212 569 periculis,

715 568 841 590 diligentiores.

766 606 843 624 Pericles
853 613 957 625 ascensurus
969 608 989 625 in
1000 609 1114 632 concionem,
1130 616 1150 628 ac
1161 617 1213 634 prae-

714 632 789 650 metiens
805 632 875 655 auimo,
891 637 979 657 quantum
995 634 1069 657 periculi
1081 635 1212 655 inconsiderate

714 658 762 676 dicta
768 658 860 679 afferrent,
872 659 935 677 solitus
943 662 969 677 est
976 660 1044 682 precari
1052 666 1063 678 a
1070 659 1119 682 Diis,
1132 668 1154 679 ue
1162 663 1211 686 quod

714 683 749 701 sibi
756 684 829 701 verbum
836 684 933 706 excideret,
946 685 994 708 quod
1002 685 1079 704 officeret
1087 686 1164 710 Reipub.
1186 687 1211 706 Et

714 708 849 730 Demosthenes,
862 715 902 727 cum
910 710 927 727 ei
933 710 1048 732 ohiiceretur,
1059 712 1108 734 quod
1117 713 1211 731 meditatus

715 735 736 752 ad
747 734 842 752 dicendum
854 735 931 757 veniret,
944 736 1045 759 respondit,
1062 736 1096 754 sibi
1108 743 1146 755 non
1156 739 1210 756 modo

715 760 847 783 impudentem,
866 761 897 778 scd
910 761 963 779 etiam
974 761 1077 785 improbum
1088 763 1144 781 civem
1155 764 1212 782 videri

715 785 778 806 illum,
795 786 826 809 qui
839 786 861 803 de
872 786 926 804 rebus
940 787 1023 809 summis,
1038 788 1132 806 universae
1144 789 1212 808 civitati

715 811 810 829 consilium
822 811 906 835 daturus,
920 812 992 830 auderet
1004 813 1073 835 dicere,
1089 820 1108 831 re
1120 821 1158 832 nou
1170 819 1211 834 ante

716 837 747 854 diu
754 836 866 860 multumque
875 837 959 860 cogitata3
975 844 1030 862 quare
1037 838 1052 856 si
1061 840 1125 862 possit,
1138 847 1174 858 uon
1182 847 1212 859 so—

715 862 753 880 lum
764 862 839 885 scripta,
855 863 885 880 sed
900 863 968 886 sculpta
978 870 997 881 se
1009 864 1098 882 dicturum
1112 866 1212 885 affirmavit.

716 886 780 905 Adfert
797 893 838 910 ergo
855 888 902 907 inter
917 892 994 907 caeteras
1004 890 1090 908 utilitates
1102 893 1219 911 consuetudo

715 913 808 931 exercendi
823 914 875 937 styli,
892 914 1008 938 multiplicem
1024 916 1144 939 diligentiam,
1161 924 1212 936 causa

715 941 752 956 tota
759 938 833 960 ,maiore
844 945 886 957 cura
897 941 1011 963 expendenda
1024 944 1042 959 et
1052 942 1156 964 cogitanda,
1172 949 1212 961 cum

716 964 750 987 ipsi
758 964 851 982 nobiscum
858 965 987 987 deliberamus,
1002 968 1092 989 quomodo
1100 974 1138 985 eam
1147 969 1213 987 dicturi

716 992 746 1007 aut
754 990 810 1007 acturi
817 990 882 1012 simus3
890 991 997 1013 prospicitur
1004 992 1057 1009 etiam
1066 993 1109 1016 quid
1117 994 1136 1011 in
1144 995 1213 1012 actione

716 1014 791 1038 periculi
807 1015 839 1036 sit,
858 1016 975 1038 deliberatur,
994 1018 1085 1040 quomodo
1100 1019 1178 1041 pericula
1193 1020 1212 1037 in

717 1040 784 1063 agendo
796 1041 873 1058 cavenda
885 1041 926 1059 sint.
952 1041 1033 1065 Denique
1045 1043 1060 1059 si
1071 1042 1118 1060 nihil
1130 1047 1157 1062 est
1166 1045 1214 1062 futili

716 1065 820 1088 garrulitate
831 1066 901 1088 turpius
912 1069 930 1084 et
942 1067 1068 1089 perniciosius,
1084 1069 1180 1091 plurimum
1190 1071 1213 1088 sd

717 1091 801 1108 virtutem
813 1091 832 1108 in
840 1097 948 1115 unoquoque
960 1095 977 1109 et
984 1092 1006 1109 ad
1015 1093 1104 1115 publicam
1111 1096 1214 1119 tranquilli.

717 1119 770 1134 tatem
786 1116 858 1139 prodest
874 1115 917 1134 haec
935 1117 1039 1136 assuefactio
1056 1119 1079 1136 ad
1096 1121 1213 1139 exercendum

717 1141 793 1165 stylum,
809 1142 831 1159 ad
842 1142 953 1160 formandam
966 1147 983 1161 et
995 1145 1137 1167 componendam
1147 1147 1214 1165 oratio-

717 1173 767 1188 nem,
780 1173 803 1184 ne
810 1168 871 1185 omnia
882 1168 921 1186 siue
929 1168 998 1187 delectu
1006 1169 1128 1190 effundantur.
1153 1171 1212 1190 Multa

717 1193 770 1210 etiam
782 1193 849 1215 ingenii
858 1193 900 1211 vitia
912 1194 985 1217 corrigit
997 1195 1062 1219 stylus,
1076 1200 1093 1214 et
1105 1195 1176 1216 cohibet
1188 1199 1214 1216 af-

717 1219 782 1240 fectus,
795 1225 818 1236 ne
825 1222 885 1236 contra
894 1220 979 1237 decorum
986 1221 1092 1239 concitatius
1099 1222 1193 1242 feranturs

769 1256 812 1274 Dixi
824 1255 917 1276 hactenus,
933 1263 986 1281 quam
999 1258 1023 1275 sit
1033 1259 1078 1276 utile
1092 1258 1126 1277 hoc
1135 1262 1214 1280 studium

718 1286 764 1300 recte
771 1282 859 1299 scribendi
868 1281 900 1303 his,
909 1283 940 1306 qui
947 1283 968 1300 ad
977 1282 1066 1307 Rempub.
1074 1287 1159 1304 accessuri
1168 1292 1215 1307 sunt.

718 1308 786 1330 Togata
801 1308 933 1325 administratio
944 1309 1038 1331 praecipue
1053 1310 1163 1332 gubernatur
1178 1314 1216 1331 elo-

719 1333 797 1357 quentis,
808 1336 824 1350 et
831 1334 887 1351 multa
894 1333 958 1351 Latine
966 1335 1032 1356 agenda
1041 1339 1099 1355 erunt.
1125 1337 1186 1360 Quare
1192 1340 1214 1357 ad

719 1358 765 1376 hanc
778 1361 845 1376 tantam
855 1365 901 1380 rem,
918 1362 938 1377 ut
950 1365 968 1377 se
977 1360 1060 1378 inventus
1070 1367 1171 1385 praeparet,
1184 1366 1216 1382 ad—

720 1383 807 1402 hortanda
815 1387 868 1408 atque
876 1385 966 1403 incitanda
974 1389 1000 1403 est
1008 1386 1077 1405 acriter.
1100 1387 1138 1406 lam
1146 1389 1165 1407 in
1172 1396 1215 1407 con-

707 1416 708 1428 t
720 1409 810 1428 troversiie
824 1410 916 1432 religionis
930 1411 1049 1434 explicandis,
1066 1413 1106 1436 quis
1120 1420 1157 1432 non
1168 1415 1216 1433 videt

720 1441 784 1458 magna
792 1435 885 1457 doctrina,
897 1439 915 1454 et
926 1442 990 1459 magna
998 1437 1079 1456 ubertate
1090 1440 1186 1462 sermonis,
1198 1444 1216 1459 et

923 1486 949 1505 24

720 1460 793 1479 dicendi
804 1461 888 1479 facultate
898 1467 944 1485 opus
953 1463 1002 1480 esse?
1027 1463 1074 1482 Sunt
1086 1464 1133 1482 euim
1145 1471 1173 1483 ree
1181 1464 1217 1484 vob·
1248 1484 1251 1487 ,
