<?xml version="1.0" encoding="UTF-8"?>
<!DOCTYPE html PUBLIC "-//W3C//DTD XHTML 1.0 Transitional//EN"
    "http://www.w3.org/TR/xhtml1/DTD/xhtml1-transitional.dtd">
<html xmlns="http://www.w3.org/1999/xhtml" xml:lang="en" lang="en">
 <head>
  <title>
</title>
<meta http-equiv="Content-Type" content="text/html;charset=utf-8" />
  <meta name='ocr-system' content='tesseract 3.04.00' />
  <meta name='ocr-capabilities' content='ocr_page ocr_carea ocr_par ocr_line ocrx_word'/>
</head>
<body>
  <div class='ocr_page' id='page_1' title='image "./philippimelanth21melagoog/philippimelanth21melagoog_0447.png"; bbox 0 0 4732 6030; ppageno 0'>
   <div class='ocr_carea' id='block_1_1' title="bbox 270 218 2304 303">
    <p class='ocr_par' dir='ltr' id='par_1_1' title="bbox 270 218 2304 303">
     <span class='ocr_line' id='line_1_1' title="bbox 270 218 2304 303; baseline 0 -2"><span class='ocrx_word' id='word_1_1' title='bbox 270 220 348 301; x_wconf 80' lang='grc'><strong>887</strong></span> <span class='ocrx_word' id='word_1_2' title='bbox 707 222 868 298; x_wconf 83' lang='lat' dir='ltr'>DECL</span> <span class='ocrx_word' id='word_1_3' title='bbox 917 220 994 298; x_wconf 85' lang='lat' dir='ltr'><strong>DE</strong></span> <span class='ocrx_word' id='word_1_4' title='bbox 1026 219 1249 298; x_wconf 79' lang='lat' dir='ltr'><strong>STUDIO</strong></span> <span class='ocrx_word' id='word_1_5' title='bbox 1282 221 1551 297; x_wconf 83' lang='lat' dir='ltr'><strong>LINGUAE</strong></span> <span class='ocrx_word' id='word_1_6' title='bbox 1579 218 1866 295; x_wconf 75' lang='lat' dir='ltr'><strong>EBRAEAE.</strong></span> <span class='ocrx_word' id='word_1_7' title='bbox 2222 224 2304 303; x_wconf 83' lang='grc'><strong>868</strong></span> 
     </span>
    </p>
   </div>
   <div class='ocr_carea' id='block_1_2' title="bbox 199 383 2312 982">
    <p class='ocr_par' dir='ltr' id='par_1_2' title="bbox 199 383 2312 875">
     <span class='ocr_line' id='line_1_2' title="bbox 272 383 2310 488; baseline -0.005 -18"><span class='ocrx_word' id='word_1_8' title='bbox 272 414 326 470; x_wconf 93' lang='lat' dir='ltr'><strong>tra</strong></span> <span class='ocrx_word' id='word_1_9' title='bbox 343 396 424 465; x_wconf 92' lang='lat' dir='ltr'><strong>illos</strong></span> <span class='ocrx_word' id='word_1_10' title='bbox 438 397 581 488; x_wconf 90' lang='lat' dir='ltr'><strong>laqueos</strong></span> <span class='ocrx_word' id='word_1_11' title='bbox 597 405 737 461; x_wconf 89' lang='lat' dir='ltr'><strong>satanae</strong></span> <span class='ocrx_word' id='word_1_12' title='bbox 754 389 974 459; x_wconf 90' lang='lat' dir='ltr'><strong>communire</strong></span> <span class='ocrx_word' id='word_1_13' title='bbox 990 412 1029 458; x_wconf 90' lang='lat' dir='ltr'><strong>ac</strong></span> <span class='ocrx_word' id='word_1_14' title='bbox 1050 410 1259 481; x_wconf 86' lang='lat' dir='ltr'><strong>praeparare</strong></span> <span class='ocrx_word' id='word_1_15' title='bbox 1311 410 1474 456; x_wconf 89' lang='lat' dir='ltr'><strong>enarrare</strong></span> <span class='ocrx_word' id='word_1_16' title='bbox 1497 385 1682 466; x_wconf 78' lang='lat' dir='ltr'>discimus,</span> <span class='ocrx_word' id='word_1_17' title='bbox 1708 410 1788 456; x_wconf 89' lang='lat' dir='ltr'><strong>cum</strong></span> <span class='ocrx_word' id='word_1_18' title='bbox 1808 384 1963 477; x_wconf 86' lang='lat' dir='ltr'><strong>Reipub.</strong></span> <span class='ocrx_word' id='word_1_19' title='bbox 1987 383 2192 457; x_wconf 90' lang='lat' dir='ltr'><strong>barbaricae</strong></span> <span class='ocrx_word' id='word_1_20' title='bbox 2211 389 2310 460; x_wconf 88' lang='lat' dir='ltr'><strong>ima-</strong></span> 
     </span>
     <span class='ocr_line' id='line_1_3' title="bbox 199 486 2308 591; baseline -0.002 -23"><span class='ocrx_word' id='word_1_21' title='bbox 199 542 204 549; x_wconf 95' lang='lat'>·</span> <span class='ocrx_word' id='word_1_22' title='bbox 271 499 457 591; x_wconf 89' lang='lat' dir='ltr'><strong>possimus.</strong></span> <span class='ocrx_word' id='word_1_23' title='bbox 510 495 569 564; x_wconf 86' lang='lat' dir='ltr'><strong>Sic</strong></span> <span class='ocrx_word' id='word_1_24' title='bbox 584 495 679 562; x_wconf 91' lang='lat' dir='ltr'><strong>enim</strong></span> <span class='ocrx_word' id='word_1_25' title='bbox 697 490 794 562; x_wconf 88' lang='lat' dir='ltr'><strong>Deus</strong></span> <span class='ocrx_word' id='word_1_26' title='bbox 809 490 976 581; x_wconf 93' lang='lat' dir='ltr'><strong>praecipit</strong></span> <span class='ocrx_word' id='word_1_27' title='bbox 994 490 1161 559; x_wconf 87' lang='lat' dir='ltr'><strong>Proverb.</strong></span> <span class='ocrx_word' id='word_1_28' title='bbox 1176 486 1256 563; x_wconf 56' lang='lat'><strong>22:</strong></span> <span class='ocrx_word' id='word_1_29' title='bbox 1310 489 1428 577; x_wconf 90' lang='lat' dir='ltr'><strong>ginem</strong></span> <span class='ocrx_word' id='word_1_30' title='bbox 1442 489 1545 558; x_wconf 90' lang='lat' dir='ltr'><strong>nobis</strong></span> <span class='ocrx_word' id='word_1_31' title='bbox 1560 487 1748 578; x_wconf 88' lang='lat' dir='ltr'><strong>pingimus,</strong></span> <span class='ocrx_word' id='word_1_32' title='bbox 1773 510 1847 555; x_wconf 93' lang='lat' dir='ltr'><strong>non</strong></span> <span class='ocrx_word' id='word_1_33' title='bbox 1862 489 1976 556; x_wconf 89' lang='lat' dir='ltr'><strong>solum</strong></span> <span class='ocrx_word' id='word_1_34' title='bbox 1993 488 2167 558; x_wconf 86' lang='lat' dir='ltr'><strong>sermonis</strong></span> <span class='ocrx_word' id='word_1_35' title='bbox 2181 488 2308 564; x_wconf 89' lang='lat' dir='ltr'><strong>Latini</strong></span> 
     </span>
     <span class='ocr_line' id='line_1_4' title="bbox 272 586 2308 684; baseline -0.004 -14"><span class='ocrx_word' id='word_1_36' title='bbox 272 597 377 670; x_wconf 88' lang='lat' dir='ltr'><strong>Disce</strong></span> <span class='ocrx_word' id='word_1_37' title='bbox 402 599 450 665; x_wconf 89' lang='lat' dir='ltr'><strong>fili</strong></span> <span class='ocrx_word' id='word_1_38' title='bbox 478 596 526 663; x_wconf 91' lang='lat' dir='ltr'><strong>mi</strong></span> <span class='ocrx_word' id='word_1_39' title='bbox 555 592 781 684; x_wconf 77' lang='lat' dir='ltr'><strong>sapientiam,</strong></span> <span class='ocrx_word' id='word_1_40' title='bbox 814 607 853 663; x_wconf 89' lang='lat' dir='ltr'><strong>ut</strong></span> <span class='ocrx_word' id='word_1_41' title='bbox 877 593 1020 660; x_wconf 76' lang='lat' dir='ltr'><strong>refutari</strong></span> <span class='ocrx_word' id='word_1_42' title='bbox 1050 591 1184 681; x_wconf 81' lang='lat' dir='ltr'><strong>possint</strong></span> <span class='ocrx_word' id='word_1_43' title='bbox 1208 586 1260 673; x_wconf 94' lang='lat' dir='ltr'><strong>hi,</strong></span> <span class='ocrx_word' id='word_1_44' title='bbox 1311 590 1497 681; x_wconf 90' lang='lat' dir='ltr'><strong>puritatem</strong></span> <span class='ocrx_word' id='word_1_45' title='bbox 1515 603 1548 658; x_wconf 92' lang='lat' dir='ltr'><strong>et</strong></span> <span class='ocrx_word' id='word_1_46' title='bbox 1563 603 1781 660; x_wconf 75' lang='lat' dir='ltr'><strong>venustatem</strong></span> <span class='ocrx_word' id='word_1_47' title='bbox 1797 589 1975 678; x_wconf 90' lang='lat' dir='ltr'><strong>corrumpi</strong></span> <span class='ocrx_word' id='word_1_48' title='bbox 1991 589 2104 674; x_wconf 88' lang='lat' dir='ltr'><strong>aiunt,</strong></span> <span class='ocrx_word' id='word_1_49' title='bbox 2117 593 2176 660; x_wconf 89' lang='lat' dir='ltr'><strong>sed</strong></span> <span class='ocrx_word' id='word_1_50' title='bbox 2194 593 2308 664; x_wconf 88' lang='lat' dir='ltr'><strong>etiam</strong></span> 
     </span>
     <span class='ocr_line' id='line_1_5' title="bbox 273 688 2309 794; baseline -0.001 -27"><span class='ocrx_word' id='word_1_51' title='bbox 273 702 333 794; x_wconf 81' lang='lat' dir='ltr'><strong>qui</strong></span> <span class='ocrx_word' id='word_1_52' title='bbox 367 694 454 765; x_wconf 92' lang='lat' dir='ltr'><strong>mihi</strong></span> <span class='ocrx_word' id='word_1_53' title='bbox 492 698 689 765; x_wconf 90' lang='lat' dir='ltr'><strong>convicium</strong></span> <span class='ocrx_word' id='word_1_54' title='bbox 722 694 868 766; x_wconf 86' lang='lat' dir='ltr'><strong>faciunt.</strong></span> <span class='ocrx_word' id='word_1_55' title='bbox 919 688 967 762; x_wconf 85' lang='lat' dir='ltr'><strong>Et</strong></span> <span class='ocrx_word' id='word_1_56' title='bbox 999 694 1165 783; x_wconf 90' lang='lat' dir='ltr'><strong>gaudebit</strong></span> <span class='ocrx_word' id='word_1_57' title='bbox 1199 715 1260 761; x_wconf 90' lang='lat' dir='ltr'><strong>cor</strong></span> <span class='ocrx_word' id='word_1_58' title='bbox 1312 691 1446 783; x_wconf 93' lang='lat' dir='ltr'><strong>aliquid</strong></span> <span class='ocrx_word' id='word_1_59' title='bbox 1473 690 1601 760; x_wconf 81' lang='lat' dir='ltr'><strong>accersi</strong></span> <span class='ocrx_word' id='word_1_60' title='bbox 1623 691 1852 780; x_wconf 88' lang='lat' dir='ltr'><strong>ineptiarum:</strong></span> <span class='ocrx_word' id='word_1_61' title='bbox 1888 691 1990 759; x_wconf 89' lang='lat' dir='ltr'><strong>utin</strong></span> <span class='ocrx_word' id='word_1_62' title='bbox 2019 694 2197 778; x_wconf 80' lang='lat' dir='ltr'><strong>tragoedia</strong></span> <span class='ocrx_word' id='word_1_63' title='bbox 2223 693 2309 766; x_wconf 87' lang='lat' dir='ltr'><strong>Me·</strong></span> 
     </span>
     <span class='ocr_line' id='line_1_6' title="bbox 271 791 2312 875; baseline -0.001 -6"><span class='ocrx_word' id='word_1_64' title='bbox 271 824 401 869; x_wconf 89' lang='lat' dir='ltr'><strong>meum.</strong></span> <span class='ocrx_word' id='word_1_65' title='bbox 451 795 545 872; x_wconf 86' lang='lat' dir='ltr'><strong>Dixi.</strong></span> <span class='ocrx_word' id='word_1_66' title='bbox 1312 793 1433 861; x_wconf 90' lang='lat' dir='ltr'><strong>nelaus</strong></span> <span class='ocrx_word' id='word_1_67' title='bbox 1448 793 1578 862; x_wconf 90' lang='lat' dir='ltr'><strong>dicitur</strong></span> <span class='ocrx_word' id='word_1_68' title='bbox 1594 793 1705 861; x_wconf 85' lang='lat' dir='ltr'><strong>sactus</strong></span> <span class='ocrx_word' id='word_1_69' title='bbox 1722 792 1914 875; x_wconf 90' lang='lat' dir='ltr'><strong>barbarus,</strong></span> <span class='ocrx_word' id='word_1_70' title='bbox 1940 791 2110 862; x_wconf 93' lang='lat' dir='ltr'><strong>diuturna</strong></span> <span class='ocrx_word' id='word_1_71' title='bbox 2133 795 2312 867; x_wconf 89' lang='lat' dir='ltr'><strong>barbaro-</strong></span> 
     </span>
    </p>

    <p class='ocr_par' dir='ltr' id='par_1_3' title="bbox 1311 889 2306 982">
     <span class='ocr_line' id='line_1_7' title="bbox 1311 889 2306 982; baseline 0.008 -21"><span class='ocrx_word' id='word_1_72' title='bbox 1311 918 1392 962; x_wconf 92' lang='lat' dir='ltr'><strong>rum</strong></span> <span class='ocrx_word' id='word_1_73' title='bbox 1417 893 1682 967; x_wconf 88' lang='lat' dir='ltr'><strong>consuetudine.</strong></span> <span class='ocrx_word' id='word_1_74' title='bbox 1739 889 1836 961; x_wconf 90' lang='lat' dir='ltr'><strong>Haec</strong></span> <span class='ocrx_word' id='word_1_75' title='bbox 1866 915 1968 982; x_wconf 87' lang='lat' dir='ltr'><strong>saepe</strong></span> <span class='ocrx_word' id='word_1_76' title='bbox 1993 889 2192 966; x_wconf 87' lang='lat' dir='ltr'><strong>Politianus</strong></span> <span class='ocrx_word' id='word_1_77' title='bbox 2217 896 2306 970; x_wconf 89' lang='lat' dir='ltr'><strong>Pico</strong></span> 
     </span>
    </p>
   </div>
   <div class='ocr_carea' id='block_1_3' title="bbox 269 1023 1259 1042">
    <p class='ocr_par' dir='ltr' id='par_1_4' title="bbox 269 1023 1259 1042">
     <span class='ocr_line' id='line_1_8' title="bbox 269 1023 1259 1042; baseline -0.014 -1"><span class='ocrx_word' id='word_1_78' title='bbox 269 1023 1259 1042; x_wconf 48' lang='lat' dir='ltr'><strong>——u-——fflae———n--ffl</strong></span> 
     </span>
    </p>
   </div>
   <div class='ocr_carea' id='block_1_4' title="bbox 1092 1185 1260 1251">
    <p class='ocr_par' dir='ltr' id='par_1_5' title="bbox 1092 1185 1260 1251">
     <span class='ocr_line' id='line_1_9' title="bbox 1092 1185 1260 1251; baseline 0.006 -4"><span class='ocrx_word' id='word_1_79' title='bbox 1092 1209 1140 1251; x_wconf 87' lang='lat' dir='ltr'><strong>an.</strong></span> <span class='ocrx_word' id='word_1_80' title='bbox 1166 1185 1260 1249; x_wconf 80' lang='lat'><strong>1549.</strong></span> 
     </span>
    </p>
   </div>
   <div class='ocr_carea' id='block_1_5' title="bbox 1082 1274 1253 1302">
    <p class='ocr_par' dir='ltr' id='par_1_6' title="bbox 1082 1274 1253 1302">
     <span class='ocr_line' id='line_1_10' title="bbox 1082 1274 1253 1302; baseline -0.012 0"><span class='ocrx_word' id='word_1_81' title='bbox 1082 1274 1253 1302; x_wconf 59' lang='grc' dir='ltr'>Μ</span> 
     </span>
    </p>
   </div>
   <div class='ocr_carea' id='block_1_6' title="bbox 271 1187 449 1259">
    <p class='ocr_par' dir='ltr' id='par_1_7' title="bbox 271 1187 449 1259">
     <span class='ocr_line' id='line_1_11' title="bbox 271 1187 449 1259; baseline 0 -1"><span class='ocrx_word' id='word_1_82' title='bbox 271 1188 340 1259; x_wconf 89' lang='grc' dir='ltr'><strong>Νο.</strong></span> <span class='ocrx_word' id='word_1_83' title='bbox 365 1187 449 1258; x_wconf 87' lang='grc'><strong>109.</strong></span> 
     </span>
    </p>
   </div>
   <div class='ocr_carea' id='block_1_7' title="bbox 282 1284 454 1313">
    <p class='ocr_par' dir='ltr' id='par_1_8' title="bbox 282 1284 454 1313">
     <span class='ocr_line' id='line_1_12' title="bbox 282 1284 454 1313; baseline -0.017 0"><span class='ocrx_word' id='word_1_84' title='bbox 282 1284 454 1313; x_wconf 50' lang='lat' dir='ltr'><em>w</em></span> 
     </span>
    </p>
   </div>
   <div class='ocr_carea' id='block_1_8' title="bbox 397 1382 1128 1495">
    <p class='ocr_par' dir='ltr' id='par_1_9' title="bbox 397 1382 1128 1495">
     <span class='ocr_line' id='line_1_13' title="bbox 397 1382 1128 1495; baseline -0.01 -20"><span class='ocrx_word' id='word_1_85' title='bbox 397 1391 473 1475; x_wconf 88' lang='lat' dir='ltr'><strong>De</strong></span> <span class='ocrx_word' id='word_1_86' title='bbox 502 1388 654 1473; x_wconf 82' lang='lat' dir='ltr'><strong>studio</strong></span> <span class='ocrx_word' id='word_1_87' title='bbox 683 1387 875 1495; x_wconf 80' lang='lat' dir='ltr'><strong>liuguae</strong></span> <span class='ocrx_word' id='word_1_88' title='bbox 903 1382 1128 1468; x_wconf 84' lang='lat' dir='ltr'><strong>Ebraeae.</strong></span> 
     </span>
    </p>
   </div>
   <div class='ocr_carea' id='block_1_9' title="bbox 341 1560 1262 1773">
    <p class='ocr_par' dir='ltr' id='par_1_10' title="bbox 341 1560 1262 1773">
     <span class='ocr_line' id='line_1_14' title="bbox 341 1560 1262 1632; baseline -0.013 -7"><span class='ocrx_word' id='word_1_89' title='bbox 341 1572 373 1625; x_wconf 90' lang='lat' dir='ltr'><strong>ln</strong></span> <span class='ocrx_word' id='word_1_90' title='bbox 388 1570 480 1624; x_wconf 82' lang='lat' dir='ltr'><strong>select.</strong></span> <span class='ocrx_word' id='word_1_91' title='bbox 494 1569 643 1621; x_wconf 82' lang='lat' dir='ltr'><strong>lleelamat.</strong></span> <span class='ocrx_word' id='word_1_92' title='bbox 658 1564 746 1619; x_wconf 88' lang='lat' dir='ltr'><strong>T.lV.</strong></span> <span class='ocrx_word' id='word_1_93' title='bbox 762 1564 923 1632; x_wconf 57' lang='lat' dir='ltr'><strong>psstsqq,</strong></span> <span class='ocrx_word' id='word_1_94' title='bbox 942 1562 1069 1617; x_wconf 83' lang='lat' dir='ltr'><strong>Richard.</strong></span> <span class='ocrx_word' id='word_1_95' title='bbox 1082 1562 1115 1617; x_wconf 84' lang='grc' dir='ltr'><strong>Τ.</strong></span> <span class='ocrx_word' id='word_1_96' title='bbox 1124 1563 1143 1617; x_wconf 92' lang='grc' dir='ltr'><strong>Ι.</strong></span> <span class='ocrx_word' id='word_1_97' title='bbox 1155 1582 1179 1632; x_wconf 83' lang='lat' dir='ltr'><strong>p.</strong></span> <span class='ocrx_word' id='word_1_98' title='bbox 1190 1560 1262 1632; x_wconf 65' lang='grc'><strong>838,</strong></span> 
     </span>
     <span class='ocr_line' id='line_1_15' title="bbox 375 1631 1262 1703; baseline -0.009 -11"><span class='ocrx_word' id='word_1_99' title='bbox 375 1639 491 1692; x_wconf 84' lang='lat' dir='ltr'><strong>Serrest.</strong></span> <span class='ocrx_word' id='word_1_100' title='bbox 509 1637 542 1690; x_wconf 85' lang='grc' dir='ltr'><strong>Τ.</strong></span> <span class='ocrx_word' id='word_1_101' title='bbox 558 1635 604 1688; x_wconf 90' lang='lat' dir='ltr'><strong>lV.</strong></span> <span class='ocrx_word' id='word_1_102' title='bbox 628 1654 653 1703; x_wconf 90' lang='lat' dir='ltr'><strong>p.</strong></span> <span class='ocrx_word' id='word_1_103' title='bbox 666 1634 725 1687; x_wconf 74' lang='lat'><strong>424.</strong></span> <span class='ocrx_word' id='word_1_104' title='bbox 744 1642 768 1683; x_wconf 83' lang='lat' dir='ltr'><strong>et</strong></span> <span class='ocrx_word' id='word_1_105' title='bbox 790 1634 816 1683; x_wconf 88' lang='lat' dir='ltr'><strong>in</strong></span> <span class='ocrx_word' id='word_1_106' title='bbox 834 1634 916 1685; x_wconf 85' lang='lat' dir='ltr'><strong>Turn.</strong></span> <span class='ocrx_word' id='word_1_107' title='bbox 929 1632 975 1684; x_wconf 89' lang='grc' dir='ltr'>ΙΙΙ.</span> <span class='ocrx_word' id='word_1_108' title='bbox 994 1631 1102 1685; x_wconf 81' lang='lat' dir='ltr'><strong>Erlord.</strong></span> <span class='ocrx_word' id='word_1_109' title='bbox 1120 1631 1159 1686; x_wconf 90' lang='lat' dir='ltr'><strong>lit.</strong></span> <span class='ocrx_word' id='word_1_110' title='bbox 1175 1652 1211 1698; x_wconf 88' lang='lat' dir='ltr'><strong>m,</strong></span> <span class='ocrx_word' id='word_1_111' title='bbox 1225 1632 1262 1695; x_wconf 77' lang='lat'><strong>2,</strong></span> 
     </span>
     <span class='ocr_line' id='line_1_16' title="bbox 373 1701 829 1773; baseline -0.013 -13"><span class='ocrx_word' id='word_1_112' title='bbox 373 1708 419 1760; x_wconf 89' lang='lat' dir='ltr'><strong>ubi</strong></span> <span class='ocrx_word' id='word_1_113' title='bbox 434 1707 583 1773; x_wconf 80' lang='lat' dir='ltr'><strong>adscriptus</strong></span> <span class='ocrx_word' id='word_1_114' title='bbox 598 1714 635 1757; x_wconf 84' lang='lat' dir='ltr'><strong>cst</strong></span> <span class='ocrx_word' id='word_1_115' title='bbox 649 1721 735 1756; x_wconf 86' lang='lat' dir='ltr'><strong>annus</strong></span> <span class='ocrx_word' id='word_1_116' title='bbox 751 1701 829 1754; x_wconf 75' lang='lat'>1549.</span> 
     </span>
    </p>
   </div>
   <div class='ocr_carea' id='block_1_10' title="bbox 413 1856 1122 1956">
    <p class='ocr_par' dir='ltr' id='par_1_11' title="bbox 413 1856 1122 1956">
     <span class='ocr_line' id='line_1_17' title="bbox 413 1856 1122 1956; baseline -0.007 -22"><span class='ocrx_word' id='word_1_117' title='bbox 413 1868 538 1934; x_wconf 82' lang='lat' dir='ltr'><strong>Oratio</strong></span> <span class='ocrx_word' id='word_1_118' title='bbox 561 1859 608 1931; x_wconf 86' lang='lat' dir='ltr'><strong>de</strong></span> <span class='ocrx_word' id='word_1_119' title='bbox 627 1858 755 1931; x_wconf 78' lang='lat' dir='ltr'><strong>studio</strong></span> <span class='ocrx_word' id='word_1_120' title='bbox 776 1862 931 1956; x_wconf 72' lang='lat' dir='ltr'><strong>liuguae</strong></span> <span class='ocrx_word' id='word_1_121' title='bbox 944 1856 1122 1929; x_wconf 79' lang='lat' dir='ltr'><strong>Ebraeae.</strong></span> 
     </span>
    </p>
   </div>
   <div class='ocr_carea' id='block_1_11' title="bbox 272 1997 1262 2708">
    <p class='ocr_par' dir='ltr' id='par_1_12' title="bbox 272 1997 1262 2708">
     <span class='ocr_line' id='line_1_18' title="bbox 273 1997 1260 2109; baseline -0.011 -26"><span class='ocrx_word' id='word_1_122' title='bbox 273 1997 370 2109; x_wconf 53' lang='lat' dir='ltr'><strong>Cep</strong></span> <span class='ocrx_word' id='word_1_123' title='bbox 398 2012 441 2077; x_wconf 92' lang='lat' dir='ltr'><strong>de</strong></span> <span class='ocrx_word' id='word_1_124' title='bbox 465 2009 606 2096; x_wconf 81' lang='lat' dir='ltr'><strong>linguae</strong></span> <span class='ocrx_word' id='word_1_125' title='bbox 624 2003 781 2077; x_wconf 82' lang='lat' dir='ltr'><strong>Ebraeae</strong></span> <span class='ocrx_word' id='word_1_126' title='bbox 806 2007 931 2076; x_wconf 92' lang='lat' dir='ltr'><strong>studiis</strong></span> <span class='ocrx_word' id='word_1_127' title='bbox 955 2002 1044 2074; x_wconf 90' lang='lat' dir='ltr'><strong>mihi</strong></span> <span class='ocrx_word' id='word_1_128' title='bbox 1070 2007 1260 2075; x_wconf 89' lang='lat' dir='ltr'><strong>dicendum</strong></span> 
     </span>
     <span class='ocr_line' id='line_1_19' title="bbox 272 2108 1262 2199; baseline -0.01 -16"><span class='ocrx_word' id='word_1_129' title='bbox 272 2136 345 2183; x_wconf 88' lang='lat' dir='ltr'><strong>esse</strong></span> <span class='ocrx_word' id='word_1_130' title='bbox 362 2111 612 2199; x_wconf 83' lang='lat' dir='ltr'><strong>intelligerem,</strong></span> <span class='ocrx_word' id='word_1_131' title='bbox 640 2110 740 2177; x_wconf 89' lang='lat' dir='ltr'><strong>valde</strong></span> <span class='ocrx_word' id='word_1_132' title='bbox 757 2109 963 2197; x_wconf 83' lang='lat' dir='ltr'><strong>gaudebam,</strong></span> <span class='ocrx_word' id='word_1_133' title='bbox 990 2132 1061 2176; x_wconf 89' lang='lat' dir='ltr'><strong>non</strong></span> <span class='ocrx_word' id='word_1_134' title='bbox 1079 2108 1171 2176; x_wconf 92' lang='lat' dir='ltr'><strong>inter</strong></span> <span class='ocrx_word' id='word_1_135' title='bbox 1189 2108 1262 2174; x_wconf 89' lang='lat' dir='ltr'><strong>illi·</strong></span> 
     </span>
     <span class='ocr_line' id='line_1_20' title="bbox 272 2209 1260 2303; baseline -0.007 -20"><span class='ocrx_word' id='word_1_136' title='bbox 272 2225 420 2295; x_wconf 90' lang='lat' dir='ltr'><strong>teratos,</strong></span> <span class='ocrx_word' id='word_1_137' title='bbox 453 2212 512 2303; x_wconf 94' lang='lat' dir='ltr'><strong>qui</strong></span> <span class='ocrx_word' id='word_1_138' title='bbox 544 2223 681 2280; x_wconf 91' lang='lat' dir='ltr'><strong>tautum</strong></span> <span class='ocrx_word' id='word_1_139' title='bbox 709 2224 933 2302; x_wconf 90' lang='lat' dir='ltr'><strong>quaestuosas</strong></span> <span class='ocrx_word' id='word_1_140' title='bbox 953 2223 1044 2278; x_wconf 86' lang='lat' dir='ltr'><strong>artes</strong></span> <span class='ocrx_word' id='word_1_141' title='bbox 1068 2209 1260 2276; x_wconf 77' lang='lat' dir='ltr'><strong>miranturs</strong></span> 
     </span>
     <span class='ocr_line' id='line_1_21' title="bbox 272 2305 1261 2403; baseline -0.006 -21"><span class='ocrx_word' id='word_1_142' title='bbox 272 2338 337 2384; x_wconf 90' lang='lat' dir='ltr'><strong>nec</strong></span> <span class='ocrx_word' id='word_1_143' title='bbox 362 2313 453 2381; x_wconf 89' lang='lat' dir='ltr'><strong>inter</strong></span> <span class='ocrx_word' id='word_1_144' title='bbox 476 2305 677 2403; x_wconf 89' lang='lat' dir='ltr'><strong>prophanus</strong></span> <span class='ocrx_word' id='word_1_145' title='bbox 700 2305 879 2394; x_wconf 88' lang='lat' dir='ltr'><strong>homiues,</strong></span> <span class='ocrx_word' id='word_1_146' title='bbox 911 2312 972 2402; x_wconf 85' lang='lat' dir='ltr'><strong>qui</strong></span> <span class='ocrx_word' id='word_1_147' title='bbox 996 2306 1174 2378; x_wconf 82' lang='lat' dir='ltr'><strong>Ecclesiae</strong></span> <span class='ocrx_word' id='word_1_148' title='bbox 1197 2313 1261 2377; x_wconf 93' lang='lat' dir='ltr'><strong>do-</strong></span> 
     </span>
     <span class='ocr_line' id='line_1_22' title="bbox 272 2407 1261 2494; baseline -0.005 -9"><span class='ocrx_word' id='word_1_149' title='bbox 272 2415 422 2484; x_wconf 88' lang='lat' dir='ltr'><strong>ctrinam</strong></span> <span class='ocrx_word' id='word_1_150' title='bbox 448 2425 700 2494; x_wconf 88' lang='lat' dir='ltr'><strong>contemnunt,</strong></span> <span class='ocrx_word' id='word_1_151' title='bbox 731 2411 925 2480; x_wconf 87' lang='lat' dir='ltr'><strong>orationem</strong></span> <span class='ocrx_word' id='word_1_152' title='bbox 952 2407 1150 2480; x_wconf 90' lang='lat' dir='ltr'><strong>habendam</strong></span> <span class='ocrx_word' id='word_1_153' title='bbox 1173 2434 1261 2480; x_wconf 90' lang='lat' dir='ltr'><strong>esse:</strong></span> 
     </span>
     <span class='ocr_line' id='line_1_23' title="bbox 273 2508 1261 2604; baseline -0.005 -19"><span class='ocrx_word' id='word_1_154' title='bbox 273 2518 330 2585; x_wconf 91' lang='lat' dir='ltr'><strong>sed</strong></span> <span class='ocrx_word' id='word_1_155' title='bbox 355 2515 392 2582; x_wconf 96' lang='lat' dir='ltr'><strong>in</strong></span> <span class='ocrx_word' id='word_1_156' title='bbox 416 2539 458 2583; x_wconf 88' lang='lat' dir='ltr'><strong>eo</strong></span> <span class='ocrx_word' id='word_1_157' title='bbox 481 2527 601 2597; x_wconf 87' lang='lat' dir='ltr'><strong>coetu,</strong></span> <span class='ocrx_word' id='word_1_158' title='bbox 636 2512 799 2604; x_wconf 86' lang='lat' dir='ltr'><strong>quicum</strong></span> <span class='ocrx_word' id='word_1_159' title='bbox 824 2536 906 2603; x_wconf 90' lang='lat' dir='ltr'><strong>pars</strong></span> <span class='ocrx_word' id='word_1_160' title='bbox 926 2512 969 2582; x_wconf 90' lang='lat' dir='ltr'><strong>sit</strong></span> <span class='ocrx_word' id='word_1_161' title='bbox 992 2508 1168 2582; x_wconf 84' lang='lat' dir='ltr'><strong>Ecclesiae</strong></span> <span class='ocrx_word' id='word_1_162' title='bbox 1182 2509 1261 2593; x_wconf 90' lang='lat' dir='ltr'><strong>Dei,</strong></span> 
     </span>
     <span class='ocr_line' id='line_1_24' title="bbox 272 2614 1260 2708; baseline -0.006 -22"><span class='ocrx_word' id='word_1_163' title='bbox 272 2616 494 2708; x_wconf 88' lang='lat' dir='ltr'><strong>praecipuam</strong></span> <span class='ocrx_word' id='word_1_164' title='bbox 532 2616 698 2685; x_wconf 90' lang='lat' dir='ltr'><strong>virtutem</strong></span> <span class='ocrx_word' id='word_1_165' title='bbox 733 2637 825 2696; x_wconf 90' lang='lat' dir='ltr'><strong>esse,</strong></span> <span class='ocrx_word' id='word_1_166' title='bbox 865 2639 986 2683; x_wconf 90' lang='lat' dir='ltr'><strong>curam</strong></span> <span class='ocrx_word' id='word_1_167' title='bbox 1016 2614 1260 2703; x_wconf 89' lang='lat' dir='ltr'><strong>cognoscendi,</strong></span> 
     </span>
    </p>
   </div>
   <div class='ocr_carea' id='block_1_12' title="bbox 1313 994 2306 2713">
    <p class='ocr_par' dir='ltr' id='par_1_13' title="bbox 1313 994 2306 1489">
     <span class='ocr_line' id='line_1_25' title="bbox 1313 994 2306 1082; baseline 0.007 -18"><span class='ocrx_word' id='word_1_168' title='bbox 1313 995 1466 1064; x_wconf 89' lang='lat' dir='ltr'><strong>obiicere</strong></span> <span class='ocrx_word' id='word_1_169' title='bbox 1499 996 1623 1064; x_wconf 90' lang='lat' dir='ltr'><strong>solitus</strong></span> <span class='ocrx_word' id='word_1_170' title='bbox 1656 1008 1724 1064; x_wconf 88' lang='lat' dir='ltr'><strong>est:</strong></span> <span class='ocrx_word' id='word_1_171' title='bbox 1764 1006 1797 1062; x_wconf 94' lang='lat' dir='ltr'><strong>et</strong></span> <span class='ocrx_word' id='word_1_172' title='bbox 1830 994 2038 1063; x_wconf 85' lang='lat' dir='ltr'><strong>incredibile</strong></span> <span class='ocrx_word' id='word_1_173' title='bbox 2072 1008 2139 1082; x_wconf 89' lang='lat' dir='ltr'><strong>est,</strong></span> <span class='ocrx_word' id='word_1_174' title='bbox 2171 1001 2306 1072; x_wconf 86' lang='lat' dir='ltr'><strong>multos</strong></span> 
     </span>
     <span class='ocr_line' id='line_1_26' title="bbox 1313 1093 2304 1191; baseline 0.006 -26"><span class='ocrx_word' id='word_1_175' title='bbox 1313 1111 1432 1187; x_wconf 88' lang='lat' dir='ltr'><strong>captos</strong></span> <span class='ocrx_word' id='word_1_176' title='bbox 1454 1097 1624 1165; x_wconf 85' lang='lat' dir='ltr'><strong>suavitate</strong></span> <span class='ocrx_word' id='word_1_177' title='bbox 1649 1093 1805 1166; x_wconf 86' lang='lat' dir='ltr'><strong>Graecae</strong></span> <span class='ocrx_word' id='word_1_178' title='bbox 1837 1111 1870 1177; x_wconf 81' lang='lat' dir='ltr'><strong>et</strong></span> <span class='ocrx_word' id='word_1_179' title='bbox 1893 1093 2041 1164; x_wconf 87' lang='lat' dir='ltr'><strong>Latinae</strong></span> <span class='ocrx_word' id='word_1_180' title='bbox 2068 1097 2304 1191; x_wconf 85' lang='lat' dir='ltr'><strong>eloquentiae,</strong></span> 
     </span>
     <span class='ocr_line' id='line_1_27' title="bbox 1314 1191 2302 1292; baseline 0.006 -25"><span class='ocrx_word' id='word_1_181' title='bbox 1314 1213 1348 1268; x_wconf 93' lang='lat' dir='ltr'><strong>et</strong></span> <span class='ocrx_word' id='word_1_182' title='bbox 1364 1222 1481 1268; x_wconf 83' lang='lat' dir='ltr'><strong>rerum</strong></span> <span class='ocrx_word' id='word_1_183' title='bbox 1497 1197 1699 1282; x_wconf 88' lang='lat' dir='ltr'><strong>dulcedine,</strong></span> <span class='ocrx_word' id='word_1_184' title='bbox 1730 1220 1819 1288; x_wconf 89' lang='lat' dir='ltr'><strong>quae</strong></span> <span class='ocrx_word' id='word_1_185' title='bbox 1835 1209 1919 1266; x_wconf 89' lang='lat' dir='ltr'><strong>sunt</strong></span> <span class='ocrx_word' id='word_1_186' title='bbox 1935 1197 1971 1264; x_wconf 91' lang='lat' dir='ltr'><strong>in</strong></span> <span class='ocrx_word' id='word_1_187' title='bbox 1988 1191 2147 1268; x_wconf 90' lang='lat' dir='ltr'><strong>historiis</strong></span> <span class='ocrx_word' id='word_1_188' title='bbox 2162 1224 2201 1271; x_wconf 90' lang='lat' dir='ltr'><strong>ac</strong></span> <span class='ocrx_word' id='word_1_189' title='bbox 2214 1209 2302 1292; x_wconf 73' lang='lat' dir='ltr'><strong>poe-</strong></span> 
     </span>
     <span class='ocr_line' id='line_1_28' title="bbox 1313 1292 2303 1390; baseline 0.007 -23"><span class='ocrx_word' id='word_1_190' title='bbox 1313 1300 1434 1383; x_wconf 91' lang='lat' dir='ltr'><strong>matis,</strong></span> <span class='ocrx_word' id='word_1_191' title='bbox 1466 1296 1612 1369; x_wconf 89' lang='lat' dir='ltr'><strong>Graecis</strong></span> <span class='ocrx_word' id='word_1_192' title='bbox 1631 1298 1852 1389; x_wconf 86' lang='lat' dir='ltr'><strong>praesertim,</strong></span> <span class='ocrx_word' id='word_1_193' title='bbox 1886 1292 1950 1365; x_wconf 91' lang='lat' dir='ltr'><strong>hac</strong></span> <span class='ocrx_word' id='word_1_194' title='bbox 1971 1299 2134 1370; x_wconf 88' lang='lat' dir='ltr'><strong>oratione</strong></span> <span class='ocrx_word' id='word_1_195' title='bbox 2156 1304 2303 1390; x_wconf 89' lang='lat' dir='ltr'><strong>moveri,</strong></span> 
     </span>
     <span class='ocr_line' id='line_1_29' title="bbox 1313 1397 2051 1489; baseline -0.001 -18"><span class='ocrx_word' id='word_1_196' title='bbox 1313 1415 1352 1471; x_wconf 93' lang='lat' dir='ltr'><strong>ut</strong></span> <span class='ocrx_word' id='word_1_197' title='bbox 1371 1397 1543 1469; x_wconf 84' lang='lat' dir='ltr'><strong>Ebraeam</strong></span> <span class='ocrx_word' id='word_1_198' title='bbox 1561 1401 1715 1489; x_wconf 87' lang='lat' dir='ltr'><strong>linguam</strong></span> <span class='ocrx_word' id='word_1_199' title='bbox 1733 1399 1843 1488; x_wconf 86' lang='lat' dir='ltr'><strong>magis</strong></span> <span class='ocrx_word' id='word_1_200' title='bbox 1859 1398 2051 1470; x_wconf 84' lang='lat' dir='ltr'><strong>fastidiant.</strong></span> 
     </span>
    </p>

    <p class='ocr_par' dir='ltr' id='par_1_14' title="bbox 1314 1494 2305 2713">
     <span class='ocr_line' id='line_1_30' title="bbox 1354 1494 2302 1594; baseline 0.007 -24"><span class='ocrx_word' id='word_1_201' title='bbox 1354 1494 1359 1503; x_wconf 63' lang='grc'>’</span> <span class='ocrx_word' id='word_1_202' title='bbox 1415 1498 1474 1571; x_wconf 90' lang='grc' dir='ltr'><strong>Αιι</strong></span> <span class='ocrx_word' id='word_1_203' title='bbox 1496 1503 1681 1594; x_wconf 87' lang='lat' dir='ltr'><strong>quisquam</strong></span> <span class='ocrx_word' id='word_1_204' title='bbox 1709 1515 1779 1570; x_wconf 88' lang='lat' dir='ltr'><strong>tam</strong></span> <span class='ocrx_word' id='word_1_205' title='bbox 1797 1500 1922 1588; x_wconf 86' lang='lat' dir='ltr'><strong>agresti</strong></span> <span class='ocrx_word' id='word_1_206' title='bbox 1938 1503 2057 1581; x_wconf 67' lang='lat' dir='ltr'><strong>mimo</strong></span> <span class='ocrx_word' id='word_1_207' title='bbox 2073 1516 2144 1588; x_wconf 89' lang='lat' dir='ltr'><strong>est,</strong></span> <span class='ocrx_word' id='word_1_208' title='bbox 2171 1517 2302 1577; x_wconf 86' lang='lat' dir='ltr'><strong>utnon</strong></span> 
     </span>
     <span class='ocr_line' id='line_1_31' title="bbox 1314 1597 2304 1695; baseline 0.008 -24"><span class='ocrx_word' id='word_1_209' title='bbox 1314 1605 1412 1672; x_wconf 88' lang='lat' dir='ltr'><strong>malit</strong></span> <span class='ocrx_word' id='word_1_210' title='bbox 1443 1598 1556 1693; x_wconf 87' lang='lat' dir='ltr'><strong>legere</strong></span> <span class='ocrx_word' id='word_1_211' title='bbox 1584 1600 1759 1671; x_wconf 85' lang='lat' dir='ltr'><strong>Herodoti</strong></span> <span class='ocrx_word' id='word_1_212' title='bbox 1788 1597 1973 1671; x_wconf 88' lang='lat' dir='ltr'><strong>historiam</strong></span> <span class='ocrx_word' id='word_1_213' title='bbox 2005 1620 2232 1695; x_wconf 90' lang='lat' dir='ltr'><strong>perpetuam,</strong></span> <span class='ocrx_word' id='word_1_214' title='bbox 2260 1612 2304 1679; x_wconf 92' lang='lat' dir='ltr'><strong>de</strong></span> 
     </span>
     <span class='ocr_line' id='line_1_32' title="bbox 1315 1703 2305 1795; baseline -0.007 -22"><span class='ocrx_word' id='word_1_215' title='bbox 1315 1705 1475 1773; x_wconf 90' lang='lat' dir='ltr'><strong>maximis</strong></span> <span class='ocrx_word' id='word_1_216' title='bbox 1492 1705 1597 1772; x_wconf 90' lang='lat' dir='ltr'><strong>rebus</strong></span> <span class='ocrx_word' id='word_1_217' title='bbox 1615 1704 1718 1792; x_wconf 87' lang='lat' dir='ltr'><strong>gestis</strong></span> <span class='ocrx_word' id='word_1_218' title='bbox 1739 1703 1822 1771; x_wconf 92' lang='lat' dir='ltr'><strong>inde</strong></span> <span class='ocrx_word' id='word_1_219' title='bbox 1837 1726 1947 1795; x_wconf 90' lang='lat' dir='ltr'><strong>usque</strong></span> <span class='ocrx_word' id='word_1_220' title='bbox 1970 1703 2193 1781; x_wconf 85' lang='lat' dir='ltr'><strong>aCroesoad</strong></span> <span class='ocrx_word' id='word_1_221' title='bbox 2209 1708 2305 1779; x_wconf 90' lang='lat' dir='ltr'><strong>Xer.</strong></span> 
     </span>
     <span class='ocr_line' id='line_1_33' title="bbox 1314 1802 2303 1896; baseline 0.002 -21"><span class='ocrx_word' id='word_1_222' title='bbox 1314 1832 1408 1889; x_wconf 92' lang='lat' dir='ltr'><strong>xem,</strong></span> <span class='ocrx_word' id='word_1_223' title='bbox 1433 1807 1476 1873; x_wconf 92' lang='lat' dir='ltr'><strong>de</strong></span> <span class='ocrx_word' id='word_1_224' title='bbox 1499 1806 1733 1896; x_wconf 88' lang='lat' dir='ltr'><strong>plurimorum</strong></span> <span class='ocrx_word' id='word_1_225' title='bbox 1749 1802 1943 1894; x_wconf 80' lang='lat' dir='ltr'><strong>¹regnorum</strong></span> <span class='ocrx_word' id='word_1_226' title='bbox 1966 1808 2219 1879; x_wconf 87' lang='lat' dir='ltr'><strong>mutationibus</strong></span> <span class='ocrx_word' id='word_1_227' title='bbox 2242 1834 2303 1878; x_wconf 90' lang='lat' dir='ltr'><strong>sa-</strong></span> 
     </span>
     <span class='ocr_line' id='line_1_34' title="bbox 1316 1906 2301 1999; baseline 0.007 -26"><span class='ocrx_word' id='word_1_228' title='bbox 1316 1907 1529 1999; x_wconf 88' lang='lat' dir='ltr'><strong>pientissime</strong></span> <span class='ocrx_word' id='word_1_229' title='bbox 1553 1920 1589 1976; x_wconf 91' lang='lat' dir='ltr'><strong>et</strong></span> <span class='ocrx_word' id='word_1_230' title='bbox 1610 1906 1811 1975; x_wconf 89' lang='lat' dir='ltr'><strong>dulcissime</strong></span> <span class='ocrx_word' id='word_1_231' title='bbox 1839 1923 2040 1978; x_wconf 89' lang='lat' dir='ltr'><strong>narrantem</strong></span> <span class='ocrx_word' id='word_1_232' title='bbox 2060 1909 2205 1978; x_wconf 86' lang='lat' dir='ltr'><strong>consilia</strong></span> <span class='ocrx_word' id='word_1_233' title='bbox 2231 1935 2301 1999; x_wconf 84' lang='lat' dir='ltr'><strong>gu-</strong></span> 
     </span>
     <span class='ocr_line' id='line_1_35' title="bbox 1315 2008 2303 2099; baseline 0.005 -22"><span class='ocrx_word' id='word_1_234' title='bbox 1315 2012 1560 2091; x_wconf 89' lang='lat' dir='ltr'><strong>bernatorum,</strong></span> <span class='ocrx_word' id='word_1_235' title='bbox 1586 2031 1706 2077; x_wconf 87' lang='lat' dir='ltr'><strong>causas</strong></span> <span class='ocrx_word' id='word_1_236' title='bbox 1728 2008 1925 2091; x_wconf 91' lang='lat' dir='ltr'><strong>bellorum,</strong></span> <span class='ocrx_word' id='word_1_237' title='bbox 1951 2009 2062 2079; x_wconf 90' lang='lat' dir='ltr'><strong>exitus</strong></span> <span class='ocrx_word' id='word_1_238' title='bbox 2080 2011 2238 2099; x_wconf 89' lang='lat' dir='ltr'><strong>placidos</strong></span> <span class='ocrx_word' id='word_1_239' title='bbox 2261 2014 2303 2083; x_wconf 90' lang='lat' dir='ltr'><strong>in</strong></span> 
     </span>
     <span class='ocr_line' id='line_1_36' title="bbox 1314 2109 2305 2204; baseline 0.008 -27"><span class='ocrx_word' id='word_1_240' title='bbox 1314 2110 1464 2199; x_wconf 89' lang='lat' dir='ltr'><strong>negotiis</strong></span> <span class='ocrx_word' id='word_1_241' title='bbox 1482 2110 1681 2193; x_wconf 89' lang='lat' dir='ltr'><strong>moderatis,</strong></span> <span class='ocrx_word' id='word_1_242' title='bbox 1707 2110 1822 2178; x_wconf 83' lang='lat' dir='ltr'><strong>tristes</strong></span> <span class='ocrx_word' id='word_1_243' title='bbox 1835 2132 1920 2178; x_wconf 90' lang='lat' dir='ltr'><strong>vero</strong></span> <span class='ocrx_word' id='word_1_244' title='bbox 1936 2109 1974 2177; x_wconf 93' lang='lat' dir='ltr'><strong>in</strong></span> <span class='ocrx_word' id='word_1_245' title='bbox 1990 2111 2094 2179; x_wconf 91' lang='lat' dir='ltr'><strong>rebus</strong></span> <span class='ocrx_word' id='word_1_246' title='bbox 2110 2115 2305 2204; x_wconf 89' lang='lat' dir='ltr'><strong>cupiditate</strong></span> 
     </span>
     <span class='ocr_line' id='line_1_37' title="bbox 1314 2208 2304 2303; baseline 0.005 -23"><span class='ocrx_word' id='word_1_247' title='bbox 1314 2226 1346 2282; x_wconf 89' lang='lat' dir='ltr'><strong>et</strong></span> <span class='ocrx_word' id='word_1_248' title='bbox 1369 2211 1561 2279; x_wconf 90' lang='lat' dir='ltr'><strong>ambitione</strong></span> <span class='ocrx_word' id='word_1_249' title='bbox 1584 2210 1767 2302; x_wconf 84' lang='lat' dir='ltr'><strong>susceptis:</strong></span> <span class='ocrx_word' id='word_1_250' title='bbox 1794 2234 1900 2303; x_wconf 89' lang='lat' dir='ltr'><strong>quam</strong></span> <span class='ocrx_word' id='word_1_251' title='bbox 1918 2212 2033 2300; x_wconf 86' lang='lat' dir='ltr'><strong>legere</strong></span> <span class='ocrx_word' id='word_1_252' title='bbox 2047 2208 2304 2286; x_wconf 84' lang='lat' dir='ltr'><strong>Thalmudicos</strong></span> 
     </span>
     <span class='ocr_line' id='line_1_38' title="bbox 1315 2313 2301 2404; baseline 0.007 -24"><span class='ocrx_word' id='word_1_253' title='bbox 1315 2313 1474 2397; x_wconf 91' lang='lat' dir='ltr'><strong>libellos,</strong></span> <span class='ocrx_word' id='word_1_254' title='bbox 1500 2313 1691 2404; x_wconf 88' lang='lat' dir='ltr'><strong>inquibus</strong></span> <span class='ocrx_word' id='word_1_255' title='bbox 1721 2326 1753 2379; x_wconf 89' lang='lat' dir='ltr'><strong>et</strong></span> <span class='ocrx_word' id='word_1_256' title='bbox 1778 2325 1936 2402; x_wconf 89' lang='lat' dir='ltr'><strong>tempora</strong></span> <span class='ocrx_word' id='word_1_257' title='bbox 1961 2313 2088 2383; x_wconf 91' lang='lat' dir='ltr'><strong>mundi</strong></span> <span class='ocrx_word' id='word_1_258' title='bbox 2115 2318 2301 2387; x_wconf 85' lang='lat' dir='ltr'><strong>manifesto</strong></span> 
     </span>
     <span class='ocr_line' id='line_1_39' title="bbox 1314 2413 2302 2502; baseline 0.008 -20"><span class='ocrx_word' id='word_1_259' title='bbox 1314 2438 1433 2483; x_wconf 91' lang='lat' dir='ltr'><strong>errore</strong></span> <span class='ocrx_word' id='word_1_260' title='bbox 1446 2413 1606 2483; x_wconf 90' lang='lat' dir='ltr'><strong>mutilata</strong></span> <span class='ocrx_word' id='word_1_261' title='bbox 1623 2427 1723 2497; x_wconf 91' lang='lat' dir='ltr'><strong>sunt,</strong></span> <span class='ocrx_word' id='word_1_262' title='bbox 1746 2427 1780 2483; x_wconf 90' lang='lat' dir='ltr'><strong>et</strong></span> <span class='ocrx_word' id='word_1_263' title='bbox 1795 2426 1932 2481; x_wconf 89' lang='lat' dir='ltr'><strong>tantum</strong></span> <span class='ocrx_word' id='word_1_264' title='bbox 1949 2427 2000 2484; x_wconf 87' lang='lat' dir='ltr'><strong>est</strong></span> <span class='ocrx_word' id='word_1_265' title='bbox 2015 2417 2233 2502; x_wconf 83' lang='lat' dir='ltr'><strong>insulsitatis,</strong></span> <span class='ocrx_word' id='word_1_266' title='bbox 2260 2433 2302 2490; x_wconf 90' lang='lat' dir='ltr'><strong>ut</strong></span> 
     </span>
     <span class='ocr_line' id='line_1_40' title="bbox 1315 2514 2301 2602; baseline 0.006 -19"><span class='ocrx_word' id='word_1_267' title='bbox 1315 2517 1554 2584; x_wconf 83' lang='lat' dir='ltr'><strong>Alexandrum</strong></span> <span class='ocrx_word' id='word_1_268' title='bbox 1578 2515 1755 2583; x_wconf 89' lang='lat' dir='ltr'><strong>somnient</strong></span> <span class='ocrx_word' id='word_1_269' title='bbox 1779 2514 1921 2602; x_wconf 87' lang='lat' dir='ltr'><strong>gessisse</strong></span> <span class='ocrx_word' id='word_1_270' title='bbox 1942 2517 2074 2587; x_wconf 88' lang='lat' dir='ltr'><strong>bellum</strong></span> <span class='ocrx_word' id='word_1_271' title='bbox 2093 2543 2171 2588; x_wconf 90' lang='lat' dir='ltr'><strong>cum</strong></span> <span class='ocrx_word' id='word_1_272' title='bbox 2184 2517 2301 2589; x_wconf 90' lang='lat' dir='ltr'><strong>Dario</strong></span> 
     </span>
     <span class='ocr_line' id='line_1_41' title="bbox 1314 2615 2301 2713; baseline 0.005 -29"><span class='ocrx_word' id='word_1_273' title='bbox 1314 2618 1387 2685; x_wconf 83' lang='lat' dir='ltr'><strong>tilio</strong></span> <span class='ocrx_word' id='word_1_274' title='bbox 1406 2615 1608 2709; x_wconf 85' lang='lat' dir='ltr'><strong>Hystaspis,</strong></span> <span class='ocrx_word' id='word_1_275' title='bbox 1633 2617 1695 2706; x_wconf 84' lang='lat' dir='ltr'><strong>qui</strong></span> <span class='ocrx_word' id='word_1_276' title='bbox 1711 2617 1872 2686; x_wconf 90' lang='lat' dir='ltr'><strong>successit</strong></span> <span class='ocrx_word' id='word_1_277' title='bbox 1889 2615 2067 2713; x_wconf 78' lang='lat' dir='ltr'><strong>Cambysi,</strong></span> <span class='ocrx_word' id='word_1_278' title='bbox 2117 2619 2158 2691; x_wconf 89' lang='lat' dir='ltr'><strong>Si</strong></span> <span class='ocrx_word' id='word_1_279' title='bbox 2178 2644 2301 2691; x_wconf 91' lang='lat' dir='ltr'><strong>rerum</strong></span> 
     </span>
    </p>
   </div>
   <div class='ocr_carea' id='block_1_13' title="bbox 262 2710 2352 5449">
    <p class='ocr_par' dir='ltr' id='par_1_15' title="bbox 271 2710 2301 2910">
     <span class='ocr_line' id='line_1_42' title="bbox 271 2710 2301 2813; baseline 0.002 -26"><span class='ocrx_word' id='word_1_280' title='bbox 271 2718 511 2799; x_wconf 91' lang='lat' dir='ltr'><strong>custodiendi,</strong></span> <span class='ocrx_word' id='word_1_281' title='bbox 545 2730 579 2785; x_wconf 90' lang='lat' dir='ltr'><strong>et</strong></span> <span class='ocrx_word' id='word_1_282' title='bbox 612 2717 657 2783; x_wconf 94' lang='lat' dir='ltr'><strong>ad</strong></span> <span class='ocrx_word' id='word_1_283' title='bbox 691 2729 849 2804; x_wconf 91' lang='lat' dir='ltr'><strong>posteros</strong></span> <span class='ocrx_word' id='word_1_284' title='bbox 881 2717 1099 2807; x_wconf 89' lang='lat' dir='ltr'><strong>propagandi</strong></span> <span class='ocrx_word' id='word_1_285' title='bbox 1133 2715 1259 2806; x_wconf 91' lang='lat' dir='ltr'><strong>scripta</strong></span> <span class='ocrx_word' id='word_1_286' title='bbox 1313 2717 1465 2789; x_wconf 91' lang='lat' dir='ltr'><strong>suavitas</strong></span> <span class='ocrx_word' id='word_1_287' title='bbox 1477 2731 1510 2785; x_wconf 90' lang='lat' dir='ltr'><strong>et</strong></span> <span class='ocrx_word' id='word_1_288' title='bbox 1523 2710 2172 2813; x_wconf 79' lang='lat' dir='ltr'><strong>exemplamemorabilisquaeruntur,</strong></span> <span class='ocrx_word' id='word_1_289' title='bbox 2185 2724 2301 2793; x_wconf 90' lang='lat' dir='ltr'><strong>multo</strong></span> 
     </span>
     <span class='ocr_line' id='line_1_43' title="bbox 273 2814 2301 2910; baseline 0.002 -22"><span class='ocrx_word' id='word_1_290' title='bbox 273 2814 478 2910; x_wconf 89' lang='lat' dir='ltr'><strong>prophetica</strong></span> <span class='ocrx_word' id='word_1_291' title='bbox 497 2831 529 2886; x_wconf 91' lang='lat' dir='ltr'><strong>et</strong></span> <span class='ocrx_word' id='word_1_292' title='bbox 547 2815 736 2908; x_wconf 90' lang='lat' dir='ltr'><strong>apostolica</strong></span> <span class='ocrx_word' id='word_1_293' title='bbox 753 2816 871 2885; x_wconf 89' lang='lat' dir='ltr'><strong>sentit.</strong></span> <span class='ocrx_word' id='word_1_294' title='bbox 1311 2834 1363 2890; x_wconf 90' lang='lat' dir='ltr'><strong>est</strong></span> <span class='ocrx_word' id='word_1_295' title='bbox 1383 2818 1573 2888; x_wconf 91' lang='lat' dir='ltr'><strong>iucundius</strong></span> <span class='ocrx_word' id='word_1_296' title='bbox 1593 2830 1626 2886; x_wconf 92' lang='lat' dir='ltr'><strong>et</strong></span> <span class='ocrx_word' id='word_1_297' title='bbox 1655 2819 1780 2888; x_wconf 90' lang='lat' dir='ltr'><strong>utilius</strong></span> <span class='ocrx_word' id='word_1_298' title='bbox 1801 2820 2023 2891; x_wconf 88' lang='lat' dir='ltr'><strong>considerare</strong></span> <span class='ocrx_word' id='word_1_299' title='bbox 2048 2818 2301 2894; x_wconf 84' lang='lat' dir='ltr'><strong>Themistoclis</strong></span> 
     </span>
    </p>

    <p class='ocr_par' dir='ltr' id='par_1_16' title="bbox 271 2917 2303 3416">
     <span class='ocr_line' id='line_1_44' title="bbox 372 2917 2300 3013; baseline 0.003 -25"><span class='ocrx_word' id='word_1_300' title='bbox 372 2918 446 2988; x_wconf 91' lang='lat' dir='ltr'><strong>Nec</strong></span> <span class='ocrx_word' id='word_1_301' title='bbox 462 2944 546 2988; x_wconf 89' lang='lat' dir='ltr'><strong>vero</strong></span> <span class='ocrx_word' id='word_1_302' title='bbox 563 2917 707 2987; x_wconf 86' lang='lat' dir='ltr'><strong>difficile</strong></span> <span class='ocrx_word' id='word_1_303' title='bbox 722 2930 783 3001; x_wconf 91' lang='lat' dir='ltr'><strong>est,</strong></span> <span class='ocrx_word' id='word_1_304' title='bbox 810 2918 961 2987; x_wconf 89' lang='lat' dir='ltr'><strong>refutare</strong></span> <span class='ocrx_word' id='word_1_305' title='bbox 976 2918 1172 2999; x_wconf 88' lang='lat' dir='ltr'><strong>illiteratos,</strong></span> <span class='ocrx_word' id='word_1_306' title='bbox 1198 2918 1260 3010; x_wconf 90' lang='lat' dir='ltr'><strong>qui</strong></span> <span class='ocrx_word' id='word_1_307' title='bbox 1312 2920 1539 3011; x_wconf 89' lang='lat' dir='ltr'><strong>sapientiam,</strong></span> <span class='ocrx_word' id='word_1_308' title='bbox 1564 2919 1603 2986; x_wconf 94' lang='lat' dir='ltr'><strong>in</strong></span> <span class='ocrx_word' id='word_1_309' title='bbox 1617 2920 1784 2988; x_wconf 92' lang='lat' dir='ltr'><strong>omnibus</strong></span> <span class='ocrx_word' id='word_1_310' title='bbox 1799 2920 1885 2989; x_wconf 91' lang='lat' dir='ltr'><strong>belli</strong></span> <span class='ocrx_word' id='word_1_311' title='bbox 1899 2922 2085 2992; x_wconf 90' lang='lat' dir='ltr'><strong>momentis</strong></span> <span class='ocrx_word' id='word_1_312' title='bbox 2102 2924 2300 3013; x_wconf 83' lang='lat' dir='ltr'><strong>providen-</strong></span> 
     </span>
     <span class='ocr_line' id='line_1_45' title="bbox 271 3017 2303 3116; baseline 0.002 -25"><span class='ocrx_word' id='word_1_313' title='bbox 271 3036 362 3091; x_wconf 91' lang='lat' dir='ltr'><strong>artes</strong></span> <span class='ocrx_word' id='word_1_314' title='bbox 379 3045 451 3088; x_wconf 85' lang='lat' dir='ltr'><strong>non</strong></span> <span class='ocrx_word' id='word_1_315' title='bbox 468 3021 664 3091; x_wconf 89' lang='lat' dir='ltr'><strong>metiuntur</strong></span> <span class='ocrx_word' id='word_1_316' title='bbox 679 3017 850 3108; x_wconf 90' lang='lat' dir='ltr'><strong>dignitate</strong></span> <span class='ocrx_word' id='word_1_317' title='bbox 871 3043 950 3115; x_wconf 79' lang='lat' dir='ltr'><strong>sua,</strong></span> <span class='ocrx_word' id='word_1_318' title='bbox 976 3044 1040 3088; x_wconf 90' lang='lat' dir='ltr'><strong>nec</strong></span> <span class='ocrx_word' id='word_1_319' title='bbox 1061 3023 1261 3111; x_wconf 91' lang='lat' dir='ltr'><strong>attendunt,</strong></span> <span class='ocrx_word' id='word_1_320' title='bbox 1313 3024 1385 3105; x_wconf 94' lang='lat' dir='ltr'><strong>dis,</strong></span> <span class='ocrx_word' id='word_1_321' title='bbox 1408 3034 1440 3090; x_wconf 90' lang='lat' dir='ltr'><strong>et</strong></span> <span class='ocrx_word' id='word_1_322' title='bbox 1457 3017 1623 3090; x_wconf 82' lang='lat' dir='ltr'><strong>Aristidis</strong></span> <span class='ocrx_word' id='word_1_323' title='bbox 1641 3020 1813 3090; x_wconf 90' lang='lat' dir='ltr'><strong>iusticiam</strong></span> <span class='ocrx_word' id='word_1_324' title='bbox 1831 3037 1934 3116; x_wconf 89' lang='lat' dir='ltr'><strong>atque</strong></span> <span class='ocrx_word' id='word_1_325' title='bbox 1951 3026 2238 3109; x_wconf 88' lang='lat' dir='ltr'><strong>moderationem,</strong></span> <span class='ocrx_word' id='word_1_326' title='bbox 2264 3038 2303 3095; x_wconf 87' lang='lat' dir='ltr'><strong>et</strong></span> 
     </span>
     <span class='ocr_line' id='line_1_46' title="bbox 273 3120 2301 3215; baseline 0.002 -25"><span class='ocrx_word' id='word_1_327' title='bbox 273 3145 361 3215; x_wconf 91' lang='lat' dir='ltr'><strong>quos</strong></span> <span class='ocrx_word' id='word_1_328' title='bbox 383 3122 540 3209; x_wconf 89' lang='lat' dir='ltr'><strong>singulae</strong></span> <span class='ocrx_word' id='word_1_329' title='bbox 565 3123 693 3210; x_wconf 89' lang='lat' dir='ltr'><strong>gradus</strong></span> <span class='ocrx_word' id='word_1_330' title='bbox 712 3121 804 3191; x_wconf 88' lang='lat' dir='ltr'><strong>vitae</strong></span> <span class='ocrx_word' id='word_1_331' title='bbox 825 3135 966 3211; x_wconf 84' lang='lat' dir='ltr'><strong>regant,</strong></span> <span class='ocrx_word' id='word_1_332' title='bbox 991 3124 1050 3190; x_wconf 91' lang='lat' dir='ltr'><strong>sed</strong></span> <span class='ocrx_word' id='word_1_333' title='bbox 1074 3122 1258 3212; x_wconf 91' lang='lat' dir='ltr'><strong>pecuniam</strong></span> <span class='ocrx_word' id='word_1_334' title='bbox 1314 3121 1482 3192; x_wconf 91' lang='lat' dir='ltr'><strong>Graeciae</strong></span> <span class='ocrx_word' id='word_1_335' title='bbox 1498 3120 1684 3190; x_wconf 90' lang='lat' dir='ltr'><strong>universae</strong></span> <span class='ocrx_word' id='word_1_336' title='bbox 1699 3124 1925 3194; x_wconf 90' lang='lat' dir='ltr'><strong>constitutam</strong></span> <span class='ocrx_word' id='word_1_337' title='bbox 1940 3128 2165 3196; x_wconf 92' lang='lat' dir='ltr'><strong>concordiam</strong></span> <span class='ocrx_word' id='word_1_338' title='bbox 2181 3126 2220 3195; x_wconf 89' lang='lat' dir='ltr'><strong>iu</strong></span> <span class='ocrx_word' id='word_1_339' title='bbox 2237 3128 2301 3196; x_wconf 91' lang='lat' dir='ltr'><strong>de-</strong></span> 
     </span>
     <span class='ocr_line' id='line_1_47' title="bbox 273 3222 2301 3316; baseline 0.003 -25"><span class='ocrx_word' id='word_1_340' title='bbox 273 3244 452 3293; x_wconf 92' lang='lat' dir='ltr'><strong>summum</strong></span> <span class='ocrx_word' id='word_1_341' title='bbox 469 3223 603 3287; x_wconf 88' lang='lat' dir='ltr'><strong>bonnm</strong></span> <span class='ocrx_word' id='word_1_342' title='bbox 628 3244 700 3287; x_wconf 86' lang='lat' dir='ltr'><strong>esse</strong></span> <span class='ocrx_word' id='word_1_343' title='bbox 717 3222 860 3306; x_wconf 91' lang='lat' dir='ltr'><strong>dicunt,</strong></span> <span class='ocrx_word' id='word_1_344' title='bbox 886 3237 918 3293; x_wconf 95' lang='lat' dir='ltr'><strong>et</strong></span> <span class='ocrx_word' id='word_1_345' title='bbox 933 3247 990 3292; x_wconf 93' lang='lat' dir='ltr'><strong>eas</strong></span> <span class='ocrx_word' id='word_1_346' title='bbox 1010 3236 1148 3293; x_wconf 91' lang='lat' dir='ltr'><strong>tantum</strong></span> <span class='ocrx_word' id='word_1_347' title='bbox 1168 3237 1260 3292; x_wconf 90' lang='lat' dir='ltr'><strong>artes</strong></span> <span class='ocrx_word' id='word_1_348' title='bbox 1311 3225 1470 3293; x_wconf 86' lang='lat' dir='ltr'><strong>sensione</strong></span> <span class='ocrx_word' id='word_1_349' title='bbox 1503 3222 1654 3313; x_wconf 89' lang='lat' dir='ltr'><strong>patriae,</strong></span> <span class='ocrx_word' id='word_1_350' title='bbox 1688 3248 1793 3316; x_wconf 84' lang='lat' dir='ltr'><strong>quam</strong></span> <span class='ocrx_word' id='word_1_351' title='bbox 1822 3225 1936 3312; x_wconf 86' lang='lat' dir='ltr'><strong>legere</strong></span> <span class='ocrx_word' id='word_1_352' title='bbox 1967 3229 2140 3301; x_wconf 72' lang='lat' dir='ltr'><strong>hanaticos</strong></span> <span class='ocrx_word' id='word_1_353' title='bbox 2164 3230 2301 3298; x_wconf 80' lang='lat' dir='ltr'><strong>furores</strong></span> 
     </span>
     <span class='ocr_line' id='line_1_48' title="bbox 271 3322 1555 3416; baseline 0 -24"><span class='ocrx_word' id='word_1_354' title='bbox 271 3323 445 3416; x_wconf 92' lang='lat' dir='ltr'><strong>probant,</strong></span> <span class='ocrx_word' id='word_1_355' title='bbox 465 3334 650 3412; x_wconf 89' lang='lat' dir='ltr'><strong>quaesunt</strong></span> <span class='ocrx_word' id='word_1_356' title='bbox 667 3322 813 3410; x_wconf 86' lang='lat' dir='ltr'><strong>aucupia</strong></span> <span class='ocrx_word' id='word_1_357' title='bbox 832 3326 1063 3391; x_wconf 89' lang='lat' dir='ltr'><strong>cumulandae</strong></span> <span class='ocrx_word' id='word_1_358' title='bbox 1078 3325 1260 3415; x_wconf 88' lang='lat' dir='ltr'><strong>pecuniae.</strong></span> <span class='ocrx_word' id='word_1_359' title='bbox 1312 3324 1388 3394; x_wconf 91' lang='lat' dir='ltr'><strong>Ben</strong></span> <span class='ocrx_word' id='word_1_360' title='bbox 1403 3324 1555 3394; x_wconf 84' lang='lat' dir='ltr'><strong>Cosban.</strong></span> 
     </span>
    </p>

    <p class='ocr_par' dir='ltr' id='par_1_17' title="bbox 268 3420 2302 4227">
     <span class='ocr_line' id='line_1_49' title="bbox 371 3420 2300 3515; baseline 0.004 -24"><span class='ocrx_word' id='word_1_361' title='bbox 371 3422 512 3492; x_wconf 87' lang='lat' dir='ltr'><strong>Horum</strong></span> <span class='ocrx_word' id='word_1_362' title='bbox 529 3422 657 3490; x_wconf 91' lang='lat' dir='ltr'><strong>iniusta</strong></span> <span class='ocrx_word' id='word_1_363' title='bbox 676 3421 825 3504; x_wconf 91' lang='lat' dir='ltr'><strong>iudicia,</strong></span> <span class='ocrx_word' id='word_1_364' title='bbox 857 3444 920 3490; x_wconf 92' lang='lat' dir='ltr'><strong>nec</strong></span> <span class='ocrx_word' id='word_1_365' title='bbox 937 3448 1015 3489; x_wconf 87' lang='lat' dir='ltr'><strong>meo</strong></span> <span class='ocrx_word' id='word_1_366' title='bbox 1034 3424 1169 3515; x_wconf 82' lang='lat' dir='ltr'><strong>studio,</strong></span> <span class='ocrx_word' id='word_1_367' title='bbox 1196 3448 1259 3493; x_wconf 92' lang='lat' dir='ltr'><strong>nec</strong></span> <span class='ocrx_word' id='word_1_368' title='bbox 1414 3424 1550 3495; x_wconf 86' lang='lat' dir='ltr'><strong>Nolunt</strong></span> <span class='ocrx_word' id='word_1_369' title='bbox 1572 3426 1677 3515; x_wconf 89' lang='lat' dir='ltr'><strong>igitur</strong></span> <span class='ocrx_word' id='word_1_370' title='bbox 1692 3447 1711 3493; x_wconf 90' lang='lat' dir='ltr'><strong>a</strong></span> <span class='ocrx_word' id='word_1_371' title='bbox 1728 3420 1872 3494; x_wconf 90' lang='lat' dir='ltr'><strong>Graecis</strong></span> <span class='ocrx_word' id='word_1_372' title='bbox 1892 3436 1928 3494; x_wconf 92' lang='lat' dir='ltr'><strong>et</strong></span> <span class='ocrx_word' id='word_1_373' title='bbox 1943 3422 2085 3496; x_wconf 84' lang='lat' dir='ltr'><strong>Latinis</strong></span> <span class='ocrx_word' id='word_1_374' title='bbox 2109 3429 2221 3500; x_wconf 90' lang='lat' dir='ltr'><strong>literis</strong></span> <span class='ocrx_word' id='word_1_375' title='bbox 2243 3431 2300 3499; x_wconf 91' lang='lat' dir='ltr'><strong>in-</strong></span> 
     </span>
     <span class='ocr_line' id='line_1_50' title="bbox 270 3518 2301 3622; baseline 0.001 -26"><span class='ocrx_word' id='word_1_376' title='bbox 270 3526 354 3596; x_wconf 93' lang='lat' dir='ltr'><strong>ullis</strong></span> <span class='ocrx_word' id='word_1_377' title='bbox 369 3520 544 3595; x_wconf 84' lang='lat' dir='ltr'><strong>Ecclesiae</strong></span> <span class='ocrx_word' id='word_1_378' title='bbox 560 3524 711 3605; x_wconf 88' lang='lat' dir='ltr'><strong>artibus,</strong></span> <span class='ocrx_word' id='word_1_379' title='bbox 738 3524 808 3591; x_wconf 90' lang='lat' dir='ltr'><strong>imo</strong></span> <span class='ocrx_word' id='word_1_380' title='bbox 835 3547 899 3590; x_wconf 89' lang='lat' dir='ltr'><strong>nec</strong></span> <span class='ocrx_word' id='word_1_381' title='bbox 921 3518 1172 3613; x_wconf 89' lang='lat' dir='ltr'><strong>Philosophiae</strong></span> <span class='ocrx_word' id='word_1_382' title='bbox 1195 3549 1260 3615; x_wconf 86' lang='lat' dir='ltr'><strong>op-</strong></span> <span class='ocrx_word' id='word_1_383' title='bbox 1312 3528 1412 3618; x_wconf 87' lang='lat' dir='ltr'><strong>genia</strong></span> <span class='ocrx_word' id='word_1_384' title='bbox 1427 3527 1573 3607; x_wconf 89' lang='lat' dir='ltr'><strong>abduci,</strong></span> <span class='ocrx_word' id='word_1_385' title='bbox 1599 3549 1780 3620; x_wconf 89' lang='lat' dir='ltr'><strong>quaecum</strong></span> <span class='ocrx_word' id='word_1_386' title='bbox 1797 3524 1996 3594; x_wconf 87' lang='lat' dir='ltr'><strong>universam</strong></span> <span class='ocrx_word' id='word_1_387' title='bbox 2014 3523 2301 3622; x_wconf 86' lang='lat' dir='ltr'><strong>Philosophiam,</strong></span> 
     </span>
     <span class='ocr_line' id='line_1_51' title="bbox 271 3619 2301 3722; baseline 0.003 -25"><span class='ocrx_word' id='word_1_388' title='bbox 271 3629 435 3721; x_wconf 89' lang='lat' dir='ltr'><strong>ponenda</strong></span> <span class='ocrx_word' id='word_1_389' title='bbox 451 3639 542 3695; x_wconf 90' lang='lat' dir='ltr'><strong>sunt.</strong></span> <span class='ocrx_word' id='word_1_390' title='bbox 595 3622 727 3694; x_wconf 90' lang='lat' dir='ltr'><strong>Colunt</strong></span> <span class='ocrx_word' id='word_1_391' title='bbox 749 3625 843 3692; x_wconf 91' lang='lat' dir='ltr'><strong>enim</strong></span> <span class='ocrx_word' id='word_1_392' title='bbox 864 3619 926 3692; x_wconf 91' lang='lat' dir='ltr'><strong>has</strong></span> <span class='ocrx_word' id='word_1_393' title='bbox 947 3638 1038 3695; x_wconf 89' lang='lat' dir='ltr'><strong>artes</strong></span> <span class='ocrx_word' id='word_1_394' title='bbox 1055 3626 1161 3710; x_wconf 93' lang='lat' dir='ltr'><strong>boni,</strong></span> <span class='ocrx_word' id='word_1_395' title='bbox 1184 3628 1258 3695; x_wconf 92' lang='lat' dir='ltr'><strong>vir·</strong></span> <span class='ocrx_word' id='word_1_396' title='bbox 1311 3654 1372 3699; x_wconf 91' lang='lat' dir='ltr'><strong>seu</strong></span> <span class='ocrx_word' id='word_1_397' title='bbox 1393 3643 1506 3699; x_wconf 92' lang='lat' dir='ltr'><strong>totum</strong></span> <span class='ocrx_word' id='word_1_398' title='bbox 1529 3631 1650 3698; x_wconf 90' lang='lat' dir='ltr'><strong>orbem</strong></span> <span class='ocrx_word' id='word_1_399' title='bbox 1674 3627 1822 3711; x_wconf 90' lang='lat' dir='ltr'><strong>artium,</strong></span> <span class='ocrx_word' id='word_1_400' title='bbox 1849 3640 1888 3696; x_wconf 91' lang='lat' dir='ltr'><strong>ut</strong></span> <span class='ocrx_word' id='word_1_401' title='bbox 1912 3642 2074 3715; x_wconf 88' lang='lat' dir='ltr'><strong>vocatur,</strong></span> <span class='ocrx_word' id='word_1_402' title='bbox 2099 3656 2188 3722; x_wconf 84' lang='lat' dir='ltr'><strong>quae</strong></span> <span class='ocrx_word' id='word_1_403' title='bbox 2213 3646 2301 3703; x_wconf 91' lang='lat' dir='ltr'><strong>sunt</strong></span> 
     </span>
     <span class='ocr_line' id='line_1_52' title="bbox 270 3724 2298 3818; baseline -0 -18"><span class='ocrx_word' id='word_1_404' title='bbox 270 3729 355 3800; x_wconf 91' lang='lat' dir='ltr'><strong>tutis</strong></span> <span class='ocrx_word' id='word_1_405' title='bbox 380 3750 500 3811; x_wconf 91' lang='lat' dir='ltr'><strong>causa,</strong></span> <span class='ocrx_word' id='word_1_406' title='bbox 532 3738 676 3817; x_wconf 91' lang='lat' dir='ltr'><strong>propter</strong></span> <span class='ocrx_word' id='word_1_407' title='bbox 702 3727 918 3815; x_wconf 89' lang='lat' dir='ltr'><strong>agnitionem</strong></span> <span class='ocrx_word' id='word_1_408' title='bbox 940 3724 1025 3807; x_wconf 90' lang='lat' dir='ltr'><strong>Dei,</strong></span> <span class='ocrx_word' id='word_1_409' title='bbox 1059 3741 1093 3798; x_wconf 90' lang='lat' dir='ltr'><strong>et</strong></span> <span class='ocrx_word' id='word_1_410' title='bbox 1116 3741 1260 3818; x_wconf 88' lang='lat' dir='ltr'><strong>propter</strong></span> <span class='ocrx_word' id='word_1_411' title='bbox 1312 3731 1403 3800; x_wconf 87' lang='lat' dir='ltr'><strong>ritae</strong></span> <span class='ocrx_word' id='word_1_412' title='bbox 1438 3730 1670 3813; x_wconf 88' lang='lat' dir='ltr'><strong>necessariae,</strong></span> <span class='ocrx_word' id='word_1_413' title='bbox 1712 3728 1840 3797; x_wconf 91' lang='lat' dir='ltr'><strong>deinde</strong></span> <span class='ocrx_word' id='word_1_414' title='bbox 1872 3728 2073 3799; x_wconf 90' lang='lat' dir='ltr'><strong>continuam</strong></span> <span class='ocrx_word' id='word_1_415' title='bbox 2107 3725 2298 3800; x_wconf 88' lang='lat' dir='ltr'><strong>historiam</strong></span> 
     </span>
     <span class='ocr_line' id='line_1_53' title="bbox 269 3827 2299 3922; baseline -0.002 -19"><span class='ocrx_word' id='word_1_416' title='bbox 269 3828 503 3922; x_wconf 87' lang='lat' dir='ltr'><strong>Reipublicae</strong></span> <span class='ocrx_word' id='word_1_417' title='bbox 523 3827 732 3913; x_wconf 88' lang='lat' dir='ltr'><strong>utilitatem,</strong></span> <span class='ocrx_word' id='word_1_418' title='bbox 773 3853 847 3897; x_wconf 91' lang='lat' dir='ltr'><strong>non</strong></span> <span class='ocrx_word' id='word_1_419' title='bbox 871 3840 910 3897; x_wconf 91' lang='lat' dir='ltr'><strong>ut</strong></span> <span class='ocrx_word' id='word_1_420' title='bbox 933 3827 1054 3897; x_wconf 88' lang='lat' dir='ltr'><strong>Midae</strong></span> <span class='ocrx_word' id='word_1_421' title='bbox 1086 3843 1118 3898; x_wconf 90' lang='lat' dir='ltr'><strong>et</strong></span> <span class='ocrx_word' id='word_1_422' title='bbox 1141 3827 1260 3899; x_wconf 88' lang='lat' dir='ltr'><strong>Crassi</strong></span> <span class='ocrx_word' id='word_1_423' title='bbox 1311 3831 1472 3903; x_wconf 86' lang='lat' dir='ltr'><strong>omnium</strong></span> <span class='ocrx_word' id='word_1_424' title='bbox 1493 3845 1712 3921; x_wconf 89' lang='lat' dir='ltr'><strong>temporum,</strong></span> <span class='ocrx_word' id='word_1_425' title='bbox 1738 3829 1888 3899; x_wconf 87' lang='lat' dir='ltr'><strong>illustria</strong></span> <span class='ocrx_word' id='word_1_426' title='bbox 1913 3831 2067 3922; x_wconf 89' lang='lat' dir='ltr'><strong>exempla</strong></span> <span class='ocrx_word' id='word_1_427' title='bbox 2087 3831 2123 3898; x_wconf 94' lang='lat' dir='ltr'><strong>in</strong></span> <span class='ocrx_word' id='word_1_428' title='bbox 2147 3835 2299 3921; x_wconf 77' lang='lat' dir='ltr'><strong>podma-</strong></span> 
     </span>
     <span class='ocr_line' id='line_1_54' title="bbox 269 3928 2301 4024; baseline -0.001 -22"><span class='ocrx_word' id='word_1_429' title='bbox 269 3956 353 4024; x_wconf 91' lang='lat' dir='ltr'><strong>opes</strong></span> <span class='ocrx_word' id='word_1_430' title='bbox 372 3942 558 4000; x_wconf 87' lang='lat' dir='ltr'><strong>venentur.</strong></span> <span class='ocrx_word' id='word_1_431' title='bbox 594 3928 666 3999; x_wconf 83' lang='lat' dir='ltr'><strong>Nec</strong></span> <span class='ocrx_word' id='word_1_432' title='bbox 681 3930 839 4019; x_wconf 90' lang='lat' dir='ltr'><strong>ignotum</strong></span> <span class='ocrx_word' id='word_1_433' title='bbox 856 3943 905 3998; x_wconf 92' lang='lat' dir='ltr'><strong>est</strong></span> <span class='ocrx_word' id='word_1_434' title='bbox 921 3931 1043 4008; x_wconf 85' lang='lat' dir='ltr'><strong>nobis,</strong></span> <span class='ocrx_word' id='word_1_435' title='bbox 1070 3931 1154 4024; x_wconf 89' lang='lat' dir='ltr'><strong>quid</strong></span> <span class='ocrx_word' id='word_1_436' title='bbox 1173 3956 1258 4001; x_wconf 89' lang='lat' dir='ltr'><strong>con·</strong></span> <span class='ocrx_word' id='word_1_437' title='bbox 1311 3934 1372 4017; x_wconf 92' lang='lat' dir='ltr'><strong>tis,</strong></span> <span class='ocrx_word' id='word_1_438' title='bbox 1398 3947 1507 4003; x_wconf 88' lang='lat' dir='ltr'><strong>artem</strong></span> <span class='ocrx_word' id='word_1_439' title='bbox 1524 3932 1714 4018; x_wconf 92' lang='lat' dir='ltr'><strong>medicam,</strong></span> <span class='ocrx_word' id='word_1_440' title='bbox 1739 3944 1775 4001; x_wconf 90' lang='lat' dir='ltr'><strong>et</strong></span> <span class='ocrx_word' id='word_1_441' title='bbox 1791 3930 2014 4022; x_wconf 89' lang='lat' dir='ltr'><strong>praecipuam</strong></span> <span class='ocrx_word' id='word_1_442' title='bbox 2031 3932 2209 4021; x_wconf 87' lang='lat' dir='ltr'><strong>religionis</strong></span> <span class='ocrx_word' id='word_1_443' title='bbox 2227 3934 2301 4002; x_wconf 89' lang='lat' dir='ltr'><strong>do-</strong></span> 
     </span>
     <span class='ocr_line' id='line_1_55' title="bbox 268 4030 2302 4125; baseline -0.001 -21"><span class='ocrx_word' id='word_1_444' title='bbox 268 4048 321 4104; x_wconf 94' lang='lat' dir='ltr'><strong>tra</strong></span> <span class='ocrx_word' id='word_1_445' title='bbox 334 4034 394 4102; x_wconf 94' lang='lat' dir='ltr'><strong>illa</strong></span> <span class='ocrx_word' id='word_1_446' title='bbox 411 4032 542 4101; x_wconf 90' lang='lat' dir='ltr'><strong>insulsa</strong></span> <span class='ocrx_word' id='word_1_447' title='bbox 558 4032 688 4101; x_wconf 91' lang='lat' dir='ltr'><strong>iudicia</strong></span> <span class='ocrx_word' id='word_1_448' title='bbox 702 4032 890 4099; x_wconf 90' lang='lat' dir='ltr'><strong>dicendum</strong></span> <span class='ocrx_word' id='word_1_449' title='bbox 908 4034 962 4116; x_wconf 91' lang='lat' dir='ltr'><strong>sit,</strong></span> <span class='ocrx_word' id='word_1_450' title='bbox 979 4034 1106 4101; x_wconf 85' lang='lat' dir='ltr'><strong>robore</strong></span> <span class='ocrx_word' id='word_1_451' title='bbox 1121 4046 1259 4103; x_wconf 88' lang='lat' dir='ltr'><strong>tantum</strong></span> <span class='ocrx_word' id='word_1_452' title='bbox 1311 4036 1479 4119; x_wconf 90' lang='lat' dir='ltr'><strong>ctrinam,</strong></span> <span class='ocrx_word' id='word_1_453' title='bbox 1506 4033 1667 4103; x_wconf 88' lang='lat' dir='ltr'><strong>videlicet</strong></span> <span class='ocrx_word' id='word_1_454' title='bbox 1684 4030 1937 4125; x_wconf 89' lang='lat' dir='ltr'><strong>Apostolorum</strong></span> <span class='ocrx_word' id='word_1_455' title='bbox 1953 4048 2180 4104; x_wconf 90' lang='lat' dir='ltr'><strong>monumenta</strong></span> <span class='ocrx_word' id='word_1_456' title='bbox 2198 4058 2302 4103; x_wconf 88' lang='lat' dir='ltr'><strong>com·</strong></span> 
     </span>
     <span class='ocr_line' id='line_1_56' title="bbox 268 4133 2300 4227; baseline 0 -22"><span class='ocrx_word' id='word_1_457' title='bbox 268 4136 377 4206; x_wconf 92' lang='lat' dir='ltr'><strong>animi</strong></span> <span class='ocrx_word' id='word_1_458' title='bbox 393 4159 482 4226; x_wconf 89' lang='lat' dir='ltr'><strong>opus</strong></span> <span class='ocrx_word' id='word_1_459' title='bbox 498 4146 547 4203; x_wconf 87' lang='lat' dir='ltr'><strong>est</strong></span> <span class='ocrx_word' id='word_1_460' title='bbox 563 4135 605 4202; x_wconf 91' lang='lat' dir='ltr'><strong>ad</strong></span> <span class='ocrx_word' id='word_1_461' title='bbox 624 4157 663 4201; x_wconf 93' lang='lat' dir='ltr'><strong>ea</strong></span> <span class='ocrx_word' id='word_1_462' title='bbox 681 4135 936 4202; x_wconf 86' lang='lat' dir='ltr'><strong>contemnenda</strong></span> <span class='ocrx_word' id='word_1_463' title='bbox 955 4147 987 4203; x_wconf 88' lang='lat' dir='ltr'><strong>et</strong></span> <span class='ocrx_word' id='word_1_464' title='bbox 1004 4137 1207 4202; x_wconf 89' lang='lat' dir='ltr'><strong>execranda.</strong></span> <span class='ocrx_word' id='word_1_465' title='bbox 1311 4137 1431 4226; x_wconf 87' lang='lat' dir='ltr'><strong>plexae</strong></span> <span class='ocrx_word' id='word_1_466' title='bbox 1452 4133 1541 4215; x_wconf 85' lang='lat' dir='ltr'><strong>sint,</strong></span> <span class='ocrx_word' id='word_1_467' title='bbox 1573 4159 1618 4204; x_wconf 92' lang='lat' dir='ltr'><strong>ne</strong></span> <span class='ocrx_word' id='word_1_468' title='bbox 1640 4158 1777 4205; x_wconf 89' lang='lat' dir='ltr'><strong>causam</strong></span> <span class='ocrx_word' id='word_1_469' title='bbox 1803 4134 1945 4227; x_wconf 90' lang='lat' dir='ltr'><strong>quidem</strong></span> <span class='ocrx_word' id='word_1_470' title='bbox 1968 4157 2041 4203; x_wconf 85' lang='lat' dir='ltr'><strong>esse</strong></span> <span class='ocrx_word' id='word_1_471' title='bbox 2066 4134 2300 4221; x_wconf 90' lang='lat' dir='ltr'><strong>arbitrantur,</strong></span> 
     </span>
    </p>

    <p class='ocr_par' dir='ltr' id='par_1_18' title="bbox 262 4234 2352 5449">
     <span class='ocr_line' id='line_1_57' title="bbox 371 4234 1906 4327; baseline -0.001 -21"><span class='ocrx_word' id='word_1_472' title='bbox 371 4235 438 4307; x_wconf 86' lang='lat' dir='ltr'><strong>Sed</strong></span> <span class='ocrx_word' id='word_1_473' title='bbox 457 4236 535 4303; x_wconf 90' lang='lat' dir='ltr'><strong>aliis</strong></span> <span class='ocrx_word' id='word_1_474' title='bbox 545 4234 754 4327; x_wconf 87' lang='lat' dir='ltr'><strong>quibusdam</strong></span> <span class='ocrx_word' id='word_1_475' title='bbox 767 4234 826 4325; x_wconf 91' lang='lat' dir='ltr'><strong>qui</strong></span> <span class='ocrx_word' id='word_1_476' title='bbox 844 4234 995 4321; x_wconf 86' lang='lat' dir='ltr'><strong>ingeniis</strong></span> <span class='ocrx_word' id='word_1_477' title='bbox 1011 4249 1044 4303; x_wconf 87' lang='lat' dir='ltr'><strong>et</strong></span> <span class='ocrx_word' id='word_1_478' title='bbox 1059 4235 1258 4305; x_wconf 88' lang='lat' dir='ltr'><strong>eruditione</strong></span> <span class='ocrx_word' id='word_1_479' title='bbox 1310 4263 1373 4308; x_wconf 89' lang='lat' dir='ltr'><strong>cur</strong></span> <span class='ocrx_word' id='word_1_480' title='bbox 1384 4234 1522 4307; x_wconf 85' lang='lat' dir='ltr'><strong>Ebraea</strong></span> <span class='ocrx_word' id='word_1_481' title='bbox 1539 4236 1659 4325; x_wconf 85' lang='lat' dir='ltr'><strong>lingua</strong></span> <span class='ocrx_word' id='word_1_482' title='bbox 1676 4236 1906 4305; x_wconf 86' lang='lat' dir='ltr'><strong>desideretur.</strong></span> 
     </span>
     <span class='ocr_line' id='line_1_58' title="bbox 268 4332 2299 4422; baseline -0 -14"><span class='ocrx_word' id='word_1_483' title='bbox 268 4336 463 4419; x_wconf 90' lang='lat' dir='ltr'><strong>excellunt,</strong></span> <span class='ocrx_word' id='word_1_484' title='bbox 494 4346 527 4403; x_wconf 90' lang='lat' dir='ltr'><strong>et</strong></span> <span class='ocrx_word' id='word_1_485' title='bbox 548 4332 754 4422; x_wconf 89' lang='lat' dir='ltr'><strong>elegantiam</strong></span> <span class='ocrx_word' id='word_1_486' title='bbox 778 4335 1017 4404; x_wconf 89' lang='lat' dir='ltr'><strong>doctrinarum</strong></span> <span class='ocrx_word' id='word_1_487' title='bbox 1041 4360 1080 4404; x_wconf 90' lang='lat' dir='ltr'><strong>ac</strong></span> <span class='ocrx_word' id='word_1_488' title='bbox 1102 4336 1256 4407; x_wconf 89' lang='lat' dir='ltr'><strong>suavita·</strong></span> <span class='ocrx_word' id='word_1_489' title='bbox 1409 4336 1486 4410; x_wconf 84' lang='lat' dir='ltr'><strong>Etsi</strong></span> <span class='ocrx_word' id='word_1_490' title='bbox 1508 4352 1623 4410; x_wconf 90' lang='lat' dir='ltr'><strong>autem</strong></span> <span class='ocrx_word' id='word_1_491' title='bbox 1645 4338 1814 4407; x_wconf 91' lang='lat' dir='ltr'><strong>usitatum</strong></span> <span class='ocrx_word' id='word_1_492' title='bbox 1831 4349 1883 4407; x_wconf 92' lang='lat' dir='ltr'><strong>est</strong></span> <span class='ocrx_word' id='word_1_493' title='bbox 1908 4335 1945 4403; x_wconf 90' lang='lat' dir='ltr'><strong>in</strong></span> <span class='ocrx_word' id='word_1_494' title='bbox 1962 4335 2149 4405; x_wconf 88' lang='lat' dir='ltr'><strong>collatione</strong></span> <span class='ocrx_word' id='word_1_495' title='bbox 2163 4338 2299 4408; x_wconf 90' lang='lat' dir='ltr'><strong>doctri-</strong></span> 
     </span>
     <span class='ocr_line' id='line_1_59' title="bbox 268 4434 2297 4528; baseline 0 -20"><span class='ocrx_word' id='word_1_496' title='bbox 268 4453 339 4508; x_wconf 93' lang='lat' dir='ltr'><strong>tem</strong></span> <span class='ocrx_word' id='word_1_497' title='bbox 357 4450 494 4518; x_wconf 88' lang='lat' dir='ltr'><strong>amant,</strong></span> <span class='ocrx_word' id='word_1_498' title='bbox 520 4434 663 4501; x_wconf 84' lang='lat' dir='ltr'><strong>difficile</strong></span> <span class='ocrx_word' id='word_1_499' title='bbox 679 4446 727 4502; x_wconf 91' lang='lat' dir='ltr'><strong>est</strong></span> <span class='ocrx_word' id='word_1_500' title='bbox 749 4437 979 4525; x_wconf 88' lang='lat' dir='ltr'><strong>respondere,</strong></span> <span class='ocrx_word' id='word_1_501' title='bbox 1005 4437 1065 4528; x_wconf 87' lang='lat' dir='ltr'><strong>qui</strong></span> <span class='ocrx_word' id='word_1_502' title='bbox 1081 4462 1099 4505; x_wconf 90' lang='lat' dir='ltr'><strong>a</strong></span> <span class='ocrx_word' id='word_1_503' title='bbox 1114 4438 1256 4527; x_wconf 87' lang='lat' dir='ltr'><strong>linguae</strong></span> <span class='ocrx_word' id='word_1_504' title='bbox 1308 4465 1433 4512; x_wconf 91' lang='lat' dir='ltr'><strong>narum</strong></span> <span class='ocrx_word' id='word_1_505' title='bbox 1453 4441 1539 4510; x_wconf 92' lang='lat' dir='ltr'><strong>alias</strong></span> <span class='ocrx_word' id='word_1_506' title='bbox 1565 4440 1713 4511; x_wconf 91' lang='lat' dir='ltr'><strong>aliarum</strong></span> <span class='ocrx_word' id='word_1_507' title='bbox 1738 4437 1986 4508; x_wconf 84' lang='lat' dir='ltr'><strong>extenuatione</strong></span> <span class='ocrx_word' id='word_1_508' title='bbox 2006 4461 2148 4528; x_wconf 87' lang='lat' dir='ltr'><strong>augere:</strong></span> <span class='ocrx_word' id='word_1_509' title='bbox 2177 4452 2297 4509; x_wconf 89' lang='lat' dir='ltr'><strong>tamen</strong></span> 
     </span>
     <span class='ocr_line' id='line_1_60' title="bbox 265 4534 2298 4636; baseline -0.001 -26"><span class='ocrx_word' id='word_1_510' title='bbox 265 4534 438 4610; x_wconf 84' lang='lat' dir='ltr'><strong>Ebraicae</strong></span> <span class='ocrx_word' id='word_1_511' title='bbox 458 4536 584 4607; x_wconf 91' lang='lat' dir='ltr'><strong>studiis</strong></span> <span class='ocrx_word' id='word_1_512' title='bbox 599 4535 729 4604; x_wconf 90' lang='lat' dir='ltr'><strong>multos</strong></span> <span class='ocrx_word' id='word_1_513' title='bbox 743 4537 921 4605; x_wconf 91' lang='lat' dir='ltr'><strong>deterrent</strong></span> <span class='ocrx_word' id='word_1_514' title='bbox 935 4538 1114 4607; x_wconf 89' lang='lat' dir='ltr'><strong>mentione</strong></span> <span class='ocrx_word' id='word_1_515' title='bbox 1129 4540 1256 4609; x_wconf 88' lang='lat' dir='ltr'><strong>barba·</strong></span> <span class='ocrx_word' id='word_1_516' title='bbox 1308 4544 1389 4636; x_wconf 85' lang='lat' dir='ltr'><strong>quia</strong></span> <span class='ocrx_word' id='word_1_517' title='bbox 1415 4544 1545 4613; x_wconf 89' lang='lat' dir='ltr'><strong>iustum</strong></span> <span class='ocrx_word' id='word_1_518' title='bbox 1570 4555 1621 4610; x_wconf 87' lang='lat' dir='ltr'><strong>est</strong></span> <span class='ocrx_word' id='word_1_519' title='bbox 1640 4564 1742 4609; x_wconf 90' lang='lat' dir='ltr'><strong>suum</strong></span> <span class='ocrx_word' id='word_1_520' title='bbox 1764 4539 1893 4632; x_wconf 87' lang='lat' dir='ltr'><strong>cuique</strong></span> <span class='ocrx_word' id='word_1_521' title='bbox 1908 4539 2084 4624; x_wconf 83' lang='lat' dir='ltr'><strong>tribuere,</strong></span> <span class='ocrx_word' id='word_1_522' title='bbox 2106 4553 2140 4610; x_wconf 91' lang='lat' dir='ltr'><strong>et</strong></span> <span class='ocrx_word' id='word_1_523' title='bbox 2156 4563 2224 4631; x_wconf 88' lang='lat' dir='ltr'><strong>ego</strong></span> <span class='ocrx_word' id='word_1_524' title='bbox 2240 4542 2298 4611; x_wconf 84' lang='lat' dir='ltr'><strong>in·</strong></span> 
     </span>
     <span class='ocr_line' id='line_1_61' title="bbox 266 4632 2297 4734; baseline 0.001 -23"><span class='ocrx_word' id='word_1_525' title='bbox 266 4642 342 4714; x_wconf 92' lang='lat' dir='ltr'><strong>rici.</strong></span> <span class='ocrx_word' id='word_1_526' title='bbox 369 4639 470 4710; x_wconf 91' lang='lat' dir='ltr'><strong>aiunt</strong></span> <span class='ocrx_word' id='word_1_527' title='bbox 489 4639 648 4729; x_wconf 91' lang='lat' dir='ltr'><strong>linguam</strong></span> <span class='ocrx_word' id='word_1_528' title='bbox 674 4632 856 4706; x_wconf 88' lang='lat' dir='ltr'><strong>horridam</strong></span> <span class='ocrx_word' id='word_1_529' title='bbox 879 4663 968 4720; x_wconf 87' lang='lat' dir='ltr'><strong>esse,</strong></span> <span class='ocrx_word' id='word_1_530' title='bbox 996 4653 1029 4709; x_wconf 91' lang='lat' dir='ltr'><strong>et</strong></span> <span class='ocrx_word' id='word_1_531' title='bbox 1044 4663 1134 4733; x_wconf 90' lang='lat' dir='ltr'><strong>pene</strong></span> <span class='ocrx_word' id='word_1_532' title='bbox 1150 4641 1256 4709; x_wconf 90' lang='lat' dir='ltr'><strong>amis-</strong></span> <span class='ocrx_word' id='word_1_533' title='bbox 1308 4667 1419 4734; x_wconf 87' lang='lat' dir='ltr'><strong>genue</strong></span> <span class='ocrx_word' id='word_1_534' title='bbox 1439 4644 1583 4715; x_wconf 90' lang='lat' dir='ltr'><strong>caeteris</strong></span> <span class='ocrx_word' id='word_1_535' title='bbox 1607 4641 1736 4730; x_wconf 90' lang='lat' dir='ltr'><strong>linguis</strong></span> <span class='ocrx_word' id='word_1_536' title='bbox 1759 4665 1861 4715; x_wconf 89' lang='lat' dir='ltr'><strong>suum</strong></span> <span class='ocrx_word' id='word_1_537' title='bbox 1877 4642 1984 4709; x_wconf 89' lang='lat' dir='ltr'><strong>decus</strong></span> <span class='ocrx_word' id='word_1_538' title='bbox 1998 4640 2174 4727; x_wconf 90' lang='lat' dir='ltr'><strong>tribuam,</strong></span> <span class='ocrx_word' id='word_1_539' title='bbox 2201 4657 2236 4714; x_wconf 88' lang='lat' dir='ltr'><strong>et</strong></span> <span class='ocrx_word' id='word_1_540' title='bbox 2253 4643 2297 4713; x_wconf 90' lang='lat' dir='ltr'><strong>ab</strong></span> 
     </span>
     <span class='ocr_line' id='line_1_62' title="bbox 266 4737 2298 4835; baseline 0.002 -23"><span class='ocrx_word' id='word_1_541' title='bbox 266 4766 358 4812; x_wconf 89' lang='lat' dir='ltr'><strong>sam:</strong></span> <span class='ocrx_word' id='word_1_542' title='bbox 386 4768 448 4812; x_wconf 89' lang='lat' dir='ltr'><strong>nee</strong></span> <span class='ocrx_word' id='word_1_543' title='bbox 465 4744 577 4813; x_wconf 91' lang='lat' dir='ltr'><strong>multo</strong></span> <span class='ocrx_word' id='word_1_544' title='bbox 601 4738 730 4810; x_wconf 90' lang='lat' dir='ltr'><strong>certius</strong></span> <span class='ocrx_word' id='word_1_545' title='bbox 751 4764 827 4810; x_wconf 89' lang='lat' dir='ltr'><strong>eam</strong></span> <span class='ocrx_word' id='word_1_546' title='bbox 851 4741 984 4833; x_wconf 89' lang='lat' dir='ltr'><strong>percipi</strong></span> <span class='ocrx_word' id='word_1_547' title='bbox 1005 4765 1124 4834; x_wconf 90' lang='lat' dir='ltr'><strong>posse,</strong></span> <span class='ocrx_word' id='word_1_548' title='bbox 1147 4767 1254 4835; x_wconf 85' lang='lat' dir='ltr'><strong>quam</strong></span> <span class='ocrx_word' id='word_1_549' title='bbox 1308 4746 1379 4815; x_wconf 89' lang='lat' dir='ltr'><strong>illis</strong></span> <span class='ocrx_word' id='word_1_550' title='bbox 1394 4746 1611 4835; x_wconf 84' lang='lat' dir='ltr'><strong>elegantibus</strong></span> <span class='ocrx_word' id='word_1_551' title='bbox 1627 4755 1662 4813; x_wconf 90' lang='lat' dir='ltr'><strong>et</strong></span> <span class='ocrx_word' id='word_1_552' title='bbox 1677 4744 1790 4816; x_wconf 88' lang='lat' dir='ltr'><strong>doctis</strong></span> <span class='ocrx_word' id='word_1_553' title='bbox 1812 4737 2020 4811; x_wconf 89' lang='lat' dir='ltr'><strong>bominibus</strong></span> <span class='ocrx_word' id='word_1_554' title='bbox 2035 4755 2137 4832; x_wconf 88' lang='lat' dir='ltr'><strong>peto,</strong></span> <span class='ocrx_word' id='word_1_555' title='bbox 2162 4756 2205 4813; x_wconf 93' lang='lat' dir='ltr'><strong>ut</strong></span> <span class='ocrx_word' id='word_1_556' title='bbox 2220 4768 2298 4816; x_wconf 89' lang='lat' dir='ltr'><strong>mo-</strong></span> 
     </span>
     <span class='ocr_line' id='line_1_63' title="bbox 265 4838 2297 4939; baseline 0 -25"><span class='ocrx_word' id='word_1_557' title='bbox 265 4845 295 4914; x_wconf 91' lang='lat' dir='ltr'><strong>si</strong></span> <span class='ocrx_word' id='word_1_558' title='bbox 309 4868 404 4913; x_wconf 92' lang='lat' dir='ltr'><strong>nunc</strong></span> <span class='ocrx_word' id='word_1_559' title='bbox 420 4846 570 4913; x_wconf 83' lang='lat' dir='ltr'><strong>velimus</strong></span> <span class='ocrx_word' id='word_1_560' title='bbox 586 4838 844 4935; x_wconf 86' lang='lat' dir='ltr'><strong>Aegyptiorum</strong></span> <span class='ocrx_word' id='word_1_561' title='bbox 873 4838 1154 4939; x_wconf 88' lang='lat' dir='ltr'><strong>hieroglyphicas</strong></span> <span class='ocrx_word' id='word_1_562' title='bbox 1175 4845 1255 4914; x_wconf 89' lang='lat' dir='ltr'><strong>lite·</strong></span> <span class='ocrx_word' id='word_1_563' title='bbox 1307 4849 1485 4918; x_wconf 91' lang='lat' dir='ltr'><strong>numentis</strong></span> <span class='ocrx_word' id='word_1_564' title='bbox 1499 4842 1647 4915; x_wconf 84' lang='lat' dir='ltr'><strong>Ebraeis</strong></span> <span class='ocrx_word' id='word_1_565' title='bbox 1668 4845 1772 4914; x_wconf 88' lang='lat' dir='ltr'><strong>etiam</strong></span> <span class='ocrx_word' id='word_1_566' title='bbox 1797 4868 1900 4914; x_wconf 91' lang='lat' dir='ltr'><strong>suum</strong></span> <span class='ocrx_word' id='word_1_567' title='bbox 1924 4844 2041 4913; x_wconf 90' lang='lat' dir='ltr'><strong>locum</strong></span> <span class='ocrx_word' id='word_1_568' title='bbox 2063 4846 2211 4914; x_wconf 89' lang='lat' dir='ltr'><strong>concedi</strong></span> <span class='ocrx_word' id='word_1_569' title='bbox 2236 4870 2297 4938; x_wconf 88' lang='lat' dir='ltr'><strong>pa·</strong></span> 
     </span>
     <span class='ocr_line' id='line_1_64' title="bbox 265 4940 2297 5035; baseline 0 -21"><span class='ocrx_word' id='word_1_570' title='bbox 265 4969 322 5015; x_wconf 90' lang='lat' dir='ltr'><strong>ras</strong></span> <span class='ocrx_word' id='word_1_571' title='bbox 345 4946 582 5035; x_wconf 90' lang='lat' dir='ltr'><strong>interpretari.</strong></span> <span class='ocrx_word' id='word_1_572' title='bbox 641 4941 780 5014; x_wconf 91' lang='lat' dir='ltr'><strong>Deinde</strong></span> <span class='ocrx_word' id='word_1_573' title='bbox 805 4968 860 5013; x_wconf 86' lang='lat' dir='ltr'><strong>res</strong></span> <span class='ocrx_word' id='word_1_574' title='bbox 883 4947 1085 5019; x_wconf 89' lang='lat' dir='ltr'><strong>anteferunt</strong></span> <span class='ocrx_word' id='word_1_575' title='bbox 1109 4945 1254 5016; x_wconf 89' lang='lat' dir='ltr'><strong>Graecis</strong></span> <span class='ocrx_word' id='word_1_576' title='bbox 1307 4949 1449 5020; x_wconf 88' lang='lat' dir='ltr'><strong>tiantur.</strong></span> <span class='ocrx_word' id='word_1_577' title='bbox 1507 4946 1717 5031; x_wconf 87' lang='lat' dir='ltr'><strong>Adsentior,</strong></span> <span class='ocrx_word' id='word_1_578' title='bbox 1749 4940 2015 5035; x_wconf 87' lang='lat' dir='ltr'><strong>Philosophiam</strong></span> <span class='ocrx_word' id='word_1_579' title='bbox 2038 4944 2175 5034; x_wconf 78' lang='lat' dir='ltr'><strong>integre</strong></span> <span class='ocrx_word' id='word_1_580' title='bbox 2200 4972 2297 5019; x_wconf 91' lang='lat' dir='ltr'><strong>com-</strong></span> 
     </span>
     <span class='ocr_line' id='line_1_65' title="bbox 265 5040 2297 5143; baseline 0 -26"><span class='ocrx_word' id='word_1_581' title='bbox 265 5046 445 5119; x_wconf 87' lang='lat' dir='ltr'><strong>etLatinis</strong></span> <span class='ocrx_word' id='word_1_582' title='bbox 460 5048 571 5116; x_wconf 86' lang='lat' dir='ltr'><strong>literis</strong></span> <span class='ocrx_word' id='word_1_583' title='bbox 586 5046 738 5116; x_wconf 88' lang='lat' dir='ltr'><strong>traditas.</strong></span> <span class='ocrx_word' id='word_1_584' title='bbox 773 5042 914 5115; x_wconf 85' lang='lat' dir='ltr'><strong>Etdum</strong></span> <span class='ocrx_word' id='word_1_585' title='bbox 931 5043 1038 5116; x_wconf 88' lang='lat' dir='ltr'><strong>huius</strong></span> <span class='ocrx_word' id='word_1_586' title='bbox 1052 5048 1254 5118; x_wconf 89' lang='lat' dir='ltr'><strong>barbaricae</strong></span> <span class='ocrx_word' id='word_1_587' title='bbox 1305 5046 1514 5143; x_wconf 88' lang='lat' dir='ltr'><strong>prehensam</strong></span> <span class='ocrx_word' id='word_1_588' title='bbox 1545 5073 1618 5119; x_wconf 87' lang='lat' dir='ltr'><strong>esse</strong></span> <span class='ocrx_word' id='word_1_589' title='bbox 1652 5048 1800 5121; x_wconf 89' lang='lat' dir='ltr'><strong>Graecis</strong></span> <span class='ocrx_word' id='word_1_590' title='bbox 1832 5046 1961 5129; x_wconf 87' lang='lat' dir='ltr'><strong>literis,</strong></span> <span class='ocrx_word' id='word_1_591' title='bbox 1990 5060 2024 5116; x_wconf 90' lang='lat' dir='ltr'><strong>et</strong></span> <span class='ocrx_word' id='word_1_592' title='bbox 2050 5040 2297 5139; x_wconf 86' lang='lat' dir='ltr'><strong>historiarum,</strong></span> 
     </span>
     <span class='ocr_line' id='line_1_66' title="bbox 263 5145 2352 5243; baseline 0 -24"><span class='ocrx_word' id='word_1_593' title='bbox 263 5150 407 5238; x_wconf 89' lang='lat' dir='ltr'><strong>linguae</strong></span> <span class='ocrx_word' id='word_1_594' title='bbox 429 5147 609 5217; x_wconf 86' lang='lat' dir='ltr'><strong>sibilosac</strong></span> <span class='ocrx_word' id='word_1_595' title='bbox 631 5147 801 5217; x_wconf 90' lang='lat' dir='ltr'><strong>stridores</strong></span> <span class='ocrx_word' id='word_1_596' title='bbox 822 5161 1003 5243; x_wconf 89' lang='lat' dir='ltr'><strong>utcunque</strong></span> <span class='ocrx_word' id='word_1_597' title='bbox 1027 5150 1159 5220; x_wconf 89' lang='lat' dir='ltr'><strong>imitari</strong></span> <span class='ocrx_word' id='word_1_598' title='bbox 1178 5166 1253 5220; x_wconf 90' lang='lat' dir='ltr'><strong>stu·</strong></span> <span class='ocrx_word' id='word_1_599' title='bbox 1306 5157 1524 5243; x_wconf 79' lang='lat' dir='ltr'><strong>poematum,</strong></span> <span class='ocrx_word' id='word_1_600' title='bbox 1548 5166 1583 5221; x_wconf 92' lang='lat' dir='ltr'><strong>et</strong></span> <span class='ocrx_word' id='word_1_601' title='bbox 1599 5162 1780 5220; x_wconf 90' lang='lat' dir='ltr'><strong>oratorum</strong></span> <span class='ocrx_word' id='word_1_602' title='bbox 1796 5146 2013 5218; x_wconf 91' lang='lat' dir='ltr'><strong>Graecorum</strong></span> <span class='ocrx_word' id='word_1_603' title='bbox 2036 5146 2193 5218; x_wconf 89' lang='lat' dir='ltr'><strong>lectione</strong></span> <span class='ocrx_word' id='word_1_604' title='bbox 2207 5145 2297 5220; x_wconf 90' lang='lat' dir='ltr'><strong>nihil</strong></span> <span class='ocrx_word' id='word_1_605' title='bbox 2346 5158 2352 5171; x_wconf 91' lang='grc'><strong>“</strong></span> 
     </span>
     <span class='ocr_line' id='line_1_67' title="bbox 263 5247 2300 5345; baseline -0.002 -24"><span class='ocrx_word' id='word_1_606' title='bbox 263 5254 407 5335; x_wconf 89' lang='lat' dir='ltr'><strong>demus,</strong></span> <span class='ocrx_word' id='word_1_607' title='bbox 439 5248 469 5317; x_wconf 92' lang='lat' dir='ltr'><strong>si</strong></span> <span class='ocrx_word' id='word_1_608' title='bbox 494 5262 611 5318; x_wconf 89' lang='lat' dir='ltr'><strong>tamen</strong></span> <span class='ocrx_word' id='word_1_609' title='bbox 637 5249 768 5318; x_wconf 88' lang='lat' dir='ltr'><strong>imitari</strong></span> <span class='ocrx_word' id='word_1_610' title='bbox 791 5249 977 5345; x_wconf 89' lang='lat' dir='ltr'><strong>quisquam</strong></span> <span class='ocrx_word' id='word_1_611' title='bbox 1005 5266 1135 5341; x_wconf 86' lang='lat' dir='ltr'><strong>potest,</strong></span> <span class='ocrx_word' id='word_1_612' title='bbox 1166 5253 1252 5321; x_wconf 92' lang='lat' dir='ltr'><strong>dum</strong></span> <span class='ocrx_word' id='word_1_613' title='bbox 1304 5253 1444 5323; x_wconf 91' lang='lat' dir='ltr'><strong>dulcius</strong></span> <span class='ocrx_word' id='word_1_614' title='bbox 1461 5276 1551 5338; x_wconf 89' lang='lat' dir='ltr'><strong>esse,</strong></span> <span class='ocrx_word' id='word_1_615' title='bbox 1581 5254 1672 5322; x_wconf 89' lang='lat' dir='ltr'><strong>etad</strong></span> <span class='ocrx_word' id='word_1_616' title='bbox 1690 5251 1877 5341; x_wconf 87' lang='lat' dir='ltr'><strong>regendam</strong></span> <span class='ocrx_word' id='word_1_617' title='bbox 1895 5251 2002 5319; x_wconf 87' lang='lat' dir='ltr'><strong>vitam</strong></span> <span class='ocrx_word' id='word_1_618' title='bbox 2019 5247 2163 5318; x_wconf 89' lang='lat' dir='ltr'><strong>civilem</strong></span> <span class='ocrx_word' id='word_1_619' title='bbox 2181 5276 2300 5323; x_wconf 74' lang='lat' dir='ltr'><strong>exem-</strong></span> 
     </span>
     <span class='ocr_line' id='line_1_68' title="bbox 262 5347 2300 5449; baseline -0.001 -24"><span class='ocrx_word' id='word_1_620' title='bbox 262 5351 406 5447; x_wconf 91' lang='lat' dir='ltr'><strong>phrases</strong></span> <span class='ocrx_word' id='word_1_621' title='bbox 435 5350 667 5422; x_wconf 87' lang='lat' dir='ltr'><strong>alienissimas</strong></span> <span class='ocrx_word' id='word_1_622' title='bbox 698 5372 716 5418; x_wconf 95' lang='lat' dir='ltr'><strong>a</strong></span> <span class='ocrx_word' id='word_1_623' title='bbox 745 5347 880 5422; x_wconf 88' lang='lat' dir='ltr'><strong>Graeca</strong></span> <span class='ocrx_word' id='word_1_624' title='bbox 912 5366 945 5425; x_wconf 89' lang='lat' dir='ltr'><strong>et</strong></span> <span class='ocrx_word' id='word_1_625' title='bbox 974 5350 1101 5424; x_wconf 88' lang='lat' dir='ltr'><strong>Latina</strong></span> <span class='ocrx_word' id='word_1_626' title='bbox 1131 5353 1253 5445; x_wconf 88' lang='lat' dir='ltr'><strong>lingua</strong></span> <span class='ocrx_word' id='word_1_627' title='bbox 1303 5355 1362 5449; x_wconf 90' lang='lat' dir='ltr'><strong>pla</strong></span> <span class='ocrx_word' id='word_1_628' title='bbox 1385 5354 1536 5426; x_wconf 89' lang='lat' dir='ltr'><strong>illustria</strong></span> <span class='ocrx_word' id='word_1_629' title='bbox 1561 5366 1595 5425; x_wconf 90' lang='lat' dir='ltr'><strong>et</strong></span> <span class='ocrx_word' id='word_1_630' title='bbox 1616 5353 1700 5424; x_wconf 86' lang='lat' dir='ltr'><strong>satis</strong></span> <span class='ocrx_word' id='word_1_631' title='bbox 1723 5352 1835 5423; x_wconf 88' lang='lat' dir='ltr'><strong>multa</strong></span> <span class='ocrx_word' id='word_1_632' title='bbox 1864 5351 1902 5419; x_wconf 90' lang='lat' dir='ltr'><strong>in</strong></span> <span class='ocrx_word' id='word_1_633' title='bbox 1926 5348 2071 5421; x_wconf 90' lang='lat' dir='ltr'><strong>Graecis</strong></span> <span class='ocrx_word' id='word_1_634' title='bbox 2099 5362 2132 5421; x_wconf 88' lang='lat' dir='ltr'><strong>et</strong></span> <span class='ocrx_word' id='word_1_635' title='bbox 2158 5351 2300 5427; x_wconf 83' lang='lat' dir='ltr'><strong>Latinis</strong></span> 
     </span>
    </p>
   </div>
   <div class='ocr_carea' id='block_1_14' title="bbox 0 0 2370 6023">
    <p class='ocr_par' dir='ltr' id='par_1_19' title="bbox 0 0 2370 6023">
     <span class='ocr_line' id='line_1_69' title="bbox 0 0 2370 6023; baseline 0 0"><span class='ocrx_word' id='word_1_636' title='bbox 0 0 2370 6023; x_wconf 95' lang='lat' dir='ltr'><strong> </strong></span> 
     </span>
    </p>
   </div>
  </div>
 </body>
</html>
