4732 6030
85 303 160 385 ³25
547 301 709 382 DECL.
740 300 815 378 DE
847 297 1184 379 DlGNlTATE
1217 300 1420 377 STUDll
1452 298 1664 377 THEOL.
2055 310 2131 386 826

89 480 167 552 odit
188 474 439 567 Evangelium3
475 477 605 548 deinde
632 479 890 575 ministerium,
921 473 990 549 hoe
1017 490 1079 562 est,
1133 473 1275 559 feratis,
1301 488 1334 544 et
1351 474 1441 544 fiatis
1460 474 1529 544 mei
1546 472 1725 566 discipuli.
1775 471 1846 546 Hic
1870 478 1961 546 clare
1979 490 2125 554 testatur

89 602 222 652 munus
244 580 395 650 docendi
420 580 552 651 indicat
577 603 650 649 esse
673 582 782 650 lacem
803 581 1018 650 seditionum
1045 592 1079 648 et
1133 577 1179 646 ita
1203 575 1392 664 glorificari
1418 592 1572 667 patrem,
1598 578 1627 645 si
1651 577 1739 645 alios
1760 579 1948 648 doceamus
1965 583 2125 666 verbum,

90 682 331 772 dissipationis
364 682 474 753 totius
506 683 643 780 generis
674 677 842 766 humani,
877 682 1077 775 etquidem
1131 702 1221 772 quos
1238 680 1281 748 ab
1297 681 1374 771 ipso
1391 694 1558 772 tanquam
1573 678 1738 768 discipuli
1751 680 1960 769 accepimus,
1987 681 2124 756 etPro-

88 783 221 856 Paulus
246 784 319 876 ipse
341 783 564 853 acerbitatem
585 784 713 853 odiiin
731 778 935 853 hominibus
953 786 1079 852 adver·
1132 777 1235 871 pheta
1261 782 1328 870 ait,
1364 805 1469 874 quam
1495 779 1642 871 speciosi
1668 783 1771 871 pedes
1792 777 2120 873 Evangelizantium

89 909 147 961 ,sus
162 889 323 956 doctores
337 882 521 974 Evangelii
538 885 736 957 illustribus
752 887 867 955 verbis
884 887 1078 976 descripsit,
1130 906 1261 974 pacem.
1313 882 1495 972 Significat
1519 884 1615 952 enim
1639 895 1671 952 et
1697 880 1772 952 Deo
1801 897 1835 952 et
1856 880 2033 955 Ecclesiae
2056 883 2121 958 hos

88 1012 167 1057 cum
183 987 243 1071 ait,
264 983 454 1078 Apostolos
472 982 597 1057 haberi
617 1012 682 1078 pro
698 981 920 1058 catharmatis
935 1001 969 1057 et
983 988 1074 1078 peri·
1129 985 1280 1053 nuncios
1296 986 1449 1074 placere,
1473 985 1609 1054 etiamsi
1632 987 1787 1054 mundus
1804 1008 1864 1054 eos
1879 988 1966 1066 odit,
1992 1004 2026 1058 et
2043 991 2119 1058 vel-

88 1089 273 1180 psematis,
303 1083 371 1158 boc
394 1103 462 1174 est,
493 1114 556 1179 pro
582 1090 730 1180 piaculis
748 1090 968 1172 execrandis,
994 1091 1072 1182 qui·
1129 1088 1179 1155 uti
1196 1101 1357 1178 portenta
1372 1101 1564 1160 execratur.
1598 1085 1676 1156 Hoc
1691 1087 1808 1179 ipsum
1818 1088 1968 1158 docendi
1986 1114 2116 1161 munus

87 1191 155 1261 htrs
177 1189 275 1263 Deus
297 1189 569 1280 implacabiliter
595 1193 785 1274 irascatur,
811 1193 981 1283 aquibus
1005 1206 1074 1281 tota
1130 1201 1228 1257 vocat
1251 1187 1380 1257 Paulus
1403 1189 1631 1271 sacrificium,
1660 1190 1752 1259 sicut
1776 1202 1809 1257 et
1832 1190 1917 1259 alibi
1942 1192 2116 1282 scriptura

87 1317 206 1363 rerum
241 1305 366 1362 natura
400 1287 606 1374 abhorreat,
649 1317 801 1386 quorum
828 1295 953 1362 umbra
979 1294 1076 1363 velut
1127 1314 1228 1380 saepe
1249 1290 1297 1358 ita
1320 1290 1480 1381 appellat.
1541 1287 1661 1377 Quare
1681 1290 1831 1361 sciamus
1861 1285 1955 1361 hunc
1980 1295 2116 1364 cultum

86 1393 251 1483 contagio
268 1407 392 1465 noceat
404 1395 590 1464 universae
602 1396 760 1465 societati
774 1389 972 1470 hominum.
1128 1392 1313 1481 praecipue
1333 1392 1467 1484 requiri
1484 1415 1504 1460 a
1521 1392 1643 1480 nobis,
1670 1405 1704 1459 et
1717 1391 1868 1460 sciamus
1881 1393 1965 1463 >Deo
1989 1397 2116 1483 gratis-

1126 1494 1255 1562 simum
1272 1516 1402 1563 munus
1420 1516 1503 1562 esse.
1539 1491 1615 1563 Hac
1630 1492 1872 1562 consolatione
1888 1495 1974 1563 boni
2001 1510 2035 1566 et
2053 1499 2115 1589 pii,

1127 1595 1188 1688 qui
1211 1610 1377 1686 praesunt
1401 1591 1585 1681 Ecclesiis,
1616 1607 1814 1687 sustentent
1843 1618 1916 1664 sese
1945 1597 2113 1670 adversus

1127 1697 1248 1788 iniqua
1263 1698 1405 1781 iudicia,
1427 1710 1460 1766 et
1476 1699 1586 1766 sciant
1601 1722 1636 1766 se
1649 1694 1726 1765 Deo
1742 1697 1968 1787 praecipuum
1984 1711 2019 1768 et
2033 1723 2115 1769 san·

1126 1799 1320 1868 ctissimum
1341 1799 1474 1868 cultum
1498 1800 1614 1868 officio
1638 1798 1789 1867 docendi
1814 1812 1999 1887 praestare.
2053 1799 2114 1869 ln-

1127 1899 1239 1969 vitent
1259 1899 1363 1967 etiam
1386 1895 1472 1967 baec
1487 1900 1671 1989 praeconia
1692 1901 1832 1991 plures,
1858 1914 1897 1970 ut
1915 1925 1950 1968 se
1968 1903 2009 1971 ad
2029 1895 2114 1971 haec

191 1548 253 1612 lam
268 1557 315 1614 sol
329 1552 512 1635 stupefactus
526 1558 643 1616 sceleris
658 1554 865 1636 magnitudine

187 1652 329 1733 ResIstit,
356 1670 384 1717 et
405 1677 507 1718 currus
524 1661 639 1738 pallens
660 1659 777 1719 inhibet
791 1679 872 1734 suos,

186 1752 369 1841 Lumenque
385 1764 487 1835 terris,
515 1772 591 1819 terre
604 1758 705 1841 fruges
720 1761 856 1841 denegat,

187 1856 226 1920 Et
242 1865 275 1920 iu
288 1874 374 1922 retus
388 1875 494 1922 natura
510 1857 609 1923 Chaos
625 1863 831 1924 conlunditur.

84 2001 208 2096 Neque
225 2004 321 2073 enim
340 2003 414 2073 lieri
435 2017 566 2095 potest,
592 2006 680 2098 quin
697 1999 880 2074 horribilis
903 2004 1072 2074 acerbitas
1128 2001 1310 2088 praeconia
1328 2015 1547 2090 praeparent,
1568 2026 1607 2071 ac
1623 2002 1733 2070 sciant
1747 2026 1784 2071 se
1796 2003 2114 2095 quoquediscenda
2233 2079 2237 2086 ,

83 2105 161 2175 odii
175 2105 214 2172 in
238 2104 314 2174 istis
329 2105 470 2191 existat,
494 2107 556 2199 qui
579 2107 738 2176 iudicant
753 2103 985 2195 Evangelium
1002 2130 1073 2175 esse
1126 2098 1191 2171 hac
1204 2103 1377 2188 doctrina,
1404 2104 1611 2173 sacrificium
1630 2101 1705 2173 Deo
1721 2104 1957 2192 gratissimum
1974 2105 2113 2181 offerre.

81 2219 144 2275 aut
160 2201 427 2295 blasphemiam,
450 2220 512 2276 attt
526 2210 800 2279 commentitiam
815 2209 984 2291 fabulam,
1000 2209 1073 2277 dis-
1124 2202 1193 2274 Sed
1212 2205 1306 2274 dicat
1326 2205 1474 2297 aliquis,
1500 2206 1587 2299 quid
1611 2200 1696 2275 haec
1712 2202 1840 2277 Oratio
1854 2207 1898 2274 de
1913 2206 2112 2285 ministerio

82 2307 258 2397 sipantem
277 2307 443 2398 imperia,
468 2309 579 2397 leges,
605 2310 812 2397 constitutas
829 2306 1072 2400 Respublicas‚
1125 2307 1169 2374 ad
1193 2301 1349 2391 scholas,
1380 2320 1415 2377 et
1440 2309 1484 2377 ad
1507 2307 1575 2378 hos
1597 2311 1726 2396 gradus
1751 2307 1790 2376 in
1812 2303 1944 2377 scholis
1965 2309 2115 2380 attinet?

83 2409 347 2493 ordinationes,
399 2411 692 2502 tranquillitatem
734 2413 872 2499 generis
912 2405 1070 2483 humani.
1123 2404 1199 2497 Ego
1218 2432 1300 2478 vero
1317 2408 1396 2477 ideo
1414 2410 1464 2477 de·
1477 2410 1673 2478 ministerio
1690 2408 1776 2492 dixi,
1801 2422 1851 2491 ut,
1877 2434 1948 2501 qno
1965 2411 2113 2480 consilio

81 2506 172 2580 Cum
191 2506 246 2580 his
268 2512 415 2580 summis
437 2512 645 2582 criminibus
671 2515 822 2582 maxima
847 2536 927 2603 pars
947 2515 1070 2582 mundi
1124 2512 1309 2581 tradantur
1324 2533 1440 2580 sacrae
1460 2510 1601 2593 literae,
1628 2513 1671 2578 ad
1688 2527 1791 2602 quem
1808 2510 1913 2576 finem
1932 2505 1970 2576 hi
1984 2513 2114 2599 gradus

81 2624 205 2680 oneret
219 2608 474 2702 Evangelium,
499 2627 617 2683 tamen
640 2601 771 2685 Paulus
793 2615 928 2705 ingenti
952 2615 1070 2685 animo
1124 2612 1304 2682 constituti
1323 2614 1413 2697 sint,
1437 2613 1680 2683 consideretis.
1732 2608 1823 2678 Nam
1841 2604 1926 2678 haec
1941 2612 2056 2681 studia
2072 2612 2112 2681 in

81 2716 251 2784 adversus
278 2710 363 2784 haec
391 2716 478 2784 falsa
503 2716 633 2784 indicia
657 2717 830 2787 clamitat:
863 2715 944 2786 Non
964 2720 1072 2807 pudet
1122 2706 1253 2781 scholis
1273 2715 1318 2783 ad
1339 2715 1643 2785 conservationem
1670 2711 1858 2783 ministerii
1888 2713 2111 2785 ecclesiastici

80 2838 138 2884 me
153 2810 356 2903 Evangelii,
378 2840 511 2908 suaque
525 2841 610 2885 voce
632 2841 697 2885 nos
712 2818 915 2898 confirmat,
940 2832 981 2887 ut
1001 2833 1070 2888 sta·
1124 2814 1265 2905 proprie
1282 2815 1470 2908 pertinent
1522 2813 1601 2886 Hoc
1620 2815 1769 2886 consilio
1794 2829 1827 2883 et
1845 2813 1930 2883 olim
1955 2810 2111 2884 Alexan-

80 2931 221 2987 tuamus
235 2931 330 2987 certo
348 2913 581 3003 Evangelium
595 2939 718 2985 verum
734 2930 769 2985 et
784 2917 903 2983 efficax
920 2940 1010 2995 esse,
1038 2932 1070 2987 et
1122 2917 1238 3001 driae,
1272 2931 1305 2987 et
1331 2919 1369 2985 in
1394 2917 1560 3007 plurimis
1581 2916 1738 3006 collegiis
1760 2910 1901 2985 scholae
1928 2916 2112 2987 institutae

81 3031 259 3087 aeternam
275 3016 343 3085 Dei
361 3015 578 3082 voluntatem
595 3037 689 3100 esse,
715 3039 754 3085 ac
770 3039 901 3084 munus
919 3019 1069 3087 docendi
1122 3016 1284 3104 suerunt,
1308 3031 1347 3087 ut
1369 3019 1452 3086 iude
1470 3032 1694 3088 sumerentur
1709 3020 1871 3086 doctores
1898 3030 1933 3086 et
1953 3033 2110 3109 pastores

80 3114 270 3204 Evangelii
297 3114 554 3185 sanctissimum
583 3114 649 3186 Dei
677 3117 812 3187 cultum
840 3140 931 3199 esse,
964 3144 1069 3213 quem
1120 3113 1373 3191 Ecclesiarum.
1425 3115 1588 3190 Christus
1605 3120 1699 3189 enim
1717 3121 1777 3188 dat
1793 3115 1971 3189 Ecclesiae
1992 3134 2111 3212 pasto-

78 3218 269 3310 praecipue
284 3216 432 3307 requirit
444 3217 488 3285 ab
504 3211 722 3291 hominibus.
756 3216 1001 3290 Verumtanta
1019 3235 1070 3291 est
1122 3240 1194 3304 res,
1220 3215 1410 3312 prophetas
1433 3234 1469 3291 et
1485 3223 1663 3306 doctores,
1685 3222 1832 3313 vultque
1853 3221 1898 3289 ab
1913 3214 1969 3290 his
1985 3218 2111 3293 Eccle-

79 3318 267 3386 infirmitas
284 3316 387 3387 ctiam
405 3311 524 3399 iubis,
549 3320 610 3411 qui
628 3343 701 3388 non
716 3334 798 3390 sunt
813 3334 930 3411 aperte
947 3320 1069 3408 ἄθεοι,
1120 3321 1207 3389 siam
1231 3322 1370 3393 institui
1391 3347 1431 3391 ac
1456 3323 1595 3407 doceri,
1628 3325 1773 3416 vultque
1796 3323 1997 3414 praeparari
2028 3324 2110 3394 illos

77 3435 142 3489 aut
173 3419 372 3488 defensores
410 3418 601 3508 impiorum
638 3422 815 3502 cultuum,
856 3437 897 3492 ut
931 3436 1066 3495 tantum
1120 3421 1183 3514 qui
1209 3424 1433 3512 praeficiendi
1460 3439 1544 3496 sunt
1563 3420 1749 3509 Ecclesiis,
1783 3448 1848 3493 nec
1869 3426 1946 3493 vult
1968 3425 2109 3514 praefici

78 3520 206 3588 mundi
230 3519 371 3588 iudiciis
391 3536 617 3601 moveantur,
643 3547 713 3615 qno
738 3524 856 3593 minus
875 3519 1068 3594 honorifice
1121 3524 1169 3593 eis
1183 3549 1328 3614 prorsus
1344 3527 1525 3610 indoctos,
1552 3539 1611 3595 aut
1633 3522 1798 3595 homines
1821 3526 2021 3616 imperitos,
2046 3524 2110 3620 qui

79 3623 123 3691 de
148 3621 345 3691 ministerio
369 3621 489 3707 verbi,
523 3623 655 3706 idest,
684 3627 727 3692 de
749 3625 893 3716 publico
916 3628 1066 3694 docendi
1120 3625 1187 3694 sibi
1205 3627 1371 3697 videntur
1387 3622 1670 3711 adrodtdmos,
1697 3641 1730 3697 et
1755 3627 1831 3695 sine
1852 3627 1925 3696 ullo
1949 3651 2016 3698 usu
2036 3629 2109 3718 spi-

78 3746 225 3791 munere
242 3724 408 3794 sentiant.
464 3721 543 3792 Huc
559 3726 711 3809 accedit,
737 3728 832 3818 quod
850 3750 929 3795 cum
943 3730 1065 3797 docto·
1120 3727 1240 3795 rituali
1257 3753 1297 3796 ex
1314 3751 1388 3796 sese
1404 3728 1544 3817 fingunt
1566 3729 1764 3818 opiniones.
1818 3725 1979 3797 Fuerunt
2000 3729 2109 3815 igitur

78 3847 134 3896 res
157 3821 342 3913 Evangelii
364 3826 436 3896 sint
459 3825 587 3914 spreti,
611 3825 737 3911 invisi,
763 3842 796 3897 et
818 3843 1004 3899 versentur
1029 3829 1065 3896 in
1119 3826 1223 3896 initio
1238 3829 1284 3895 in
1308 3824 1475 3897 Ecclesiis
1497 3824 1665 3911 Scholae,
1694 3852 1783 3922 quae
1802 3826 1938 3894 ruinam
1964 3849 2108 3897 conser-

78 3926 228 3994 assiduis
250 3928 432 4017 periculis,
459 3926 564 3997 multi
580 3928 686 3997 etiam
708 3929 799 3997 fame
818 3944 979 4021 pereant,
1006 3932 1065 3998 dc·
1119 3942 1257 3996 vassent
1285 3927 1482 3996 doctrinam
1507 3951 1632 4017 puram
1659 3930 1704 3996 ab
1726 3924 1905 4017 Apostolis
1932 3928 2110 3999 traditam.

78 4040 257 4098 terrentur
280 4023 442 4097 homines
463 4044 559 4099 metu
588 4027 824 4118 periculorum
854 4043 889 4099 et
913 4031 1065 4100 crucisa
1119 4025 1189 4098 Sed
1222 4024 1306 4096 haec
1339 4040 1522 4120 postquam
1553 4028 1689 4119 ingenti
1718 4043 1751 4099 et
1773 4027 1976 4098 admirabili
1998 4031 2109 4100 bene-

75 4127 275 4199 ministerio
289 4127 493 4221 Evangelii,
518 4145 551 4200 et
575 4130 743 4223 quoniam
763 4125 917 4200 honores
943 4144 978 4201 et
992 4155 1068 4199 am·
1119 4129 1198 4198 licio
1213 4126 1278 4198 Dei
1297 4143 1464 4199 renovata
1477 4143 1544 4215 est,
1570 4145 1605 4202 et
1618 4128 1712 4200 Deus
1729 4125 1785 4199 his
1810 4131 1995 4223 postremis
2019 4145 2109 4204 tem-

74 4231 137 4322 pla
157 4231 309 4320 praemia
326 4234 506 4325 proposita
525 4246 608 4315 sunt
625 4232 717 4300 alias.
729 4222 955 4325 quaestuobas
976 4246 1068 4302 artes
1119 4232 1266 4320 poribus
1288 4232 1416 4301 iterum
1434 4232 1531 4303 dedit
1544 4227 1757 4324 Prophetam
1766 4283 1778 4316 ,
1806 4246 1844 4303 ut
1859 4233 1921 4301 alii
1942 4234 2107 4304 erudian-

36 4329 39 4332 ’
75 4333 337 4419 exercentibus,
363 4335 443 4404 ideo
467 4333 668 4426 paucissimi
695 4356 731 4403 se
754 4335 797 4402 ad
821 4330 887 4404 hoc
911 4334 1066 4404 studium
1120 4346 1194 4416 tur,
1229 4334 1384 4424 profecto
1409 4357 1531 4404 rursus
1554 4359 1677 4404 curare
1697 4336 1825 4405 debent
1849 4329 2044 4422 Ecclesiae,
2068 4349 2110 4407 ut

75 4457 256 4506 sacrarum
283 4437 485 4519 literarum,
520 4451 580 4507 arat
608 4435 845 4506 ministerium
869 4437 1066 4506 conferunt.
1120 4434 1208 4504 illud
1234 4435 1443 4505 beneficium
1469 4435 1553 4521 Dei,
1579 4437 1743 4507 videlicet
1766 4435 1961 4505 doctrinam
1987 4433 2110 4507 Evan-

75 4532 190 4609 Multi
215 4538 319 4608 etiam
348 4551 472 4629 putant
495 4532 562 4607 hoc
583 4561 693 4627 genus
711 4538 892 4608 doctrinae
909 4535 1067 4608 sine'do-
1120 4537 1202 4625 gelii
1216 4560 1362 4628 puram,
1388 4561 1526 4608 summo
1543 4539 1661 4619 studio
1678 4551 1905 4623 conservent,
1931 4551 1966 4608 et
1981 4541 2026 4608 ad
2045 4562 2111 4629 po-

74 4637 236 4709 steribus
263 4641 396 4733 percipi
425 4662 534 4731 posse.
587 4637 680 4708 lacet
709 4639 818 4729 igitur
847 4653 1068 4729 contemptus
1120 4651 1229 4708 steros
1244 4638 1498 4710 transmittant.
1548 4638 1747 4710 Plurimum
1771 4641 1890 4732 itaque
1913 4641 2021 4711 refert
2044 4641 2122 4710 ite-⁴

74 4738 144 4813 iste
169 4743 257 4810 ordo
282 4743 539 4814 ministrorum.
599 4739 813 4833 Quanquam
837 4755 954 4811 autem
983 4736 1068 4810 haec
1121 4765 1221 4824 rtrna,
1251 4764 1341 4833 qnos
1365 4734 1557 4810 habeamus
1579 4756 1836 4832 praeceptores,
1869 4766 2020 4834 quorum
2047 4765 2113 4812 au-

74 4840 186 4932 vulgo
209 4844 257 4914 ita
281 4845 386 4928 liant,
417 4857 536 4914 tamen
561 4841 610 4934 pii
632 4843 868 4913 adolescentes
892 4843 1069 4912 inculcare
1121 4842 1261 4912 diamus
1282 4841 1413 4911 iudicia
1437 4843 1482 4911 de
1506 4842 1612 4911 rebus
1632 4843 1795 4912 maximis
1818 4854 1850 4912 et
1873 4844 1916 4911 de
1936 4843 2114 4934 dogmati-

75 4942 150 5029 sibi
180 4939 272 5016 hanc
303 4969 425 5015 vocem
450 4942 554 5014 Pauli
582 4944 729 5018 debent:
770 4942 853 5015 Non
875 4946 986 5036 pudet
1013 4967 1069 5012 me
1121 4944 1197 5012 bus.
1250 4941 1349 5013 Sicut
1381 4943 1491 5013 sancti
1524 4941 1644 5013 Patres
1670 4967 1772 5033 saepe
1805 4944 1956 5032 allegant
1983 4945 2114 5037 partim

74 5040 287 5137 Evangelii,
312 5064 346 5120 et
360 5046 558 5136 intelligere
574 5059 704 5139 quanta
720 5045 872 5136 dignitas
894 5047 940 5117 sit
963 5040 1070 5116 huius
1121 5040 1331 5136 Apostolos,
1366 5044 1493 5134 partim
1519 5047 1698 5136 proximos
1722 5044 1976 5138 Apostolorum
1999 5045 2116 5119 aetati.

73 5147 285 5234 ministerii,
309 5173 413 5244 seque
429 5149 472 5217 ad
487 5148 523 5217 id
542 5170 767 5239 praeparare,
792 5160 831 5216 ut
850 5147 986 5238 possint
1002 5143 1070 5216 Ec,
1123 5144 1289 5220 Irenaeus
1307 5146 1399 5219 enim
1424 5147 1508 5216 citat
1523 5145 1779 5240 Polycarpum,
1804 5147 1867 5241 qui
1882 5148 1997 5218 luerat
2012 5147 2116 5219 audi-

76 5249 206 5323 clcsiae
233 5276 312 5321 cum
334 5275 423 5344 opus
441 5250 487 5319 sit
509 5251 650 5326 servire.
701 5244 771 5317 Hic
787 5249 883 5317 enim
908 5263 959 5319 est
974 5272 1071 5319 sum·
1122 5263 1178 5317 tor
1194 5246 1357 5339 Apostoli
1376 5247 1531 5332 loannis,
1556 5262 1590 5320 et
1607 5248 1755 5320 Florino
1774 5247 1987 5319 Valentinus
2002 5271 2118 5340 oppo-

75 5375 159 5421 mus
175 5349 241 5421 Dei
261 5355 393 5434 cultus,
421 5352 510 5423 sicut
528 5347 691 5424 Christus
707 5353 821 5430 docet,
842 5374 922 5420 cum
937 5351 1003 5421 ait:
1027 5349 1068 5421 ln
1122 5350 1178 5419 nit
1199 5351 1427 5420 autoritatem
1444 5347 1642 5444 Polycarpi.
1691 5349 1847 5421 Basilius
1868 5350 2005 5421 audivit
2020 5347 2118 5418 Neo-

44 5517 47 5520 ,
77 5447 150 5525 hoc
176 5455 390 5545 glorificatur
412 5469 511 5548 pater
532 5477 647 5538 meus,
679 5467 719 5526 ut
741 5454 894 5524 fructum
918 5453 1069 5523 multum
1122 5452 1394 5538 caesariensem,
1419 5451 1521 5523 cuius
1535 5451 1723 5543 praecipua
1738 5452 1810 5523 fuit
1824 5453 2012 5536 autoritas,
2036 5470 2120 5521 cum

1509 5555 1588 5627 st*
