4732 6030
197 358 293 451 ‚128
655 346 816 425 DECL.
867 345 942 422 DE
982 343 1259 424 Mtstttttts
1291 344 1812 424 PAEDAGOGORUM.
2174 347 2246 424 tet

220 556 331 627 gogus
352 555 432 602 cum
454 524 628 599 eiusmodi
647 547 778 616 puero,
820 514 961 617 qualem
973 521 1092 615 paulo
1123 535 1206 594 ante
1259 522 1516 594 committitur?
1565 521 1660 592 Puer
1678 522 1891 615 aliquandiu
1902 520 1941 591 in
1957 534 2089 595 statuae
2101 525 2250 593 modum

221 635 484 725 descripsimus.
536 625 681 717 Quanto
696 627 792 696 enim
807 625 922 698 maius
944 625 1131 715 negocium
1156 639 1209 696 est
1259 648 1404 718 prorsus
1426 638 1546 695 mutus
1561 640 1624 699 est.
1675 624 1799 695 Postea
1819 625 1882 694 ubi
1898 650 1933 695 se
1949 625 2113 716 colligere
2127 650 2251 717 coepe-

221 740 422 832 paedagogo
439 754 545 825 quam
560 723 731 825 Sisypho,
757 753 822 799 nec
845 743 963 798 tamen
985 727 1100 797 maius
1122 752 1209 820 ope-
1260 729 1327 814 rit,
1353 752 1393 798 ae
1416 726 1579 797 meditari
1601 729 1726 812 verba,
1752 726 1836 822 quia
1860 729 1999 800 animus
2024 729 2250 820 perturbatus

222 865 283 912 rae
298 836 454 930 precium
470 834 520 907 fit.
572 830 676 903 Illius
696 833 734 901 in
757 834 930 902 versando
955 855 1037 900 saxo
1060 831 1210 923 simplex
1262 843 1328 914 est,
1362 831 1457 901 oculi
1487 829 1743 923 supercilioque
1766 844 2035 923 pervertuntur,
2065 833 2097 901 si
2119 831 2252 914 videas,

223 944 326 1014 labor
359 951 429 1029 est,
465 951 499 1007 et
531 960 613 1006 cora
641 947 759 1020 vacat,
795 934 989 1026 paedagogi
1011 932 1093 1002 vide
1120 928 1211 1001 mihi
1263 934 1358 1003 dicas
1374 931 1545 1002 comitiali
1562 933 1688 1002 morbo
1703 932 1827 1024 arripi:
1855 934 2071 1024 pervertitur
2087 945 2122 1003 et
2138 959 2177 1004 os
2190 957 2252 1002 ve-

225 1067 330 1139 quam
347 1039 531 1131 multiplex
548 1039 733 1129 negocium
749 1036 817 1113 sit..
855 1029 1048 1129 Nunquam
1065 1036 1210 1106 nisico·
1264 1036 1318 1106 lut
1331 1035 1456 1131 cynico
1480 1057 1618 1125 spasmo
1634 1034 1837 1104 foedissimo
1854 1037 1973 1106 rictu.¹
2010 1033 2097 1131 Post
2112 1036 2176 1108 ubi
2188 1035 2253 1105 diu

226 1154 603 1233 actusapraeceptore
617 1165 707 1232 puer
721 1141 854 1208 librum
878 1141 917 1206 in
937 1161 1065 1208 manus
1086 1138 1211 1208 sumit:
1264 1161 1381 1208 secum
1401 1138 1553 1206 luctatus
1575 1151 1643 1221 est,
1670 1139 1812 1206 tandem
1836 1163 1957 1208 vocem
1978 1134 2060 1212 edit.
2114 1137 2184 1210 Sed
2207 1162 2254 1207 ne

226 1249 291 1320 ubi
320 1244 510 1336 acceperit,
542 1243 638 1312 oculi
669 1256 774 1334 atque
807 1240 948 1311 animus
979 1241 1214 1330 expatiantur.
1266 1233 1568 1331 deprehendatur,
1610 1240 1641 1309 si
1672 1241 1768 1332 quod
1801 1240 1893 1311 forte
1915 1242 2038 1312 existet
2059 1242 2253 1322 soloecum,

204 1350 285 1422 ,lbi
303 1362 471 1440 tanquam
490 1346 639 1414 calcaria
652 1345 915 1436 addendoquae
929 1346 1144 1413 admoneant
1159 1341 1214 1411 ol·
1266 1344 1389 1413 stridet
1412 1343 1572 1412 obscure.
1629 1339 1786 1430 Quidam
1809 1341 1986 1432 ingeniosi
2008 1358 2092 1417 sunt
2124 1346 2162 1414 in
2186 1370 2254 1436 po-

121 1501 123 1505 v
227 1452 309 1524 licii.
362 1447 516 1518 Enarrat
543 1447 676 1539 aliquid
700 1459 926 1538 praeceptor,
950 1447 1021 1513 iam
1042 1445 1097 1514 illi
1123 1444 1214 1514 deli·
1265 1459 1394 1516 strema
1410 1445 1544 1540 syllaba
1556 1456 1590 1512 et
1604 1468 1684 1514 casu
1701 1445 2064 1518 dictionisobruendo
2080 1472 2126 1517 ne
2140 1449 2256 1540 perci-

229 1568 306 1626 cato
323 1574 468 1621 somnus
485 1549 642 1639 obrepit,
668 1562 702 1619 et
725 1569 868 1617 secums
890 1548 928 1615 in
952 1563 1130 1640 utranque
1151 1570 1216 1616 au·
1250 1547 1397 1639 piatur.
1452 1545 1885 1639 lubetpraeceptorclara
1902 1573 1988 1619 voce
2007 1551 2254 1639 pronunciare,
2306 1618 2309 1630 ,

226 1681 304 1735 rem
322 1653 473 1737 dormit,
494 1654 580 1721 dum
604 1675 641 1720 sc
660 1653 881 1740 paedagogus
899 1650 1049 1719 dicendo
1068 1649 1214 1740 rumpit.
1268 1652 1329 1720 ille
1351 1650 1455 1721 iterat
1478 1662 1513 1719 et
1529 1651 1637 1718 verba
1657 1651 1818 1720 cadentia
1843 1650 1950 1721 tollit.
2003 1648 2160 1731 Exaudit
2183 1652 2254 1722 iam

95 1791 106 1806 ·
229 1758 371 1830 Novum
386 1756 438 1824 ibi
453 1752 636 1844 negocium
653 1754 692 1822 tit
707 1754 908 1843 paedagogo
919 1751 1217 1842 expergefaciendi
1269 1766 1492 1845 praeceptor,
1537 1754 1596 1820 sed
1633 1745 1725 1819 nihil
1757 1753 1828 1822 nisi
1860 1754 2052 1826 verborum
2081 1768 2255 1847 portenta.

128 1936 130 1942 A
231 1858 407 1950 discipuli.
466 1854 605 1925 Dictata
630 1868 856 1947 repetuntur,
884 1867 1104 1945 experrectus
1131 1855 1216 1922 ado-
1269 1853 1341 1924 Nec
1357 1867 1497 1923 autores
1513 1855 1577 1947 qui
1600 1853 1850 1945 praeleguntur
1871 1857 2009 1927 redolet
2029 1883 2162 1940 sermo,
2190 1880 2254 1925 ¹¹⁰⁰

232 1965 366 2034 lescens
390 1959 531 2029 iubetur
553 1959 704 2027 adiicere
728 1957 889 2026 animum
914 1960 957 2027 ad
982 1980 1126 2050 eaquae
1143 1969 1215 2025 tra·
1270 1981 1350 2027 cum
1381 1957 1617 2046 grammaticis
1644 1957 1840 2049 praeceptis
1869 1961 2046 2035 convenit.
2097 1957 2166 2031 Hic
2192 1960 2256 2029 de-

232 2068 387 2146 duntur,
413 2084 535 2130 verum
552 2084 626 2130 non
645 2075 696 2131 est
711 2082 794 2129 cura
812 2058 1038 2150 Hippoclidi,
1064 2059 1151 2128 loris
1167 2070 1219 2126 est
1269 2083 1368 2128 mum
1390 2058 1495 2128 sentit
1525 2081 1562 2126 se
1584 2059 1750 2127 miserum
1786 2082 1860 2130 esse
1885 2063 2121 2154 paedagogus:
2173 2086 2257 2132 nam

233 2167 373 2238 animus
407 2177 574 2256 tanquam
607 2163 646 2230 in
669 2163 739 2231 alio
764 2164 919 2246 mundo,
952 2162 991 2230 in
1014 2161 1149 2249 ganeis,
1179 2159 1218 2227 in
1271 2185 1352 2231 cum
1377 2185 1419 2229 ex
1440 2160 1565 2231 studiis
1590 2161 1788 2251 puerilibus
1810 2185 1885 2231 uon
1901 2163 2257 2256 aliuslnrctuspeta·

234 2270 328 2351 alea,
351 2268 391 2335 in
408 2265 598 2357 perniciosi
616 2264 773 2334 sodalitii
790 2264 895 2334 ludis.
934 2263 1091 2333 Tantum
1109 2264 1220 2352 abest,
1271 2275 1349 2347 tur,
1382 2287 1489 2356 quam
1520 2276 1560 2332 ut
1581 2263 1741 2353 expedite
1765 2263 1866 2356 toqui
1888 2267 2041 2354 9⁰⁸⁸l1¹ls
2073 2263 2132 2337 ΜΒ
2160 2268 2256 2337 Videl

233 2384 273 2441 ut
289 2369 492 2437 meminisse
514 2367 647 2459 aliquid
671 2370 828 2449 studeat,
856 2379 896 2436 ut
912 2390 989 2435 eam
1003 2369 1114 2456 legem
1130 2387 1220 2457 quae
1272 2365 1341 2434 sibi
1361 2389 1506 2457 operam
1527 2378 1561 2435 et
1584 2366 1703 2435 oleum
1727 2365 1767 2434 in
1789 2366 1942 2439 dicendo
1959 2370 2096 2460 perire,
2122 2370 2161 2438 in
2183 2381 2255 2438 tem

148 2542 152 2550 ¹
235 2475 280 2542 de
293 2469 467 2540 conviviis
487 2469 626 2540 extabat
642 2469 736 2559 apud
753 2466 929 2550 Graecos,
954 2473 1054 2560 μισῶ
1073 2460 1221 2560 proluc-
1272 2467 1471 2558 prodigiosa
1489 2467 1655 2558 discipuli
1677 2467 1840 2540 infantia.
1892 2470 1964 2545 Sed
1986 2484 2138 2567 quantae
2162 2470 2258 2541 diffi-

165 2586 168 2593 ·
232 2599 283 2647 pa
296 2563 504 2664 συμπότην,
528 2571 601 2661 ipse
621 2573 664 2639 de
685 2565 816 2639 scholis
839 2570 947 2638 latam
968 2583 1085 2660 putet,
1109 2584 1143 2639 et
1162 2569 1220 2636 in·
1273 2571 1419 2641 cultates
1441 2570 1662 2639 exorbeudae
1684 2583 1786 2655 sunt,
1811 2586 1886 2642 tum
1914 2568 1998 2645 huie
2014 2575 2102 2648 vitio
2124 2576 2257 2647 mederi

237 2677 343 2746 cisam
364 2696 437 2743 non
455 2675 493 2741 in
509 2696 582 2755 aes,
608 2675 668 2741 sed
694 2673 907 2762 insculptam
931 2673 1051 2742 animo
1068 2674 1221 2741 circum-
1273 2672 1414 2741 studet?
1465 2669 1754 2743 Dissimulandus
1776 2675 1810 2743 ei
1834 2675 1938 2745 dolor
1958 2677 2090 2764 animi,
2116 2681 2259 2750 iracun-

235 2779 325 2847 fmt
339 2779 437 2866 μισῶ
453 2766 632 2867 μνάμονα
646 2767 834 2867 μαθητήν.
863 2771 986 2867 ltaque
1002 2775 1031 2844 si
1050 2772 1221 2866 postridie
1275 2775 1333 2845 dia
1358 2774 1581 2863 reprimenda
1606 2787 1677 2858 est,
1718 2777 1883 2847 comitate
1904 2801 2014 2868 puero
2036 2780 2258 2872 perturbatio

235 2882 364 2951 dictata
385 2899 564 2968 reposcas,
603 2876 687 2968 quia
707 2877 950 2968 perfluxerunt
972 2899 1074 2946 aures
1088 2875 1221 2955 omnia,
1273 2877 1384 2946 animi
1402 2876 1575 2960 sedanda,
1602 2876 1732 2946 blande
1748 2879 1955 2950 invitandus
1969 2894 2020 2951 est
2033 2885 2088 2951 ,ad
2105 2883 2260 2975 loquen-

235 2982 290 3051 nil
312 2993 417 3054 tenet.
470 2977 527 3049 lbi
550 2979 717 3068 magistro
739 2979 832 3050 redit
857 2979 959 3048 labor
979 2994 1076 3051 actus
1100 2979 1139 3047 in
1161 3001 1222 3047 or·
1274 2979 1372 3052 dum.
1413 2976 1526 3066 Saepe
1541 2972 1706 3048 trahendi
1723 2980 1863 3071 longius
1876 2984 1920 3053 de
1934 2982 2106 3054 industria
2123 3007 2259 3053 sermo-

236 3087 329 3156 bem.
381 3077 537 3153 Orditur
561 3081 749 3172 pristinam
772 3082 1003 3165 cantilenam,
1030 3105 1094 3150 nec
1115 3080 1222 3149 semel
1274 3104 1355 3160 nes,
1380 3093 1421 3150 ut
1441 3081 1732 3150 cousuetudinem
1755 3083 1865 3153 latine
1883 3085 2055 3176 loquendi
2075 3108 2184 3178 puero
2205 3087 2260 3158 ia-

238 3185 384 3277 repetit,
416 3184 529 3251 donec
557 3183 617 3253 isti
650 3196 775 3252 trunco
806 3207 921 3254 unum
945 3198 1049 3278 atque
1071 3185 1222 3255 alterurn
1274 3183 1355 3256 ciat.
1407 3179 1503 3250 Haec
1516 3206 1588 3251 una
1602 3206 1657 3251 res
1674 3205 1754 3250 eum
1778 3184 1859 3272 plus
1880 3186 1965 3256 satis
1991 3188 2125 3259 adferat
2148 3188 2262 3257 mole-

237 3288 387 3357 verbum
415 3282 607 3374 infligatur.
666 3282 757 3372 Quis
788 3298 840 3355 est
865 3298 937 3355 tam
965 3309 1093 3356 cornea
1123 3286 1224 3369 fibra,
1275 3285 1380 3370 stiae,
1413 3297 1531 3355 tamen
1560 3282 1674 3353 multo
1701 3284 1812 3374 magis
1841 3297 1976 3355 exercet
1998 3291 2263 3383 praeceptorem

233 3389 301 3484 ¹qui
327 3410 401 3456 non
420 3382 676 3465 stomachetur,
701 3398 840 3456 tantum
860 3410 985 3479 operae
1009 3411 1047 3456 se
1067 3390 1225 3479 perdere,
1276 3388 1405 3482 stylus,
1438 3408 1560 3477 quem,
1589 3397 1630 3453 ut
1659 3384 1768 3454 latina
1795 3387 1916 3476 lingua
1942 3387 2002 3458 hat
2025 3414 2137 3481 puero
2157 3394 2264 3462 fami-

240 3490 446 3585 praesertim
470 3512 550 3558 cum
575 3488 708 3558 interea
731 3503 764 3561 et
781 3489 996 3559 valetudinis
1012 3489 1145 3562 iactura
1171 3490 1224 3557 fa·
1276 3490 1393 3574 liaris,
1423 3482 1669 3556 adhibendum
1697 3510 1770 3557 0⁸⁸⁰
1799 3490 1913 3571 videl,
1939 3502 1981 3560 Ul
2000 3517 2067 3562 ⁰⁸¹1
2082 3494 2264 3564 scribendi

201 3595 366 3664 ·eieuda
382 3592 451 3660 sit?
499 3587 590 3659 Nam
611 3602 866 3662 atterunturet
881 3591 1225 3684 labeliuntcorporis
1276 3592 1504 3661 confirmatus
1525 3601 1602 3659 tuto
1625 3589 1725 3682 loqui
1747 3591 1866 3682 possit.
1923 3591 2007 3663 Non
2031 3593 2126 3663 enim
2147 3604 2264 3666 unum

241 3697 353 3779 vires,
378 3717 452 3762 non
467 3693 577 3760 modo
596 3691 740 3763 dicendi
763 3694 904 3778 labore,
930 3697 991 3763 sed
1017 3695 1122 3764 etiam
1142 3717 1224 3764 cura
1276 3693 1473 3762 remedium
1491 3692 1533 3760 ad
1551 3691 1798 3764 excutiendum
1814 3695 1922 3766 istum
1937 3710 2122 3767 veternum
2142 3700 2266 3788 pneri-

240 3792 436 3889 dotoreq'ue
451 3794 579 3880 animi,
600 3817 724 3887 quem,
741 3797 823 3889 quia
840 3820 913 3867 non
930 3798 1146 3888 respondent
1159 3821 1225 3867 no·
1278 3796 1372 3864 libus
1387 3793 1539 3884 ingeniis
1553 3794 1635 3865 satis
1650 3808 1711 3869 est.
1763 3793 1833 3867 Sed
1851 3821 1931 3866 cum
1948 3794 2041 3868 nihil
2053 3800 2202 3894 perinde
2218 3805 2266 3873 ad

241 3915 333 3972 strae
341 3897 545 3988 diligentiae
554 3896 668 3966 studia
677 3920 881 3989 puerorum,
897 3899 1090 3990 indignitas
1100 3899 1151 3968 rei
1164 3922 1226 3991 pa·
1277 3898 1471 3990 parandam
1481 3919 1588 3988 quam
1606 3897 1824 3967 uberrimam
1839 3902 2012 3972 sermonis
2027 3903 2163 3995 copiam
2177 3929 2266 3975 con-

242 4004 300 4077 rit.
334 4000 502 4073 Seculum
518 3999 557 4067 in
571 3993 627 4066 his
643 3999 794 4069 miseriis
808 4003 1146 4089 eonsumitur,dum
1161 4003 1226 4072 iste
1277 4002 1385 4071 ducat
1407 3998 1696 4091 atqueassiduos
1720 4002 1849 4095 stylus,
1874 4026 1949 4072 non
1970 4005 2080 4075 alium
2104 4006 2271 4081 laborem

180 4193 183 4199 ¹
240 4107 374 4198 primas
396 4102 515 4171 literas
529 4099 706 4172 didicerit.
757 4100 830 4172 Nec
842 4117 943 4194 putet
956 4127 993 4173 se
1010 4106 1079 4173 iam
1098 4106 1227 4175 defun·
1281 4117 1397 4173 tamen
1412 4101 1561 4194 perinde
1575 4116 1739 4172 recusant
1753 4104 1930 4194 suscipere
1953 4121 2059 4202 atque
2077 4108 2268 4182 scribendi.

199 4217 203 4220 ⁶
243 4220 339 4277 ctum
355 4226 429 4273 esse
445 4201 684 4292 paedagogus,
710 4196 796 4271 haec
817 4216 956 4274 tantum
974 4219 1114 4275 nostrae
1135 4206 1227 4275 Tra·
1280 4200 1381 4275 Nihil
1400 4219 1452 4275 est
1471 4226 1561 4295 opus
1578 4199 1636 4272 hic
1653 4226 1836 4273 recensere
1853 4230 1989 4278 causas:
2026 4213 2156 4281 etenim
2180 4227 2268 4285 nota

167 4321 169 4325 ·
243 4307 389 4399 goediae
423 4301 605 4394 praeludia
640 4317 741 4383 sunt,
782 4317 889 4376 restat
923 4300 1080 4397 Epitasis
1114 4308 1227 4377 multo
1280 4307 1381 4377 vobis
1395 4319 1524 4375 natura
1533 4300 1720 4374 hominum
1735 4319 1950 4380 nostrorum.
1979 4309 2137 4383 immane
2152 4339 2271 4408 quan·

243 4404 500 4480 aerumnosior.
551 4401 717 4473 Infinitus
733 4405 834 4475 labor
849 4420 919 4492 est,
944 4430 984 4475 os
1001 4408 1137 4499 puerile
1153 4409 1229 4478 lor-
1280 4424 1336 4481 tus
1352 4411 1455 4480 labor
1467 4421 1519 4478 est
1532 4406 1747 4498 perpellere,
1761 4423 1801 4479 ut
1818 4410 1875 4479 vel
1892 4425 1966 4482 l⁰l0
1981 4418 2139 4487 teme-tiri
2153 4442 2269 4488 unum

207 4519 358 4589 'mare‚
387 4521 422 4577 et
448 4507 492 4577 ad
515 4505 664 4575 latinam
687 4505 845 4598 linguam
866 4510 1094 4580 assuefacere:
1145 4535 1227 4580 nam
1281 4512 1470 4603 epistoliou
1489 4509 1672 4579 scribant?
1696 4505 1774 4600 Ego
1791 4537 1875 4582 vero
1892 4517 2048 4606 comperi
2068 4542 2144 4589 non
2160 4520 2270 4590 aliam

181 4674 190 4689 .
244 4613 464 4701 cumliogua
483 4608 682 4701 expoliatur
702 4613 956 4683 consuetudine
974 4613 1230 4706 beneloquen-
1281 4637 1419 4697 erucem
1446 4611 1552 4681 nobis
1573 4632 1646 4680 esse
1670 4614 1906 4694 acerbiorem,
1943 4642 2050 4709 quem
2081 4622 2270 4693 cum'islls

244 4718 300 4803 di,
326 4737 473 4807 eamque
496 4713 540 4781 ad
572 4734 648 4781 rem
669 4711 886 4785 disertorum
904 4716 1112 4787 commercia
1137 4715 1232 4785 mul·
1281 4713 1514 4807 cessatorihus
1538 4713 1699 4806 quotidie
1720 4716 1847 4802 rixari,
1881 4743 1961 4787 cum
1987 4721 2093 4792 officii
2118 4748 2272 4794 monen-

244 4834 321 4889 tum
337 4815 509 4887 momenti
526 4813 710 4897 adferunt,
732 4816 906 4906 primum,
932 4831 972 4888 ut
985 4833 1036 4890 est
1049 4819 1231 4909 negligen·
1282 4831 1351 4888 tur.
1401 4813 1526 4908 Neque
1550 4839 1634 4885 vero
1660 4840 1817 4912 uuquam
1845 4819 1921 4909 cogi
1944 4837 2078 4913 potest,
2101 4840 2141 4897 ut
2153 4851 2273 4899 unum

244 4923 312 5007 tia,
344 4931 559 4990 converrunt
593 4942 636 4987 ex
664 4919 844 5009 proximo,
872 4916 941 4990 hoc
973 4935 1096 5004 est,>a
1117 4921 1229 5012 patria
1281 4941 1424 4989 versum
1449 4918 1598 5003 scribat,
1633 4919 1704 4989 nisi
1726 4920 1933 5012 praeceptor
1961 4926 2136 5008 adsideat,
2160 4930 2277 5003 dictet·

244 5024 367 5114 lingua
386 5044 527 5091 omnem
543 5043 756 5091 sermonem.
806 5021 936 5094 Latine
950 5023 1069 5116 loqui,
1094 5023 1178 5116 quia
1193 5022 1231 5090 id
1282 5034 1547 5114 argumentum,
1579 5023 1780 5114 suppeditet
1797 5025 1916 5096 verba.
1971 5025 2040 5098 lste
2063 5054 2144 5100 cum
2168 5030 2274 5103 inve·
2325 5059 2328 5064 ·

244 5122 427 5199 difficilius
461 5134 552 5205 erat,
589 5147 634 5192 ne
665 5123 811 5214 quidem
848 5139 1034 5197 conantur.
1092 5123 1231 5194 Deinde
1282 5123 1407 5193 niendi
1423 5146 1506 5193 cura
1523 5137 1640 5211 vacat,
1657 5139 1733 5196 tum
1749 5146 1851 5215 aegre
1867 5127 1997 5199 dictata
2014 5131 2153 5224 excipit.
2180 5133 2271 5207 Sero

244 5230 329 5326 quia
349 5226 404 5297 gui
431 5223 608 5295 similibus
632 5224 871 5308 delectantur,
894 5227 1118 5299 eruditorum
1135 5250 1233 5297 com·
1283 5220 1349 5295 hac
1372 5227 1629 5297 consuetudine
1650 5251 1691 5297 eo
1717 5231 1954 5318 promoveris,
1994 5247 2034 5303 ut
2061 5258 2124 5305 suo
2151 5234 2273 5310 Marte

244 5330 375 5403 mercia
397 5325 524 5422 procul
539 5326 693 5416 fugiunt.
754 5326 861 5420 Apud
891 5355 1004 5402 unum
1027 5343 1234 5423 praecepto·
1284 5340 1432 5398 conetur
1446 5328 1620 5414 scribere,
1641 5329 1671 5397 si
1685 5343 1805 5399 tamen
1821 5356 1977 5426 unquam
1995 5351 2154 5410 conatur.
2179 5339 2274 5411 Nam

242 5460 318 5506 rem
341 5433 454 5505 latino
476 5452 638 5499 sermone
659 5432 831 5502 utendum
851 5446 921 5520 est,
953 5435 997 5504 ad
1022 5458 1127 5527 quem
1151 5455 1233 5502 cum
1283 5430 1388 5500 illum
1417 5433 1520 5501 crede
1546 5431 1684 5522 virgula
1708 5431 1831 5504 divina
1854 5438 1897 5505 ad
1922 5436 2090 5511 virtutem
2120 5441 2276 5532 incitari,

122 5588 125 5593 .
241 5547 480 5620 ventumst,
514 5530 577 5606 Dii
600 5532 835 5621 immortales,
865 5536 969 5628 quale
992 5534 1233 5629 spectaculum
1284 5533 1349 5632 qni
1363 5533 1426 5603 ¹vel
1449 5544 1528 5604 sero
1549 5556 1615 5626 per
1633 5556 1707 5605 sese
1728 5549 1879 5608 conatur
1897 5537 2035 5633 aliquid
2050 5568 2275 5639 componere,
