4732 6030
157 278 233 355 063
727 262 888 336 DECL.
937 258 1012 335 DE
1050 258 1149 336 DEI
1191 256 1613 341 lNVOCATIONE.
2078 253 2182 349 [664

160 444 293 519 Errant
315 441 409 512 enim
431 435 583 526 primum
606 433 649 498 de
670 432 817 501 essentia
840 431 929 514 Dei,
957 447 1073 525 postea
1099 435 1143 500 de
1192 430 1291 500 sidiis
1314 429 1352 499 in
1380 433 1518 502 coelum
1548 433 1758 524 suspiciant,
1787 448 1820 504 et
1841 436 1887 505 ab
1912 437 2033 529 aliqua
2061 456 2183 514 mente

163 548 354 617 voluntate.
383 535 429 606 Ut
443 534 535 603 enim
551 529 858 623 apudEuripidem
875 535 1017 616 dicitur,
1039 530 1141 602 Olu·
1194 544 1332 601 aeterna
1354 555 1456 623 opem
1480 533 1681 624 implorent.
1737 531 1828 621 Quis
1853 536 1892 604 in
1920 539 2084 629 periculis
2104 566 2182 614 nou

164 649 275 739 piter,
299 642 372 710 sive
398 632 466 703 hoc
491 633 646 716 coelum,
671 634 744 701 sive
765 634 861 702 aliud
886 635 1069 726 quiddam:
1096 634 1145 702 ita
1194 630 1357 700 invocat?
1410 631 1501 720 Quis
1524 634 1662 723 ignorat
1685 633 1928 706 invocationes
1948 650 2019 707 tam
2040 643 2184 715 crebras

165 748 330 835 ignorant
345 757 467 806 omnes
488 734 616 824 impiae
638 747 774 822 gentes,
799 756 956 824 quaeres
978 730 1145 816 sitDeus‚
1194 732 1233 799 in
1259 732 1450 821 poematis?
1500 732 1590 821 Quis
1611 759 1684 802 raon
1706 734 1790 824 legit
1814 730 1966 829 hymnos
1980 736 2131 814 Homeri
2146 759 2183 816 et

167 841 288 915 ludaei
312 853 346 910 et
366 831 635 906 Mahometistae
655 833 881 902 audacissime
903 848 1030 923 negant
1051 830 1146 901 hunc
1195 828 1411 902 Callimachi.
1463 831 1522 903 Sic
1546 835 1706 902 omnium
1727 848 1862 904 mentes
1886 837 1923 906 in
1947 834 2013 909 hac
2031 844 2183 933 caligine

167 967 241 1014 esse
254 963 335 1008 vere
351 936 466 1007 Deum
483 934 698 1002 conditorem
713 934 802 1001 coeli
816 947 849 1002 et
865 947 995 1019 terrae,
1022 935 1083 1026 qui
1097 944 1148 1003 cst
1195 955 1309 1000 secum
1335 933 1527 1023 disputant.
1578 932 1649 1004 Sed
1679 957 1744 1003 nos
1776 935 1815 1003 in
1835 932 1993 1008 Ecclesia
2020 944 2183 1032 sciamus,

167 1043 271 1114 Pater
284 1037 428 1109 Domini
452 1035 565 1103 nostri
581 1032 657 1103 lesu
677 1028 808 1103 Christi
828 1035 983 1103 crucifixi
1004 1057 1066 1123 pro
1081 1057 1147 1100 no·
1196 1045 1235 1100 ut
1256 1033 1464 1122 paedagogi,
1489 1045 1529 1102 ut
1545 1047 1672 1102 matres
1690 1037 1894 1124 praefentur
1908 1041 2014 1110 verba
2037 1066 2182 1133 precum

168 1145 271 1214 biset
289 1135 491 1208 resuscitati.
529 1132 665 1219 Negant
678 1134 789 1200 tilium
800 1131 866 1202 Dei
885 1130 1008 1205 εἰκόνα
1025 1129 1148 1203 ἀΐδιον
1197 1131 1408 1202 balbutienti
1430 1128 1546 1202 adhuc
1568 1134 1756 1204 infantiae:
1784 1135 1833 1205 ita
1856 1136 1970 1208 Deum
1994 1143 2182 1213 uobisim-

170 1238 294 1314 ardico
316 1231 454 1330 πατρὸς
477 1256 548 1302 esse
563 1233 690 1302 Deum.
740 1232 895 1303 Rabiose
914 1234 1017 1304 etiam
1039 1234 1148 1302 male·
1198 1255 1317 1301 mensa
1345 1234 1502 1303 bonitate
1524 1254 1597 1302 sese
1620 1250 1654 1304 et
1678 1237 1894 1307 voluntatem
1925 1264 2024 1310 suam
2051 1249 2180 1333 patefe-

170 1345 292 1413 dicunt
308 1337 458 1430 Spiritui
472 1346 600 1402 sancto.
1199 1333 1303 1416 cisse,
1328 1346 1361 1403 et
1375 1333 1585 1422 significasse
1600 1338 1778 1426 quomodo
1795 1337 1951 1409 invocari
1975 1354 2011 1411 et
2034 1345 2103 1413 coli
2120 1370 2183 1415 ve·

271 1438 409 1510 Deinde
431 1433 587 1524 gentium
609 1432 743 1501 furores
760 1432 935 1503 manifesti
959 1445 1063 1518 sunt,
1088 1432 1150 1526 qui
1199 1433 1271 1502 tir.
1305 1430 1353 1503 Et
1381 1429 1473 1503 hanc
1498 1434 1704 1524 sapientiam
1731 1437 1769 1503 in
1801 1451 1871 1509 tota
1898 1435 2085 1513 hominum
2110 1447 2182 1518 vita

171 1544 347 1612 linxerunt
362 1535 513 1606 subinde
534 1556 624 1601 nova
643 1533 810 1618 numina,
836 1557 899 1603 nec
915 1529 1151 1625 Philosopho·
1200 1535 1420 1624 praecipuam
1439 1548 1474 1603 et
1492 1535 1643 1603 maxime
1659 1540 1889 1624 appetendam
1914 1552 1949 1609 et
1968 1565 2181 1631 cognosceu-

171 1668 251 1713 rum
276 1637 420 1710 arrdacia
445 1635 562 1702 minor
585 1632 672 1711 fuit,
707 1657 811 1724 quam
845 1630 1051 1722 Gigantum.
1105 1632 1150 1704 Ut
1201 1635 1281 1701 dam
1297 1658 1380 1704 esse.
1416 1632 1499 1702 ldeo
1515 1635 1552 1701 in
1567 1630 1734 1704 Zacharia
1750 1638 1838 1709 dicit
1850 1637 1959 1709 Deus:
1986 1637 2181 1716 Effundam

172 1742 265 1813 enim
285 1736 322 1807 hi
338 1737 504 1806 dicuntur
520 1745 656 1801 montes
671 1732 881 1816 cumulasse,
905 1749 945 1803 ut
961 1737 997 1802 in
1016 1735 1149 1802 coelum
1200 1757 1306 1823 super
1321 1736 1464 1802 domum
1480 1733 1594 1805 David
1612 1733 1783 1826 Spiritum
1799 1739 1928 1826 gratiae
1943 1752 1977 1808 et
1991 1766 2147 1830 precum.

173 1842 242 1913 sibi
257 1840 349 1906 viam
365 1837 613 1926 patefacerent,
640 1848 673 1902 et
685 1833 777 1901 ierro
790 1833 903 1902 Deum
920 1835 1081 1903 ferirent:
1105 1834 1151 1902 ita
1304 1830 1381 1904 Etsi
1398 1835 1513 1926 aliqua
1529 1835 1572 1902 de
1585 1832 1662 1904 Deo
1677 1837 1807 1906 noticia
1827 1839 1865 1907 in
1886 1833 2039 1909 hominis
2061 1861 2179 1917 mente

172 1938 358 2032 Epicurei,
388 1934 517 2018 Stoici,
550 1931 749 2002 Academici
772 1948 805 2002 et
825 1932 1065 2024 Peripatetici,
1091 1934 1151 2002 alii
1201 1947 1282 2002 nata
1304 1947 1373 2014 est,
1397 1956 1486 2026 quae
1504 1934 1645 2026 quidem
1669 1950 1787 2007 monet
1806 1937 1920 2009 Deum
1940 1939 2177 2014 invocandum

173 2042 261 2113 alios
278 2061 411 2108 errores
430 2034 685 2123 excogitarunt,
718 2045 748 2101 et
768 2046 935 2125 tanquam
954 2034 1152 2103 accumula·
1201 2057 1291 2103 esse:
1319 2048 1534 2104 tamencum
1557 2058 1622 2103 nos
1643 2035 1823 2107 iutuemur
1840 2038 1907 2129 ipsi
1922 2054 1956 2110 et
1970 2056 2108 2113 nostros
2126 2046 2180 2114 la·

173 2144 219 2213 tis
234 2141 414 2210 montibus
427 2136 524 2205 coelo
544 2135 675 2202 bellum
688 2133 901 2218 intulerunt,
926 2134 1016 2203 alius
1032 2134 1152 2224 provi·
1202 2156 1284 2225 psus
1306 2134 1635 2219 animadvertimus,
1660 2137 1797 2206 vultum
1819 2153 1926 2233 atque
1945 2143 2066 2213 oculos
2086 2145 2180 2216 iudi-

173 2243 330 2312 dentiam
347 2258 490 2330 prorsus
504 2235 665 2317 sustulit,
688 2234 777 2302 alius
792 2237 837 2303 ad
852 2244 971 2302 causas
985 2237 1153 2304 secundas
1202 2236 1250 2303 cis
1266 2228 1430 2302 horribili
1447 2258 1576 2325 pavore
1592 2236 1793 2325 cogitamus.

173 2345 223 2413 ita
237 2339 351 2410 Deum
373 2335 545 2425 alligavit,
581 2347 620 2403 ut
634 2332 809 2402 Homerus
826 2357 907 2402 suos
919 2333 1012 2404 Deos
1035 2336 1078 2403 de
1096 2358 1152 2403 ca-
1238 2338 1240 2343 '
1302 2330 1383 2403 Non
1406 2347 1456 2404 cst
1471 2335 1577 2422 igitur
1594 2331 1767 2407 humanae
1790 2341 1980 2432 sapientiae
1995 2366 2082 2433 opus
2099 2369 2181 2415 vera

174 2458 254 2514 tena
270 2438 461 2528 suspendit.
513 2433 617 2502 Alius
633 2434 752 2501 omnia
768 2434 856 2502 dixit
872 2434 1004 2504 incerta
1024 2448 1057 2503 et
1079 2458 1153 2503 am·

172 2542 278 2629 bigua
295 2561 378 2607 esse.
429 2535 539 2624 Saepe
561 2528 767 2602 cohorreseo
790 2548 864 2604 toto
885 2557 1049 2625 corpore,
1074 2547 1153 2604 tan-

174 2635 246 2713 tam
268 2638 471 2708 varietatem
497 2657 675 2717 errorum,
701 2634 763 2726 qni
787 2633 825 2702 in
849 2648 921 2706 toto
938 2656 1063 2722 genere
1085 2629 1154 2702 hu-

173 2765 279 2810 mano
294 2753 329 2809 et
343 2736 487 2827 grassati
500 2747 599 2818 sunt,
625 2746 657 2802 et
670 2747 871 2823 grassantur
885 2758 1021 2827 semper
1035 2734 1151 2804 omni·

173 2845 241 2912 bus
255 2840 379 2909 seculis
394 2837 560 2925 cogitans.
606 2832 696 2904 Nam
711 2858 751 2902 ex
767 2830 831 2903 hac
846 2848 933 2906 tetra
948 2835 1153 2904 confusione

173 2941 385 3033 opinionum
406 2935 580 3007 aestimari
602 2948 731 3025 potest,
756 2949 886 3027 quanta
903 2936 1013 3024 caligo
1029 2935 1073 3004 sit
1086 2930 1154 3004 hu-

174 3064 299 3110 manae
312 3038 449 3116 mentis,
473 3028 568 3129 quae'
577 3060 650 3104 non
664 3036 796 3123 regitur
810 3036 980 3105 divinitus
992 3032 1154 3124 Evange-

174 3141 216 3209 lii
238 3140 328 3211 luce.
380 3135 656 3204 lmbecillitatem
683 3136 789 3224 igitur
811 3151 966 3208 nostram
992 3137 1154 3206 conside-

176 3260 310 3319 remus,
336 3249 370 3304 et
385 3236 523 3303 assidue
536 3233 622 3301 haec
639 3248 718 3303 vota
735 3237 1006 3323 in'geminemus:
1031 3237 1154 3325 Dirige

175 3339 293 3409 mein
316 3335 460 3408 veritate
480 3344 560 3413 tua,
586 3345 620 3401 et
645 3334 731 3401 doce
748 3357 822 3414 me,
848 3338 930 3427 quia
952 3350 991 3405 tu
1008 3358 1043 3404 es
1057 3332 1154 3405 Deus

1203 2434 1389 2503 invocatio.
1443 2432 1511 2504 Sed
1533 2433 1666 2504 Filium
1687 2433 1753 2506 Dei
1782 2441 1957 2512 doctorem
1977 2437 2081 2512 huius
2101 2469 2179 2512 ma·

1202 2534 1287 2602 ximi
1314 2534 1472 2603 sacrificii
1494 2530 1679 2620 habemus,
1712 2539 1774 2630 qui
1805 2541 1946 2631 pavidas
1972 2556 2105 2613 mentes
2131 2546 2177 2614 ad

1202 2647 1380 2703 aeternum
1397 2632 1535 2702 Patrem
1551 2632 1705 2722 retrahit,
1726 2656 1760 2709 et
1776 2640 1928 2731 linguam
1945 2644 2178 2734 trepidantem

1203 2734 1241 2801 in
1264 2749 1379 2802 nostra
1402 2734 1623 2804 invocatione
1648 2741 1756 2828 regit,
1781 2740 1888 2812 immo
1904 2744 1964 2836 qui
1988 2767 2124 2836 semper
2140 2759 2179 2816 ut

1202 2832 1370 2903 Sacerdos
1403 2846 1523 2903 noster
1551 2831 1613 2906 καὶ
1642 2835 1790 2931 ἔξαρχος
1820 2866 1962 2933 precum
1995 2846 2179 2915 universae

1202 2929 1377 3002 Ecclesiae
1392 2936 1495 3001 verba
1511 2936 1614 3004 nobis
1629 2942 1816 3028 praefatur,
1840 2957 1875 3014 et
1892 2945 2092 3037 interpellat
2106 2945 2179 3035 ipse

1203 3035 1241 3101 in
1256 3034 1318 3102 illo
1334 3046 1476 3102 aeterno
1495 3037 1641 3106 consilio
1656 3044 1788 3110 aeterni
1802 3041 1928 3118 Patris.

1299 3132 1484 3204 Discamus
1506 3135 1613 3224 igitur
1634 3140 1679 3209 ab
1701 3135 1768 3211 hoc
1790 3159 1911 3215 nostro
1927 3140 2178 3237 Hierophauta,

1203 3235 1379 3325 quomodo
1397 3234 1614 3306 invocandus
1627 3237 1787 3324 sitDeus,
1812 3245 1899 3333 quid
1916 3247 1961 3314 de
1975 3246 2050 3317 eius
2066 3270 2179 3316 essen·

1203 3334 1271 3416 tia,
1296 3349 1330 3403 et
1349 3335 1435 3425 quid
1451 3337 1495 3405 de
1509 3337 1685 3405 voluntate
1705 3338 1779 3406 eius
1799 3339 1837 3406 in
1858 3346 1959 3413 omni
1980 3347 2178 3436 precatione

172 3442 325 3510 salvator
341 3460 450 3510 meus,
1202 3433 1425 3521 cogitandum
1441 3436 1495 3510 sit.
1545 3433 1727 3525 Seiungito
1748 3452 1845 3507 tuam
1862 3439 2122 3515 invocationem
2136 3449 2180 3517 ab

273 3537 412 3610 Deinde
421 3539 464 3606 dc
472 3533 653 3604 voluntate
668 3545 911 3623 errantgentes
926 3534 1155 3624 omnesigna·
1201 3529 1366 3615 Ethnica,
1393 3531 1554 3620 Iudaica,
1580 3532 1833 3623 Mahomctica,
1854 3554 1896 3610 ut
1913 3566 2035 3612 verum
2053 3543 2181 3633 Deum,

173 3665 235 3713 rae
246 3635 441 3729 Evangelii,
463 3635 547 3729 quia
560 3636 604 3704 ad
616 3631 732 3703 Deum
747 3632 1039 3706 sineMediatoris
1052 3634 1154 3724 agni·
1201 3656 1276 3703 nort
1298 3636 1541 3706 commenticia
1560 3637 1705 3707 numina
1727 3639 1933 3734 alloquaris,
1957 3655 1992 3712 et
2009 3666 2089 3712 vere
2107 3659 2180 3716 sta—

173 3743 271 3815 tione
291 3741 480 3822 acccdunt,
512 3735 662 3828 ideoque
682 3758 729 3804 an
751 3735 932 3822 exaudiat,
958 3748 993 3805 et
1013 3758 1076 3805 cur
1097 3734 1154 3802 in·
1202 3747 1299 3816 tuas,
1323 3759 1386 3805 cur
1400 3749 1434 3806 et
1450 3736 1607 3807 invocari
1620 3751 1655 3809 et
1666 3738 1759 3810 flecti
1775 3740 1869 3815 velit.

138 3926 142 3933 .
173 3843 300 3932 dignos
314 3839 489 3922 exaudiat,
509 3836 681 3906 nesciunt.
711 3832 903 3906 Pausanias
916 3835 1035 3907 scribit
1048 3835 1155 3906 fuisse
1301 3832 1405 3905 Hanc
1418 3837 1613 3921 doctrinam
1626 3840 1851 3910 necessariam
1866 3861 1950 3925 esse,
1969 3837 2075 3910 immo
2089 3865 2177 3931 por-

174 3943 214 4012 in
228 3940 331 4015 Creta
348 3952 496 4010 statuam
514 3933 608 4006 lovis
621 3937 698 4007 sine
714 3937 879 4028 auribus,
905 3961 1010 4030 quam
1027 3935 1155 4029 aliquis
1202 3947 1276 4006 tum
1300 3957 1372 4005 esse
1388 3936 1626 4010 firmissimum
1642 3939 1681 4007 in
1701 3940 1864 4011 omnibus
1880 3939 2041 4034 perieulis
2055 3941 2095 4009 in
2109 3935 2180 4013 hac

173 4042 368 4114 sctrrriliter
383 4041 509 4109 ludens
523 4061 563 4106 ac
575 4039 739 4107 deridens
760 4053 868 4109 totam
884 4037 1155 4121 invocationem,
1202 4035 1291 4122 vita,
1331 4059 1452 4106 omnes
1484 4040 1562 4108 sani
1593 4039 1807 4130 intelligunt.
1859 4040 1974 4112 Venio
2000 4041 2111 4130 igitur
2133 4045 2178 4113 ad

174 4139 270 4212 haud
304 4140 413 4211 dubie
437 4132 683 4206 architectatus
723 4150 785 4208 est.
843 4138 914 4208 Sed
949 4139 1052 4209 talem
1084 4136 1153 4210 sibi
1201 4151 1582 4230 praecepta-quorum
1607 4138 1760 4229 primurn
1793 4137 1861 4211 hoc
1885 4142 1946 4212 sit:
1981 4139 2031 4213 Ut
2056 4165 2178 4213 verum

174 4239 288 4310 Deum
314 4260 434 4306 omnes
452 4236 585 4327 ubique
606 4248 678 4305 toto
703 4237 788 4305 orbe
805 4250 976 4307 terrarum
993 4239 1154 4327 pingunt,
1199 4233 1316 4307 Deum
1331 4239 1540 4331 alloquaris,
1564 4262 1662 4309 mens
1678 4241 1807 4310 directa
1823 4242 1919 4312 sitin
1933 4243 2179 4334 patefactiones

175 4341 237 4432 qni
258 4340 299 4407 in·
315 4334 536 4405 invocatione
551 4334 732 4413 dubitant.
757 4359 804 4404 an
823 4337 1013 4427 recipiatur
1033 4362 1154 4429 preca-
1201 4337 1350 4413 divinas.
1392 4336 1565 4409 llleenim
1584 4337 1850 4427 vereDeusest,
1875 4344 1938 4436 qui
1954 4344 2039 4412 sein
2055 4339 2177 4414 Eccle-

174 4441 247 4524 tio,
269 4462 317 4509 an
330 4430 397 4505 hoc
411 4434 564 4504 officium
579 4431 656 4502 Deo
672 4434 819 4524 placeat.
1200 4437 1250 4506 sia
1268 4438 1464 4510 illustribus
1479 4439 1687 4511 testimoniis
1701 4441 1879 4532 patefecit,
1905 4443 2003 4514 etsie
2018 4464 2056 4512 se
2069 4466 2176 4533 agno-

275 4537 357 4611 Duo
370 4559 495 4628 genera
511 4557 670 4604 errorum
686 4534 724 4605 in
741 4535 848 4626 impia
861 4535 1153 4607 invocationere-
1199 4537 1270 4618 sci,
1300 4538 1458 4610 invocari
1484 4555 1517 4611 et
1543 4540 1611 4609 coli
1631 4541 1802 4631 postulat,
1835 4542 1924 4613 siem
1944 4566 1982 4612 se
2006 4544 2178 4634 patefecit,

174 4641 313 4726 censui,
345 4639 408 4733 qui
429 4639 532 4708 ambo
553 4631 697 4709 haerent
720 4637 759 4706 in
782 4637 940 4708 omnium
967 4631 1151 4706 hominum
1198 4660 1264 4707 uec
1286 4637 1388 4709 aliter
1410 4639 1448 4708 in
1471 4634 1683 4712 huiusvitae
1702 4642 1852 4732 caligine
1872 4643 2014 4734 agnosci
2029 4644 2178 4716 etiam·

172 4743 371 4827 mentibus,
396 4741 498 4811 etiam
516 4763 655 4826 eorum,
680 4741 741 4832 qni
758 4739 796 4808 in
807 4735 962 4811 Ecclesia
979 4739 1055 4807 sine
1070 4761 1150 4809 vera
1198 4737 1270 4809 cari
1284 4752 1409 4829 potest.

172 4842 251 4914 luce
273 4839 460 4933 Evangelii
484 4841 629 4924 vivunt,
671 4842 783 4911 donec
809 4853 901 4911 recte
928 4840 1150 4913 erudiuntur.
1299 4837 1355 4909 Sit
1374 4839 1484 4928 igitur
1504 4841 1542 4911 in
1564 4855 1751 4933 conspectu
1767 4856 1829 4915 ant
1846 4838 1989 4915 historia
2005 4842 2178 4936 Baptismi

173 4942 261 5013 ldeo
283 4945 376 5014 inter
396 4964 532 5013 summa
555 4940 641 5010 novi
655 4937 874 5011 Testamenti
895 4964 1041 5010 munera
1054 4937 1151 5010 Deus
1198 4936 1282 5009 Filii
1304 4936 1389 5019 Dei,
1421 4953 1482 5010 aut
1508 4942 1595 5023 alia,
1628 4943 1692 5012 ubi
1724 4966 1761 5013 se
1786 4945 1980 5015 audiendos
2006 4946 2178 5035 praebent

171 5045 346 5136 promittit
366 5045 629 5112 sedonaturom
652 5043 756 5110 nobis
772 5039 943 5132 Spiritum
965 5042 1094 5131 gratiae
1116 5054 1151 5111 et
1196 5054 1359 5110 aeternus
1373 5037 1502 5121 Pater,¹
1522 5055 1556 5112 et
1572 5039 1688 5113 Filios
1704 5045 1777 5113 eius
1793 5042 1969 5115 Dominus
1987 5043 2179 5115 noster-le-

169 5143 418 5216 invocationis.
466 5141 569 5212 Dicat
592 5138 650 5213 hic
668 5142 796 5237 aliquis
814 5139 962 5211 Homeri
985 5155 1019 5213 et
1039 5138 1152 5213 Calli·
1196 5162 1255 5211 sus
1269 5135 1447 5227 Christus,
1473 5157 1506 5214 et
1520 5142 1674 5234 Spiritus
1688 5158 1837 5215 sanctus.
1887 5143 1935 5215 Et
1951 5146 2057 5216 simul
2079 5145 2178 5217 testi·

168 5240 288 5317 machi
300 5246 427 5314 lector:
461 5240 589 5331 Qualia
604 5237 688 5313 haec
703 5241 972 5315 suntmunera?
1015 5239 1149 5313 Natura
1195 5241 1313 5312 monia
1328 5244 1428 5314 verbi
1441 5243 1565 5315 traditi
1576 5243 1747 5315 divinitus
1762 5246 1968 5336 cogitentur,
1982 5270 2074 5340 quae
2083 5241 2180 5318 hauc

166 5371 290 5419 omnes
306 5358 426 5438 gentes
441 5354 644 5424 moventur,
669 5357 708 5415 ut
722 5343 856 5417 amissis
872 5339 1034 5414 humanis
1047 5366 1148 5435 prae-
1195 5343 1239 5412 de
1257 5341 1332 5414 Deo
1348 5345 1545 5415 doctrinam
1568 5344 1672 5414 nobis
1696 5360 1921 5437 proponunt,
1944 5360 1978 5418 et
2000 5349 2180 5418 affirmant
