4732 6030
107 282 185 358 297
594 276 760 354 DECL.
792 275 866 353 DE
899 272 1304 352 ASTRONOMIA
1338 279 1412 354 ΕΤ
1447 275 1668 354 GEOGR.
2073 277 2150 355 298

111 454 221 549 plecti
236 465 350 525 totum
369 466 483 523 terrae
499 453 683 537 ambitum,
707 467 741 524 et
758 453 901 545 quidem
918 467 1024 537 certa,
1049 452 1105 522 fa·
1155 477 1256 546 posse
1275 476 1414 543 regere,
1432 448 1538 522 hunc
1553 454 1795 536 moderatum,
1820 452 1953 523 iustum
1971 464 2006 522 et
2020 449 2147 522 utilem

112 559 175 630 cili
198 571 229 628 et
253 555 517 646 compendiaria
532 555 783 646 supputatione
799 552 1106 646 comprehensum,
1155 557 1292 626 civibus
1315 557 1401 627 fore.
1464 554 1518 625 Ac
1536 556 1629 625 addo
1653 556 1760 624 verba
1783 553 1963 639 Platonis,
1995 569 2036 624 nt
2057 553 2148 624 tanti

114 682 217 755 quem
244 658 274 727 si
305 658 519 747 cogitatione
552 671 722 750 tanquam
747 657 860 726 oculis
884 672 998 727 totum
1018 681 1106 727 con·
1154 659 1224 726 viri
1239 684 1306 727 vox
1320 672 1353 727 et
1368 658 1539 727 autoritas
1555 682 1616 726 vos
1629 658 1673 725 ad
1689 680 1845 727 amorem
1860 671 1895 727 et
1910 658 2067 727 studium
2083 649 2150 726 ba-

114 761 312 853 templeris,
345 760 459 851 possis
482 760 587 829 etiarn
610 759 733 827 mirari
760 760 988 850 parvitatem,
1023 784 1104 830 cum
1154 785 1235 832 rum
1260 761 1473 851 optimarum
1497 760 1628 828 artium
1650 760 1829 831 exuscitet.
1883 756 2003 830 Unum
2018 773 2071 829 est
2082 781 2149 828 na·
2255 839 2259 853 Ι

39 901 47 919 s
112 865 157 936 sit
184 876 387 933 nostrorum
420 862 657 932 miliariorum
680 861 870 954 quinquies
896 863 995 930 mille
1017 887 1105 956 qua-

112 966 396 1056 dringentorum.
447 961 544 1033 Haec
569 965 644 1032 sine
665 964 827 1033 doctrina
848 978 1008 1033 motuum
1027 988 1105 1034 coe-

111 1068 252 1138 lestium
269 1066 407 1136 includi
428 1068 532 1136 certis
548 1066 866 1156 descriptionibus,
892 1068 992 1159 quasi
1011 1067 1106 1135 limi-

111 1171 209 1242 tibus
232 1192 307 1239 nou
331 1181 506 1260 poterant.
559 1166 633 1237 lam
652 1168 785 1261 quanta
802 1168 955 1240 suavitas
967 1170 1106 1239 acdui-

112 1274 199 1344 cedo
221 1272 267 1342 sit
293 1267 400 1340 huius
424 1270 626 1356 doctrinae,
652 1271 829 1354 dicerem,
856 1270 886 1338 si
910 1272 1025 1341 verbis
1047 1295 1105 1341 ex·

112 1397 246 1466 ponere
260 1397 409 1465 possem.
460 1371 530 1444 Sed
553 1369 639 1442 haee
655 1374 875 1465 experiundo
892 1397 1106 1463 cognoscen-

1155 878 1254 935 turae
1270 862 1473 944 vinculum,
1500 863 1661 931 doctrina
1678 886 1929 943 numerorum,
1956 863 2148 952 figurarum

1156 981 1189 1036 et
1212 978 1372 1034 motuum
1394 965 1619 1051 coelestium,
1645 989 1684 1034 ac
1707 965 1838 1059 siquis
1861 964 1966 1033 aliam
1990 963 2084 1032 viam
2103 963 2148 1030 ad

1156 1068 1365 1138 discendum
1396 1081 1559 1160 quaeret,
1601 1068 1781 1138 fortunam
1812 1067 1971 1153 invocet,
2008 1077 2049 1135 ut
2077 1064 2150 1135 dici

1155 1173 1254 1242 solet.
1307 1166 1398 1239 Nam
1421 1171 1497 1238 sine
1518 1164 1574 1238 his
1596 1194 1700 1238 neruo
1716 1170 1754 1237 iu
1771 1170 1974 1240 civitatibus
1989 1190 2148 1260 unquam

1156 1277 1278 1344 beatus
1309 1272 1443 1344 existet.
1494 1268 1564 1340 Hic
1592 1273 1721 1341 modus
1748 1286 1817 1354 est,
1860 1266 1946 1340 haec
1975 1267 2150 1353 educatio,

1156 1374 1241 1445 haec
1254 1375 1455 1464 disciplina,
1480 1399 1540 1441 seu
1556 1372 1669 1443 facilis
1682 1397 1744 1442 seu
1757 1373 1924 1445 difficilis.
1973 1370 2042 1441 Per
2056 1367 2149 1440 hanc

111 1478 156 1545 da
191 1489 253 1549 est.
319 1474 391 1546 Sua
422 1475 550 1569 cuique
577 1489 723 1546 naturae
747 1476 990 1567 propriissime
1015 1477 1105 1546 actio
1156 1481 1206 1548 ire
1229 1500 1368 1548 necesse
1392 1490 1463 1563 est,
1487 1501 1551 1545 nec
1575 1479 1626 1545 las
1651 1489 1701 1547 est
1723 1473 1899 1564 negligere
1922 1472 2058 1554 Deum,
2086 1472 2148 1566 qui

110 1577 366 1647 iucundissima
406 1591 478 1656 est,
520 1591 561 1648 ut
593 1602 678 1648 nare
708 1579 882 1669 piscibus,
929 1579 1103 1648 modulari
1155 1595 1289 1672 gratam
1312 1582 1356 1649 de
1375 1602 1411 1649 se
1431 1582 1560 1648 famam
1579 1580 1616 1648 in
1632 1573 1688 1647 his
1702 1579 1838 1647 artibus
1852 1576 1972 1666 generi
1991 1571 2149 1644 humano

112 1679 319 1762 Lusciniae,
356 1679 403 1749 ita
438 1675 601 1750 homines
634 1704 760 1771 magna
791 1683 972 1771 voluptate
1004 1681 1104 1749 adfici
1156 1684 1293 1757 tribuit.
1345 1679 1442 1752 Haec
1459 1695 1544 1752 sont
1558 1680 1719 1750 Platonis
1737 1682 1863 1764 verba,
1886 1679 1923 1746 in
1945 1677 2076 1770 quibus
2091 1701 2150 1746 co·

110 1804 251 1851 necesse
271 1794 342 1860 est,
368 1805 449 1852 cnm
470 1795 635 1853 naturam
652 1796 763 1853 totam
782 1807 903 1852 rerum
919 1783 1107 1872 aspiciunt,
1156 1788 1280 1876 gitate,
1304 1809 1410 1877 quam
1427 1785 1605 1874 sapienter
1620 1784 1754 1855 dictum
1768 1782 1834 1864 sit,
1861 1793 1995 1870 gratam
2012 1775 2081 1847 Dei
2099 1778 2152 1848 la-

109 1909 190 1955 cum
217 1906 449 1954 numerorum
478 1898 514 1954 et
542 1885 830 1973 magnitudinum
859 1884 1107 1976 proportiones
1156 1912 1249 1954 maru
1275 1886 1391 1955 audiri
1412 1885 1450 1954 in
1477 1880 1533 1954 his
1556 1886 1709 1964 artibus,
1736 1879 1805 1953 hoc
1824 1897 1894 1968 est,
1918 1904 2150 1952 numerorum

110 1986 324 2068 inveniunt,
358 2009 438 2053 curn
461 1986 665 2054 coelestium
692 1999 726 2054 et
747 1985 958 2054 inferiorum
981 2010 1107 2076 corpo·
1157 1988 1293 2059 ordinis
1318 2001 1350 2058 et
1374 1988 1576 2058 coelestium
1600 2011 1790 2078 corporum
1808 1986 2012 2076 cognitione
2031 2005 2151 2054 neces-

108 2111 192 2158 rum
207 2082 432 2155 harmoniam
448 2100 701 2157 etconsensum
716 2081 999 2180 deprehendunt,
1026 2112 1105 2157 cum
1157 2091 1249 2161 sario
1273 2114 1338 2158 nos
1361 2104 1512 2160 statuere
1533 2093 1707 2160 mundum
1730 2113 1749 2156 a
1773 2102 1890 2159 mente
1907 2102 2047 2158 aeterna
2064 2110 2149 2155 cou-

109 2189 237 2257 vident
259 2187 379 2259 omnia
402 2202 494 2258 certa
519 2189 595 2278 lege
619 2189 760 2258 condita
786 2211 876 2269 esse,
909 2203 951 2260 ut
973 2212 1039 2258 nos
1063 2191 1106 2257 de
1157 2194 1270 2263 ditum
1297 2216 1380 2266 esse.
1440 2191 1533 2262 Vere
1556 2193 1664 2283 igitur
1688 2188 1773 2260 haec
1797 2191 1872 2283 ipsa
1896 2190 2078 2273 doctrina,
2106 2189 2151 2258 de

108 2286 316 2361 Architecto
331 2291 558 2359 admoneant.
609 2287 666 2359 Aa
683 2285 773 2360 hanc
788 2291 1105 2361 considerationem
1157 2320 1225 2390 qua
1248 2295 1450 2388 loquimur,
1477 2312 1527 2366 est
1549 2289 1728 2388 μαντικὴ,
1758 2294 1863 2364 etiam
1880 2293 1908 2362 si
1924 2292 2078 2387 reliquas
2094 2290 2151 2358 di-

110 2415 191 2461 cum
220 2390 295 2461 nati
327 2391 456 2477 simos,
489 2416 628 2462 neccsse
661 2407 712 2462 est
738 2417 813 2462 eam
836 2394 1010 2484 voluptati
1034 2416 1106 2462 esse
1157 2398 1356 2468 vinationes
1378 2422 1452 2466 non
1473 2412 1690 2481 scrutemur,
1715 2398 1759 2464 de
1780 2395 2040 2481 mutationibus
2057 2392 2151 2462 ae'ris

108 2517 185 2563 nou
207 2493 437 2573 monstrosis,
463 2518 537 2563 non
561 2495 722 2565 distortis
745 2495 893 2566 naturis.
943 2490 1022 2565 Etsi
1043 2521 1106 2565 au·
1158 2515 1408 2590 etcorporum
1439 2514 1661 2583 nostrorum,
1710 2521 1860 2591 quarum
1894 2519 1969 2564 non
2000 2493 2150 2564 omuino

108 2609 182 2666 tem
204 2595 310 2664 initio
334 2597 509 2686 praefatus
532 2618 632 2682 sum,
657 2622 714 2667 me
740 2623 814 2667 uon
838 2598 1106 2668 dicturumesse
1156 2603 1256 2671 nulla
1284 2617 1337 2673 cst
1366 2601 1521 2689 utilitas,
1570 2601 1600 2671 si
1629 2600 1724 2669 iutra
1757 2599 1867 2669 iustas
1897 2610 2007 2668 metas
2037 2593 2151 2666 conti·

109 2699 155 2767 de
182 2714 281 2789 parte
311 2698 538 2785 divinatrice,
580 2713 697 2768 tamen
728 2695 797 2768 hoc
825 2702 973 2785 addam,
1013 2694 1105 2769 hanc
1158 2717 1320 2776 neantur.

109 2800 222 2892 ipsam
239 2800 435 2870 doctrinem
448 2813 610 2870 motuum
625 2800 827 2869 coelestium
845 2827 907 2892 per
922 2827 995 2872 sese
1008 2827 1106 2894 μαν-
1258 2802 1348 2875 Cum
1381 2806 1489 2895 igitur
1513 2805 1675 2876 doctriua
1697 2806 1740 2874 de
1761 2803 1918 2872 motibus
1941 2799 2151 2871 coelestibus

110 2896 217 2995 τίκὴν
239 2926 331 2981 ²⁵³0,
364 2916 398 2970 el
418 2903 642 2992 praecipuam
665 2925 705 2968 ac
721 2902 949 2971 certissimam
965 2904 1105 2971 divina·
1156 2909 1260 3000 plena
1282 2908 1327 2979 sit
1349 2908 1579 2992 eruditionis,
1606 2932 1686 2977 curn
1707 2906 1751 2977 sit
1771 2907 1869 2977 utilis
1888 2905 1980 2975 vitae
1997 2904 2042 2970 ad
2060 2915 2151 2971 tem·

109 3004 245 3073 tionem
274 3002 533 3092 gubernantem
558 3000 651 3068 vitae
675 3023 861 3072 summam.
927 3001 1018 3071 Nam
1042 2999 1106 3072 hae
1159 3035 1284 3102 porum
1315 3024 1349 3078 et
1371 3009 1556 3097 regionum
1580 3009 1867 3092 distinctionem,
1897 3031 1977 3075 cum
2000 3003 2045 3074 sit
2068 3003 2152 3072 dul.

109 3107 204 3195 leges
218 3119 394 3180 motuum,
421 3113 594 3171 leslasslur
610 3103 785 3170 mundum
801 3115 974 3172 non‘casu
989 3120 1118 3177 ortum
1161 3112 1319 3196 cissima,
1360 3136 1441 3180 cum
1469 3110 1651 3181 confirmet
1683 3111 1719 3179 in
1748 3111 1877 3179 animis
1897 3104 2083 3177 honestam
2107 3107 2152 3175 de

109 3229 202 3283 esse,
229 3205 290 3271 sed
312 3227 330 3270 a
349 3216 464 3271 mente
480 3216 620 3272 aeterna
637 3204 840 3289 conditum,
872 3220 905 3276 ct
921 3199 1005 3275 huic
1020 3231 1106 3276 con·
1161 3211 1233 3281 Deo
1248 3214 1470 3299 senteutiam,
1491 3239 1641 3307 cumque
1656 3214 1702 3283 sit
1714 3214 1848 3282 occasio
1863 3210 2034 3290 discendi,
2056 3209 2152 3277 bona

111 3304 222 3376 ditori
245 3299 435 3372 humanam
458 3317 621 3373 naturam
647 3330 750 3375 curae
776 3330 860 3377 esse.
911 3305 1104 3378 Haeccum
1159 3315 1298 3404 ingenia
1328 3311 1520 3400 adhortor,
1553 3330 1592 3386 ut
1620 3315 1657 3383 iu
1682 3311 1768 3384 haec
1791 3315 1906 3385 studia
1931 3312 2151 3392 incumbant,

108 3407 293 3500 perspicue
315 3407 557 3476 demonstrent
574 3406 665 3496 leges
682 3422 865 3493 motuum,
892 3411 1014 3500 negari
1033 3435 1105 3485 uon
1158 3431 1189 3486 et
1207 3441 1286 3500 sua,
1310 3432 1344 3487 et
1358 3416 1515 3511 Reipub.
1531 3443 1646 3503 causa,
1672 3419 1729 3487 cui
1746 3414 1911 3488 honestas
1929 3429 2031 3498 artes,
2059 3414 2151 3482 vitae

107 3521 242 3602 potest,
267 3502 359 3576 hanc
380 3507 579 3579 doctrinam
604 3534 685 3578 vere
708 3515 787 3579 esse‘
802 3507 988 3605 μαντικὴν
1006 3514 1049 3583 de
1069 3537 1105 3581 re
1158 3520 1261 3589 utiles
1278 3544 1486 3590 conservare
1503 3521 1681 3593 debemus.
1735 3519 1830 3589 Dixi.

109 3609 274 3682 maxima.
326 3606 417 3678 Nam
434 3605 520 3678 haec
536 3611 662 3681 deDeo
679 3626 712 3682 et
728 3613 771 3679 de
786 3614 1007 3701 providentia
1024 3638 1104 3682 sen-

110 3712 238 3796 tentia,
284 3713 443 3803 profecto
481 3714 525 3781 ad
556 3713 724 3784 virtutem
755 3713 893 3782 animos
926 3717 1104 3788 cxrrscitat.
1166 3769 1272 3778 --

109 3812 290 3885 Praedicit
315 3807 488 3906 Physicus
513 3815 669 3904 pluvias,
695 3816 723 3882 si
746 3812 881 3906 spirent
903 3812 1025 3887 Austri
1050 3817 1104 3886 vel

109 3912 288 4010 Zephyri,
314 3915 342 3984 si
357 3913 507 3999 Boreas,
533 3917 767 3988 serenitatem.
821 3915 966 4005 Quanto
982 3919 1106 3989 utilior

111 4018 285 4088 divinatio
312 4033 379 4101 est,
412 4017 623 4087 confirmare
644 4019 782 4087 animos
805 4020 849 4086 de
870 4020 1106 4109 providentia,

110 4141 159 4188 ne
194 4142 274 4190 casu
309 4121 484 4190 mundum
521 4120 674 4190 extitisse
704 4120 906 4190 somnient?
972 4119 1105 4209 Magna

107 4241 213 4291 causa
237 4221 323 4306 fuit,
350 4247 413 4293 cur
427 4223 526 4292 Deus
546 4218 632 4292 haec
655 4225 700 4291 de
722 4245 757 4292 se
779 4220 980 4292 testimonia
1002 4223 1104 4293 nobis

106 4325 344 4416 proposuerit.
392 4323 481 4394 Nam
497 4349 576 4394 cum
590 4325 780 4394 didicimus
794 4324 888 4409 inde,
908 4348 980 4394 esse
988 4323 1104 4395 Deum

111 4426 387 4516 gubernatorem
416 4428 600 4512 omnium,
631 4427 882 4516 intelligimus,
915 4428 946 4497 ei
979 4453 1105 4518 paren-

107 4528 198 4599 dum
215 4552 299 4609 esse,
326 4529 548 4619 ³g¹¹⁰⁵⁰l¹¹¹⁸¹⁸
563 4530 726 4599 “dinem
742 4530 888 4619 abiem,
911 4529 1105 4600 ellssmen·
1159 4548 1218 4616 De
1241 4543 1359 4617 insede
1379 4550 1482 4616 vitae
1503 4544 1754 4617 scholasticae
1770 4550 1910 4633 oratio,
1939 4543 2042 4617 dicta
2058 4566 2084 4615 α
2102 4546 2151 4616 D.

105 4631 206 4701 tibus
221 4632 352 4700 uostris
368 4645 400 4699 et
415 4632 453 4715 in
471 4630 613 4721 politica
632 4632 796 4702 societate
808 4631 1008 4703 institutum
1021 4656 1104 4717 csse,
1168 4647 1330 4721 melch,
1358 4647 1535 4719 pepuli„
1560 4653 1600 4719 5„
1614 4653 1846 4741 pr0m0150ne
1856 4651 2140 4744 Mapjgtromm,

108 4745 145 4803 et
170 4734 321 4804 sancitas
345 4757 475 4824 poenas
497 4734 789 4804 conturbantium
813 4730 908 4803 hunc
929 4735 1104 4814 ordinem,

108 4857 199 4928 quas
216 4859 259 4904 ne
275 4834 445 4924 Gigantes
461 4835 624 4929 quidem,
649 4836 706 4904 vel
722 4837 751 4904 si
765 4837 883 4907 ausint
897 4840 940 4905 ad
957 4860 994 4905 se
1009 4861 1108 4913 com·,
1159 4821 1257 4909 Cum
1279 4831 1466 4902 considero
1490 4854 1565 4916 eos,
1590 4832 1650 4924 qui
1670 4832 1707 4900 iu
1726 4827 1821 4900 hunc
1837 4832 1953 4900 locum
1970 4835 2012 4901 ad
2030 4833 2154 4902 dicen-

107 4938 324 5008 muniendos
340 4938 521 5027 imponere
530 4933 768 5019 PelioOssan,
794 4938 948 5029 effugere
963 4954 1104 5032 queant.
1159 4940 1244 5005 dum
1266 4935 1463 5024 prodeunt,
1492 4935 1547 5003 vel
1571 4933 1769 5023 argumenti
1792 4934 1971 5019 novitate,
1997 4938 2055 5005 vel
2078 4937 2154 5006 elo-

107 5034 277 5135 Denique
298 5041 410 5109 multa
431 5041 475 5108 de
490 5037 566 5111 Deo
589 5052 623 5109 et
644 5042 688 5109 de
707 5040 868 5109 moribus
889 5054 1010 5110 monet
1025 5065 1106 5110 coe·
1159 5037 1304 5131 quentia
1334 5038 1491 5127 placere,
1530 5036 1775 5127 animadverto
1808 5031 1898 5104 mihi
1927 5039 2031 5108 valde
2064 5061 2154 5130 opus

108 5141 254 5214 lestium
271 5144 388 5232 legum
405 5143 511 5226 ordo,
538 5144 727 5213 testificans
741 5145 784 5210 ad
803 5136 951 5211 humani
966 5146 1106 5234 generis
1159 5164 1234 5210 esse
1253 5134 1474 5210 humanitate
1497 5152 1602 5234 atque
1620 5138 1795 5232 aequitate
1813 5152 1939 5214 vestra.
1988 5139 2080 5210 Nam
2096 5162 2154 5209 ar-

108 5244 301 5316 ntilitatcm
327 5240 388 5313 has
412 5268 531 5314 rerum
556 5246 649 5314 vices
671 5245 831 5314 conditas
848 5268 931 5318 esse.
986 5244 1106 5334 Quare
1159 5257 1367 5331 gumentom
1391 5265 1545 5322 novum,
1573 5245 1667 5334 quod
1689 5241 1833 5334 quidem
1857 5237 1942 5311 huic
1964 5244 2042 5313 loco
2063 5265 2153 5312 con·

107 5344 216 5419 Plato
233 5351 427 5439 prudenter
442 5346 550 5431 dixit,
575 5371 654 5418 enm
672 5348 789 5417 virum
808 5359 946 5416 tantum
962 5348 1105 5419 beatum
1160 5345 1281 5414 venire
1310 5345 1507 5429 videretur,
1538 5346 1679 5415 nullum
1711 5345 1951 5436 reperiebam,
1983 5369 2047 5414 nec
2072 5365 2152 5434 per·

110 5469 206 5532 ease,
230 5451 293 5544 qui
316 5445 408 5520 hanc
431 5449 632 5521 doctrinam
655 5449 840 5536 didicerit,
866 5443 966 5521 hunc
989 5474 1106 5522 mores
1159 5447 1310 5539 vulgatis
1323 5448 1453 5517 addere
1465 5448 1603 5543 aliquid
1615 5446 1981 5540 splendorisdicendo
1996 5467 2153 5540 possum.

1170 3938 1338 4060 nee
1983 4028 2145 4059 w.

1402 4134 1528 4221 Laos
1554 4136 1676 4220 vitae
1704 4138 1911 4222 scholast.

1230 4312 1446 4438 'nd-limi&
1463 4315 1484 4371 l.
1506 4334 1532 4386 p.
1543 4316 1594 4369 466
1607 4334 1681 4386 sqq,
1705 4315 1780 4395 Sera.
1799 4315 1832 4372 T.
1846 4316 1865 4368 Ι.
1884 4333 1911 4387 p.
1923 4313 2002 4383 405„
2024 4312 2152 4370 Richard.

1289 4422 1297 4438 .
1322 4424 1328 4439 .
1347 4403 1373 4456 p.
1439 4423 1447 4439 .
