<?xml version="1.0" encoding="UTF-8"?>
<!DOCTYPE html PUBLIC "-//W3C//DTD XHTML 1.0 Transitional//EN"
    "http://www.w3.org/TR/xhtml1/DTD/xhtml1-transitional.dtd">
<html xmlns="http://www.w3.org/1999/xhtml" xml:lang="en" lang="en">
 <head>
  <title>
</title>
<meta http-equiv="Content-Type" content="text/html;charset=utf-8" />
  <meta name='ocr-system' content='tesseract 3.04.00' />
  <meta name='ocr-capabilities' content='ocr_page ocr_carea ocr_par ocr_line ocrx_word'/>
</head>
<body>
  <div class='ocr_page' id='page_1' title='image "./philippimelanth21melagoog/philippimelanth21melagoog_0250.png"; bbox 0 0 4732 6030; ppageno 0'>
   <div class='ocr_carea' id='block_1_1' title="bbox 20 5388 630 5492">
    <p class='ocr_par' dir='ltr' id='par_1_1' title="bbox 20 5388 630 5492">
     <span class='ocr_line' id='line_1_1' title="bbox 20 5388 630 5492; baseline 0.074 -49"><span class='ocrx_word' id='word_1_1' title='bbox 20 5432 31 5444; x_wconf 94' lang='lat'>.</span> <span class='ocrx_word' id='word_1_2' title='bbox 159 5388 317 5477; x_wconf 84' lang='lat' dir='ltr'><strong>captivae</strong></span> <span class='ocrx_word' id='word_1_3' title='bbox 342 5408 524 5492; x_wconf 87' lang='lat' dir='ltr'><strong>tenentur,</strong></span> <span class='ocrx_word' id='word_1_4' title='bbox 556 5414 630 5487; x_wconf 89' lang='lat' dir='ltr'><strong>nub</strong></span> 
     </span>
    </p>
   </div>
   <div class='ocr_carea' id='block_1_2' title="bbox 81 290 2195 386">
    <p class='ocr_par' dir='ltr' id='par_1_2' title="bbox 81 290 2195 386">
     <span class='ocr_line' id='line_1_2' title="bbox 81 290 2195 386; baseline -0.008 0"><span class='ocrx_word' id='word_1_5' title='bbox 81 324 83 328; x_wconf 84' lang='grc'><strong>’</strong></span> <span class='ocrx_word' id='word_1_6' title='bbox 163 310 240 386; x_wconf 78' lang='lat' dir='ltr'><strong>tra</strong></span> <span class='ocrx_word' id='word_1_7' title='bbox 718 301 878 380; x_wconf 81' lang='lat' dir='ltr'><strong>DECL.</strong></span> <span class='ocrx_word' id='word_1_8' title='bbox 910 302 986 377; x_wconf 84' lang='lat' dir='ltr'><strong>DE</strong></span> <span class='ocrx_word' id='word_1_9' title='bbox 1019 290 1301 376; x_wconf 81' lang='lat' dir='ltr'>GUELPHO</span> <span class='ocrx_word' id='word_1_10' title='bbox 1332 292 1491 372; x_wconf 83' lang='lat' dir='ltr'>DUCE</span> <span class='ocrx_word' id='word_1_11' title='bbox 1523 293 1651 372; x_wconf 83' lang='lat' dir='ltr'><strong>BAV.</strong></span> <span class='ocrx_word' id='word_1_12' title='bbox 2118 296 2195 372; x_wconf 81' lang='lat'><strong>474</strong></span> 
     </span>
    </p>
   </div>
   <div class='ocr_carea' id='block_1_3' title="bbox 156 467 2237 1689">
    <p class='ocr_par' dir='ltr' id='par_1_3' title="bbox 156 467 2237 1689">
     <span class='ocr_line' id='line_1_3' title="bbox 159 467 2191 562; baseline -0.007 -7"><span class='ocrx_word' id='word_1_13' title='bbox 159 476 331 555; x_wconf 78' lang='lat' dir='ltr'>mentium</span> <span class='ocrx_word' id='word_1_14' title='bbox 362 479 545 552; x_wconf 86' lang='lat' dir='ltr'><strong>exauditus</strong></span> <span class='ocrx_word' id='word_1_15' title='bbox 569 488 824 558; x_wconf 80' lang='lat' dir='ltr'><strong>consternasset</strong></span> <span class='ocrx_word' id='word_1_16' title='bbox 855 477 1043 560; x_wconf 80' lang='lat' dir='ltr'><strong>Senatum,</strong></span> <span class='ocrx_word' id='word_1_17' title='bbox 1080 467 1149 542; x_wconf 88' lang='lat' dir='ltr'><strong>boc</strong></span> <span class='ocrx_word' id='word_1_18' title='bbox 1200 470 1401 554; x_wconf 75' lang='lat' dir='ltr'><strong>existentes,</strong></span> <span class='ocrx_word' id='word_1_19' title='bbox 1431 492 1522 562; x_wconf 88' lang='lat' dir='ltr'><strong>quae</strong></span> <span class='ocrx_word' id='word_1_20' title='bbox 1544 468 1731 561; x_wconf 78' lang='lat' dir='ltr'>praecipue</span> <span class='ocrx_word' id='word_1_21' title='bbox 1757 481 1809 540; x_wconf 89' lang='lat' dir='ltr'><strong>est</strong></span> <span class='ocrx_word' id='word_1_22' title='bbox 1829 483 2005 562; x_wconf 87' lang='lat' dir='ltr'><strong>oportuna</strong></span> <span class='ocrx_word' id='word_1_23' title='bbox 2028 470 2191 541; x_wconf 87' lang='lat' dir='ltr'><strong>iniuriae.</strong></span> 
     </span>
     <span class='ocr_line' id='line_1_4' title="bbox 160 569 2189 677; baseline -0.006 -21"><span class='ocrx_word' id='word_1_24' title='bbox 160 607 316 677; x_wconf 87' lang='lat' dir='ltr'><strong>agamus,</strong></span> <span class='ocrx_word' id='word_1_25' title='bbox 341 583 477 676; x_wconf 92' lang='lat' dir='ltr'><strong>inquit,</strong></span> <span class='ocrx_word' id='word_1_26' title='bbox 503 579 542 651; x_wconf 88' lang='lat' dir='ltr'><strong>P.</strong></span> <span class='ocrx_word' id='word_1_27' title='bbox 553 576 596 654; x_wconf 82' lang='lat' dir='ltr'><strong>C.</strong></span> <span class='ocrx_word' id='word_1_28' title='bbox 621 582 761 670; x_wconf 79' lang='lat' dir='ltr'>pauculi</span> <span class='ocrx_word' id='word_1_29' title='bbox 782 581 939 651; x_wconf 84' lang='lat' dir='ltr'><strong>seditiosi</strong></span> <span class='ocrx_word' id='word_1_30' title='bbox 957 580 1043 648; x_wconf 85' lang='lat' dir='ltr'><strong>ioris</strong></span> <span class='ocrx_word' id='word_1_31' title='bbox 1068 600 1147 645; x_wconf 92' lang='lat' dir='ltr'><strong>meo</strong></span> <span class='ocrx_word' id='word_1_32' title='bbox 1199 570 1273 641; x_wconf 88' lang='lat' dir='ltr'><strong>Has</strong></span> <span class='ocrx_word' id='word_1_33' title='bbox 1296 572 1439 661; x_wconf 89' lang='lat' dir='ltr'><strong>igitnra</strong></span> <span class='ocrx_word' id='word_1_34' title='bbox 1457 585 1491 641; x_wconf 91' lang='lat' dir='ltr'><strong>te</strong></span> <span class='ocrx_word' id='word_1_35' title='bbox 1505 569 1582 641; x_wconf 85' lang='lat' dir='ltr'><strong>Rex</strong></span> <span class='ocrx_word' id='word_1_36' title='bbox 1597 585 1699 664; x_wconf 91' lang='lat' dir='ltr'><strong>peto,</strong></span> <span class='ocrx_word' id='word_1_37' title='bbox 1724 581 1764 642; x_wconf 89' lang='lat' dir='ltr'><strong>ut</strong></span> <span class='ocrx_word' id='word_1_38' title='bbox 1777 594 1833 642; x_wconf 88' lang='lat' dir='ltr'><strong>eas</strong></span> <span class='ocrx_word' id='word_1_39' title='bbox 1848 595 1925 642; x_wconf 87' lang='lat' dir='ltr'><strong>mea</strong></span> <span class='ocrx_word' id='word_1_40' title='bbox 1944 574 2093 664; x_wconf 90' lang='lat' dir='ltr'><strong>pecunia</strong></span> <span class='ocrx_word' id='word_1_41' title='bbox 2114 573 2189 645; x_wconf 87' lang='lat' dir='ltr'><strong>elo-</strong></span> 
     </span>
     <span class='ocr_line' id='line_1_5' title="bbox 160 672 2237 769; baseline -0.006 -12"><span class='ocrx_word' id='word_1_42' title='bbox 160 689 257 757; x_wconf 90' lang='lat' dir='ltr'><strong>iussu</strong></span> <span class='ocrx_word' id='word_1_43' title='bbox 270 684 542 757; x_wconf 81' lang='lat' dir='ltr'><strong>interficiuntur.</strong></span> <span class='ocrx_word' id='word_1_44' title='bbox 570 677 683 753; x_wconf 84' lang='lat' dir='ltr'><strong>Addit</strong></span> <span class='ocrx_word' id='word_1_45' title='bbox 697 683 897 753; x_wconf 86' lang='lat' dir='ltr'><strong>crudelitati</strong></span> <span class='ocrx_word' id='word_1_46' title='bbox 914 680 1149 762; x_wconf 81' lang='lat' dir='ltr'>mendacium,</span> <span class='ocrx_word' id='word_1_47' title='bbox 1199 697 1293 759; x_wconf 91' lang='lat' dir='ltr'><strong>cern,</strong></span> <span class='ocrx_word' id='word_1_48' title='bbox 1318 672 1466 766; x_wconf 91' lang='lat' dir='ltr'><strong>nequid</strong></span> <span class='ocrx_word' id='word_1_49' title='bbox 1485 687 1587 763; x_wconf 86' lang='lat' dir='ltr'><strong>turpe</strong></span> <span class='ocrx_word' id='word_1_50' title='bbox 1604 673 1869 762; x_wconf 88' lang='lat' dir='ltr'><strong>autiudignum</strong></span> <span class='ocrx_word' id='word_1_51' title='bbox 1885 674 1990 743; x_wconf 92' lang='lat' dir='ltr'><strong>nobis</strong></span> <span class='ocrx_word' id='word_1_52' title='bbox 2006 689 2110 768; x_wconf 92' lang='lat' dir='ltr'><strong>atque</strong></span> <span class='ocrx_word' id='word_1_53' title='bbox 2126 673 2188 745; x_wconf 87' lang='lat' dir='ltr'><strong>illu</strong></span> <span class='ocrx_word' id='word_1_54' title='bbox 2234 764 2237 769; x_wconf 27' lang='lat'><strong>,</strong></span> 
     </span>
     <span class='ocr_line' id='line_1_6' title="bbox 159 775 2190 878; baseline -0.004 -22"><span class='ocrx_word' id='word_1_55' title='bbox 159 788 226 857; x_wconf 92' lang='lat' dir='ltr'><strong>niai</strong></span> <span class='ocrx_word' id='word_1_56' title='bbox 247 787 337 857; x_wconf 83' lang='lat' dir='ltr'><strong>forte</strong></span> <span class='ocrx_word' id='word_1_57' title='bbox 359 785 461 877; x_wconf 89' lang='lat' dir='ltr'><strong>pauci</strong></span> <span class='ocrx_word' id='word_1_58' title='bbox 480 785 547 853; x_wconf 84' lang='lat' dir='ltr'><strong>visi</strong></span> <span class='ocrx_word' id='word_1_59' title='bbox 571 797 654 853; x_wconf 90' lang='lat' dir='ltr'><strong>sunt</strong></span> <span class='ocrx_word' id='word_1_60' title='bbox 676 798 847 878; x_wconf 75' lang='lat' dir='ltr'><strong>tyranno,</strong></span> <span class='ocrx_word' id='word_1_61' title='bbox 873 784 929 855; x_wconf 92' lang='lat' dir='ltr'><strong>cui</strong></span> <span class='ocrx_word' id='word_1_62' title='bbox 945 796 1147 876; x_wconf 80' lang='lat' dir='ltr'><strong>quenquam</strong></span> <span class='ocrx_word' id='word_1_63' title='bbox 1199 789 1343 865; x_wconf 91' lang='lat' dir='ltr'><strong>parente</strong></span> <span class='ocrx_word' id='word_1_64' title='bbox 1374 799 1438 845; x_wconf 93' lang='lat' dir='ltr'><strong>suo</strong></span> <span class='ocrx_word' id='word_1_65' title='bbox 1466 798 1528 866; x_wconf 85' lang='lat' dir='ltr'><strong>per</strong></span> <span class='ocrx_word' id='word_1_66' title='bbox 1554 775 1716 846; x_wconf 85' lang='lat' dir='ltr'><strong>lortnoae</strong></span> <span class='ocrx_word' id='word_1_67' title='bbox 1746 776 1970 869; x_wconf 91' lang='lat' dir='ltr'><strong>iniquitatem</strong></span> <span class='ocrx_word' id='word_1_68' title='bbox 1999 779 2190 867; x_wconf 86' lang='lat' dir='ltr'><strong>patiantur.</strong></span> 
     </span>
     <span class='ocr_line' id='line_1_7' title="bbox 157 874 2189 973; baseline -0.005 -14"><span class='ocrx_word' id='word_1_69' title='bbox 157 890 293 959; x_wconf 91' lang='lat' dir='ltr'><strong>bonum</strong></span> <span class='ocrx_word' id='word_1_70' title='bbox 315 883 432 957; x_wconf 88' lang='lat' dir='ltr'><strong>adhuc</strong></span> <span class='ocrx_word' id='word_1_71' title='bbox 452 884 570 955; x_wconf 84' lang='lat' dir='ltr'><strong>vivere</strong></span> <span class='ocrx_word' id='word_1_72' title='bbox 586 887 739 958; x_wconf 89' lang='lat' dir='ltr'><strong>dolebat.</strong></span> <span class='ocrx_word' id='word_1_73' title='bbox 791 882 1015 955; x_wconf 88' lang='lat' dir='ltr'><strong>Theodosius</strong></span> <span class='ocrx_word' id='word_1_74' title='bbox 1034 882 1148 973; x_wconf 91' lang='lat' dir='ltr'><strong>lmpe-</strong></span> <span class='ocrx_word' id='word_1_75' title='bbox 1199 874 1274 947; x_wconf 88' lang='lat' dir='ltr'><strong>Alii</strong></span> <span class='ocrx_word' id='word_1_76' title='bbox 1298 878 1395 970; x_wconf 88' lang='lat' dir='ltr'><strong>quod</strong></span> <span class='ocrx_word' id='word_1_77' title='bbox 1417 877 1486 947; x_wconf 89' lang='lat' dir='ltr'><strong>sibi</strong></span> <span class='ocrx_word' id='word_1_78' title='bbox 1514 876 1614 947; x_wconf 90' lang='lat' dir='ltr'><strong>lucro</strong></span> <span class='ocrx_word' id='word_1_79' title='bbox 1638 877 1799 949; x_wconf 87' lang='lat' dir='ltr'><strong>arbitrati</strong></span> <span class='ocrx_word' id='word_1_80' title='bbox 1822 890 1905 950; x_wconf 91' lang='lat' dir='ltr'><strong>sunt</strong></span> <span class='ocrx_word' id='word_1_81' title='bbox 1926 880 2019 963; x_wconf 84' lang='lat' dir='ltr'><strong>lore,</strong></span> <span class='ocrx_word' id='word_1_82' title='bbox 2054 876 2090 947; x_wconf 89' lang='lat' dir='ltr'><strong>id</strong></span> <span class='ocrx_word' id='word_1_83' title='bbox 2113 901 2134 948; x_wconf 89' lang='lat' dir='ltr'><strong>a</strong></span> <span class='ocrx_word' id='word_1_84' title='bbox 2155 891 2189 951; x_wconf 90' lang='lat' dir='ltr'><strong>te</strong></span> 
     </span>
     <span class='ocr_line' id='line_1_8' title="bbox 158 978 2190 1080; baseline -0.005 -19"><span class='ocrx_word' id='word_1_85' title='bbox 158 1004 267 1075; x_wconf 88' lang='lat' dir='ltr'><strong>rator,</strong></span> <span class='ocrx_word' id='word_1_86' title='bbox 292 992 340 1059; x_wconf 92' lang='lat' dir='ltr'><strong>ob</strong></span> <span class='ocrx_word' id='word_1_87' title='bbox 358 989 465 1058; x_wconf 90' lang='lat' dir='ltr'><strong>unius</strong></span> <span class='ocrx_word' id='word_1_88' title='bbox 481 987 619 1080; x_wconf 87' lang='lat' dir='ltr'><strong>equitis,</strong></span> <span class='ocrx_word' id='word_1_89' title='bbox 645 1010 708 1056; x_wconf 92' lang='lat' dir='ltr'><strong>nec</strong></span> <span class='ocrx_word' id='word_1_90' title='bbox 724 988 871 1057; x_wconf 90' lang='lat' dir='ltr'><strong>omnino</strong></span> <span class='ocrx_word' id='word_1_91' title='bbox 890 989 1020 1057; x_wconf 93' lang='lat' dir='ltr'><strong>iniuste</strong></span> <span class='ocrx_word' id='word_1_92' title='bbox 1035 987 1148 1054; x_wconf 90' lang='lat' dir='ltr'><strong>inter·</strong></span> <span class='ocrx_word' id='word_1_93' title='bbox 1199 991 1381 1069; x_wconf 89' lang='lat' dir='ltr'><strong>optarunt,</strong></span> <span class='ocrx_word' id='word_1_94' title='bbox 1408 991 1441 1048; x_wconf 92' lang='lat' dir='ltr'><strong>et</strong></span> <span class='ocrx_word' id='word_1_95' title='bbox 1456 991 1615 1070; x_wconf 92' lang='lat' dir='ltr'><strong>optatum</strong></span> <span class='ocrx_word' id='word_1_96' title='bbox 1631 980 1869 1051; x_wconf 87' lang='lat' dir='ltr'><strong>abstulerunt:</strong></span> <span class='ocrx_word' id='word_1_97' title='bbox 1896 1002 1959 1070; x_wconf 89' lang='lat' dir='ltr'><strong>ego</strong></span> <span class='ocrx_word' id='word_1_98' title='bbox 1975 978 2190 1072; x_wconf 89' lang='lat' dir='ltr'><strong>siimpetra·</strong></span> 
     </span>
     <span class='ocr_line' id='line_1_9' title="bbox 156 1077 2190 1179; baseline -0.006 -18"><span class='ocrx_word' id='word_1_99' title='bbox 156 1092 239 1163; x_wconf 82' lang='lat' dir='ltr'><strong>lecti</strong></span> <span class='ocrx_word' id='word_1_100' title='bbox 256 1114 388 1173; x_wconf 87' lang='lat' dir='ltr'><strong>necem,</strong></span> <span class='ocrx_word' id='word_1_101' title='bbox 404 1103 535 1179; x_wconf 85' lang='lat' dir='ltr'><strong>septem</strong></span> <span class='ocrx_word' id='word_1_102' title='bbox 552 1083 738 1158; x_wconf 89' lang='lat' dir='ltr'><strong>hominum</strong></span> <span class='ocrx_word' id='word_1_103' title='bbox 754 1089 867 1158; x_wconf 90' lang='lat' dir='ltr'><strong>millia</strong></span> <span class='ocrx_word' id='word_1_104' title='bbox 885 1091 923 1158; x_wconf 91' lang='lat' dir='ltr'><strong>in</strong></span> <span class='ocrx_word' id='word_1_105' title='bbox 938 1082 1149 1159; x_wconf 88' lang='lat' dir='ltr'><strong>urbeTbes-</strong></span> <span class='ocrx_word' id='word_1_106' title='bbox 1199 1103 1283 1150; x_wconf 81' lang='lat' dir='ltr'><strong>vero</strong></span> <span class='ocrx_word' id='word_1_107' title='bbox 1301 1082 1432 1165; x_wconf 90' lang='lat' dir='ltr'><strong>dotem,</strong></span> <span class='ocrx_word' id='word_1_108' title='bbox 1456 1080 1602 1172; x_wconf 86' lang='lat' dir='ltr'><strong>insuper</strong></span> <span class='ocrx_word' id='word_1_109' title='bbox 1615 1083 1660 1151; x_wconf 92' lang='lat' dir='ltr'><strong>de</strong></span> <span class='ocrx_word' id='word_1_110' title='bbox 1675 1104 1755 1152; x_wconf 91' lang='lat' dir='ltr'><strong>meo</strong></span> <span class='ocrx_word' id='word_1_111' title='bbox 1773 1081 1956 1164; x_wconf 82' lang='lat' dir='ltr'><strong>addidero,</strong></span> <span class='ocrx_word' id='word_1_112' title='bbox 1978 1077 2069 1151; x_wconf 89' lang='lat' dir='ltr'><strong>hanc</strong></span> <span class='ocrx_word' id='word_1_113' title='bbox 2084 1081 2190 1150; x_wconf 88' lang='lat' dir='ltr'><strong>fidem</strong></span> 
     </span>
     <span class='ocr_line' id='line_1_10' title="bbox 157 1182 2191 1280; baseline -0.005 -17"><span class='ocrx_word' id='word_1_114' title='bbox 157 1193 312 1263; x_wconf 88' lang='lat' dir='ltr'><strong>salonica</strong></span> <span class='ocrx_word' id='word_1_115' title='bbox 339 1190 577 1261; x_wconf 86' lang='lat' dir='ltr'><strong>contrucidari</strong></span> <span class='ocrx_word' id='word_1_116' title='bbox 612 1188 724 1262; x_wconf 87' lang='lat' dir='ltr'><strong>iussit.</strong></span> <span class='ocrx_word' id='word_1_117' title='bbox 782 1188 898 1280; x_wconf 85' lang='lat' dir='ltr'><strong>Quem</strong></span> <span class='ocrx_word' id='word_1_118' title='bbox 925 1216 1005 1261; x_wconf 92' lang='lat' dir='ltr'><strong>cum</strong></span> <span class='ocrx_word' id='word_1_119' title='bbox 1037 1186 1085 1259; x_wconf 89' lang='lat' dir='ltr'><strong>ub</strong></span> <span class='ocrx_word' id='word_1_120' title='bbox 1111 1188 1148 1256; x_wconf 91' lang='lat' dir='ltr'><strong>id</strong></span> <span class='ocrx_word' id='word_1_121' title='bbox 1198 1183 1391 1252; x_wconf 85' lang='lat' dir='ltr'><strong>memoriae</strong></span> <span class='ocrx_word' id='word_1_122' title='bbox 1410 1182 1553 1252; x_wconf 84' lang='lat' dir='ltr'><strong>extincti</strong></span> <span class='ocrx_word' id='word_1_123' title='bbox 1570 1182 1692 1269; x_wconf 91' lang='lat' dir='ltr'><strong>amici,</strong></span> <span class='ocrx_word' id='word_1_124' title='bbox 1715 1198 1748 1256; x_wconf 93' lang='lat' dir='ltr'><strong>et</strong></span> <span class='ocrx_word' id='word_1_125' title='bbox 1769 1184 1902 1255; x_wconf 88' lang='lat' dir='ltr'><strong>relictis</strong></span> <span class='ocrx_word' id='word_1_126' title='bbox 1917 1185 1962 1254; x_wconf 90' lang='lat' dir='ltr'><strong>ab</strong></span> <span class='ocrx_word' id='word_1_127' title='bbox 1980 1208 2021 1253; x_wconf 91' lang='lat' dir='ltr'><strong>eo</strong></span> <span class='ocrx_word' id='word_1_128' title='bbox 2038 1182 2191 1267; x_wconf 83' lang='lat' dir='ltr'><strong>filiabus,</strong></span> 
     </span>
     <span class='ocr_line' id='line_1_11' title="bbox 157 1280 2188 1376; baseline -0.004 -12"><span class='ocrx_word' id='word_1_129' title='bbox 157 1296 289 1364; x_wconf 81' lang='lat' dir='ltr'><strong>iactum</strong></span> <span class='ocrx_word' id='word_1_130' title='bbox 303 1288 624 1362; x_wconf 86' lang='lat' dir='ltr'><strong>divusAmbrosius</strong></span> <span class='ocrx_word' id='word_1_131' title='bbox 640 1293 983 1376; x_wconf 87' lang='lat' dir='ltr'><strong>excommunicasset,</strong></span> <span class='ocrx_word' id='word_1_132' title='bbox 1005 1292 1147 1362; x_wconf 89' lang='lat' dir='ltr'><strong>tandem</strong></span> <span class='ocrx_word' id='word_1_133' title='bbox 1200 1285 1328 1353; x_wconf 91' lang='lat' dir='ltr'><strong>debere</strong></span> <span class='ocrx_word' id='word_1_134' title='bbox 1344 1306 1399 1351; x_wconf 90' lang='lat' dir='ltr'><strong>me</strong></span> <span class='ocrx_word' id='word_1_135' title='bbox 1415 1283 1629 1353; x_wconf 81' lang='lat' dir='ltr'><strong>existimans.</strong></span> <span class='ocrx_word' id='word_1_136' title='bbox 1676 1281 1734 1354; x_wconf 87' lang='lat' dir='ltr'><strong>Ad</strong></span> <span class='ocrx_word' id='word_1_137' title='bbox 1751 1280 1847 1356; x_wconf 90' lang='lat' dir='ltr'><strong>hunc</strong></span> <span class='ocrx_word' id='word_1_138' title='bbox 1862 1309 2061 1356; x_wconf 87' lang='lat' dir='ltr'><strong>sermonem</strong></span> <span class='ocrx_word' id='word_1_139' title='bbox 2075 1306 2095 1355; x_wconf 89' lang='lat' dir='ltr'><strong>a</strong></span> <span class='ocrx_word' id='word_1_140' title='bbox 2113 1297 2188 1356; x_wconf 91' lang='lat' dir='ltr'><strong>toto</strong></span> 
     </span>
     <span class='ocr_line' id='line_1_12' title="bbox 157 1384 2190 1486; baseline -0.005 -21"><span class='ocrx_word' id='word_1_141' title='bbox 157 1398 203 1465; x_wconf 90' lang='lat' dir='ltr'><strong>ad</strong></span> <span class='ocrx_word' id='word_1_142' title='bbox 220 1417 348 1484; x_wconf 91' lang='lat' dir='ltr'><strong>corpus</strong></span> <span class='ocrx_word' id='word_1_143' title='bbox 365 1390 543 1462; x_wconf 76' lang='lat' dir='ltr'><strong>Ecclesiae</strong></span> <span class='ocrx_word' id='word_1_144' title='bbox 558 1393 686 1462; x_wconf 91' lang='lat' dir='ltr'><strong>iterum</strong></span> <span class='ocrx_word' id='word_1_145' title='bbox 702 1407 864 1485; x_wconf 89' lang='lat' dir='ltr'><strong>recepto,</strong></span> <span class='ocrx_word' id='word_1_146' title='bbox 889 1388 981 1464; x_wconf 89' lang='lat' dir='ltr'><strong>hanc</strong></span> <span class='ocrx_word' id='word_1_147' title='bbox 997 1413 1148 1486; x_wconf 89' lang='lat' dir='ltr'><strong>poenam</strong></span> <span class='ocrx_word' id='word_1_148' title='bbox 1199 1384 1364 1455; x_wconf 90' lang='lat' dir='ltr'><strong>convivio</strong></span> <span class='ocrx_word' id='word_1_149' title='bbox 1385 1386 1530 1477; x_wconf 87' lang='lat' dir='ltr'><strong>plausus</strong></span> <span class='ocrx_word' id='word_1_150' title='bbox 1549 1407 1629 1454; x_wconf 88' lang='lat' dir='ltr'><strong>curn</strong></span> <span class='ocrx_word' id='word_1_151' title='bbox 1658 1387 1913 1477; x_wconf 85' lang='lat' dir='ltr'><strong>approbatione</strong></span> <span class='ocrx_word' id='word_1_152' title='bbox 1935 1387 2105 1459; x_wconf 85' lang='lat' dir='ltr'><strong>excitatus</strong></span> <span class='ocrx_word' id='word_1_153' title='bbox 2127 1399 2190 1467; x_wconf 88' lang='lat' dir='ltr'><strong>est,</strong></span> 
     </span>
     <span class='ocr_line' id='line_1_13' title="bbox 159 1480 2191 1588; baseline -0 -30"><span class='ocrx_word' id='word_1_154' title='bbox 159 1496 345 1588; x_wconf 75' lang='lat' dir='ltr'><strong>imposuit,</strong></span> <span class='ocrx_word' id='word_1_155' title='bbox 383 1507 425 1565; x_wconf 89' lang='lat' dir='ltr'><strong>ut</strong></span> <span class='ocrx_word' id='word_1_156' title='bbox 450 1494 730 1588; x_wconf 72' lang='lat' dir='ltr'><strong>quotiescunque</strong></span> <span class='ocrx_word' id='word_1_157' title='bbox 762 1517 799 1563; x_wconf 82' lang='lat' dir='ltr'><strong>se</strong></span> <span class='ocrx_word' id='word_1_158' title='bbox 826 1494 956 1566; x_wconf 77' lang='lat' dir='ltr'><strong>iratum</strong></span> <span class='ocrx_word' id='word_1_159' title='bbox 991 1493 1148 1572; x_wconf 74' lang='lat' dir='ltr'><strong>sentiret,</strong></span> <span class='ocrx_word' id='word_1_160' title='bbox 1200 1487 1384 1579; x_wconf 86' lang='lat' dir='ltr'><strong>victusque</strong></span> <span class='ocrx_word' id='word_1_161' title='bbox 1410 1480 1598 1577; x_wconf 85' lang='lat' dir='ltr'><strong>Philippus</strong></span> <span class='ocrx_word' id='word_1_162' title='bbox 1620 1485 1722 1558; x_wconf 89' lang='lat' dir='ltr'><strong>iussit</strong></span> <span class='ocrx_word' id='word_1_163' title='bbox 1748 1489 1882 1578; x_wconf 90' lang='lat' dir='ltr'><strong>puellas</strong></span> <span class='ocrx_word' id='word_1_164' title='bbox 1901 1487 2028 1583; x_wconf 88' lang='lat' dir='ltr'><strong>Satyro</strong></span> <span class='ocrx_word' id='word_1_165' title='bbox 2049 1489 2191 1572; x_wconf 90' lang='lat' dir='ltr'><strong>adduci,</strong></span> 
     </span>
     <span class='ocr_line' id='line_1_14' title="bbox 158 1585 2191 1689; baseline -0.003 -22"><span class='ocrx_word' id='word_1_166' title='bbox 158 1598 300 1668; x_wconf 90' lang='lat' dir='ltr'><strong>nullum</strong></span> <span class='ocrx_word' id='word_1_167' title='bbox 315 1596 462 1666; x_wconf 84' lang='lat' dir='ltr'><strong>verbum</strong></span> <span class='ocrx_word' id='word_1_168' title='bbox 483 1596 582 1687; x_wconf 91' lang='lat' dir='ltr'><strong>prius</strong></span> <span class='ocrx_word' id='word_1_169' title='bbox 597 1619 704 1689; x_wconf 90' lang='lat' dir='ltr'><strong>qnam</strong></span> <span class='ocrx_word' id='word_1_170' title='bbox 726 1592 954 1688; x_wconf 85' lang='lat' dir='ltr'><strong>alphabetum</strong></span> <span class='ocrx_word' id='word_1_171' title='bbox 969 1594 1147 1666; x_wconf 90' lang='lat' dir='ltr'><strong>Graecum</strong></span> <span class='ocrx_word' id='word_1_172' title='bbox 1200 1603 1305 1681; x_wconf 87' lang='lat' dir='ltr'><strong>atque</strong></span> <span class='ocrx_word' id='word_1_173' title='bbox 1321 1590 1359 1655; x_wconf 94' lang='lat' dir='ltr'><strong>in</strong></span> <span class='ocrx_word' id='word_1_174' title='bbox 1373 1611 1499 1657; x_wconf 89' lang='lat' dir='ltr'><strong>manus</strong></span> <span class='ocrx_word' id='word_1_175' title='bbox 1517 1588 1628 1673; x_wconf 90' lang='lat' dir='ltr'><strong>tradi,</strong></span> <span class='ocrx_word' id='word_1_176' title='bbox 1652 1589 1847 1659; x_wconf 89' lang='lat' dir='ltr'><strong>admiratus</strong></span> <span class='ocrx_word' id='word_1_177' title='bbox 1862 1585 2019 1660; x_wconf 91' lang='lat' dir='ltr'><strong>hominis</strong></span> <span class='ocrx_word' id='word_1_178' title='bbox 2032 1590 2139 1661; x_wconf 85' lang='lat' dir='ltr'><strong>fidem</strong></span> <span class='ocrx_word' id='word_1_179' title='bbox 2154 1601 2191 1661; x_wconf 88' lang='lat' dir='ltr'><strong>et</strong></span> 
     </span>
    </p>
   </div>
   <div class='ocr_carea' id='block_1_4' title="bbox 157 1675 2316 1792">
    <p class='ocr_par' dir='ltr' id='par_1_4' title="bbox 157 1675 2316 1792">
     <span class='ocr_line' id='line_1_15' title="bbox 157 1675 2316 1792; baseline -0.002 -23"><span class='ocrx_word' id='word_1_180' title='bbox 157 1700 284 1769; x_wconf 91' lang='lat' dir='ltr'><strong>ordine</strong></span> <span class='ocrx_word' id='word_1_181' title='bbox 296 1696 536 1778; x_wconf 88' lang='lat' dir='ltr'><strong>recensuisset,</strong></span> <span class='ocrx_word' id='word_1_182' title='bbox 558 1699 840 1792; x_wconf 88' lang='lat' dir='ltr'><strong>proloqueretur,</strong></span> <span class='ocrx_word' id='word_1_183' title='bbox 864 1699 1024 1772; x_wconf 88' lang='lat' dir='ltr'><strong>futurum</strong></span> <span class='ocrx_word' id='word_1_184' title='bbox 1041 1713 1149 1782; x_wconf 90' lang='lat' dir='ltr'><strong>ratus,</strong></span> <span class='ocrx_word' id='word_1_185' title='bbox 1199 1692 1236 1761; x_wconf 88' lang='lat' dir='ltr'><strong>iu</strong></span> <span class='ocrx_word' id='word_1_186' title='bbox 1253 1691 1401 1761; x_wconf 87' lang='lat' dir='ltr'><strong>colenda</strong></span> <span class='ocrx_word' id='word_1_187' title='bbox 1416 1675 1570 1767; x_wconf 74' lang='lat' dir='ltr'><strong>amicitia</strong></span> <span class='ocrx_word' id='word_1_188' title='bbox 1584 1691 1835 1777; x_wconf 72' lang='lat' dir='ltr'><strong>constantiam,</strong></span> <span class='ocrx_word' id='word_1_189' title='bbox 1861 1705 1895 1762; x_wconf 85' lang='lat' dir='ltr'><strong>et</strong></span> <span class='ocrx_word' id='word_1_190' title='bbox 1912 1691 2056 1782; x_wconf 78' lang='lat' dir='ltr'><strong>insuper</strong></span> <span class='ocrx_word' id='word_1_191' title='bbox 2069 1694 2190 1763; x_wconf 82' lang='lat' dir='ltr'><strong>dotem</strong></span> <span class='ocrx_word' id='word_1_192' title='bbox 2313 1698 2316 1703; x_wconf 80' lang='grc'><strong>’</strong></span> 
     </span>
    </p>
   </div>
   <div class='ocr_carea' id='block_1_5' title="bbox 85 1787 2212 4926">
    <p class='ocr_par' dir='ltr' id='par_1_5' title="bbox 85 1787 2212 4926">
     <span class='ocr_line' id='line_1_16' title="bbox 157 1787 2192 1893; baseline -0.001 -25"><span class='ocrx_word' id='word_1_193' title='bbox 157 1813 197 1869; x_wconf 93' lang='lat' dir='ltr'><strong>ut</strong></span> <span class='ocrx_word' id='word_1_194' title='bbox 215 1795 282 1870; x_wconf 88' lang='lat' dir='ltr'><strong>bac</strong></span> <span class='ocrx_word' id='word_1_195' title='bbox 312 1797 663 1890; x_wconf 80' lang='lat' dir='ltr'><strong>morainterposita,</strong></span> <span class='ocrx_word' id='word_1_196' title='bbox 697 1800 811 1893; x_wconf 91' lang='lat' dir='ltr'><strong>prima</strong></span> <span class='ocrx_word' id='word_1_197' title='bbox 840 1803 974 1872; x_wconf 88' lang='lat' dir='ltr'><strong>rabiosi</strong></span> <span class='ocrx_word' id='word_1_198' title='bbox 1003 1801 1147 1872; x_wconf 80' lang='lat' dir='ltr'><strong>affectus</strong></span> <span class='ocrx_word' id='word_1_199' title='bbox 1199 1792 1296 1880; x_wconf 82' lang='lat' dir='ltr'><strong>Rege</strong></span> <span class='ocrx_word' id='word_1_200' title='bbox 1317 1794 1461 1880; x_wconf 89' lang='lat' dir='ltr'><strong>dignam</strong></span> <span class='ocrx_word' id='word_1_201' title='bbox 1487 1793 1627 1865; x_wconf 89' lang='lat' dir='ltr'><strong>adiecit.</strong></span> <span class='ocrx_word' id='word_1_202' title='bbox 1686 1790 1764 1865; x_wconf 81' lang='lat' dir='ltr'><strong>Etsi</strong></span> <span class='ocrx_word' id='word_1_203' title='bbox 1788 1787 2031 1888; x_wconf 81' lang='lat' dir='ltr'><strong>Apollophani</strong></span> <span class='ocrx_word' id='word_1_204' title='bbox 2060 1791 2192 1865; x_wconf 79' lang='lat' dir='ltr'><strong>actori</strong></span> 
     </span>
     <span class='ocr_line' id='line_1_17' title="bbox 157 1892 2191 1984; baseline 0 -19"><span class='ocrx_word' id='word_1_205' title='bbox 157 1900 326 1971; x_wconf 85' lang='lat' dir='ltr'><strong>violentia</strong></span> <span class='ocrx_word' id='word_1_206' title='bbox 352 1892 521 1969; x_wconf 89' lang='lat' dir='ltr'><strong>nonnihil</strong></span> <span class='ocrx_word' id='word_1_207' title='bbox 542 1901 811 1981; x_wconf 77' lang='lat' dir='ltr'><strong>defervesceret,</strong></span> <span class='ocrx_word' id='word_1_208' title='bbox 838 1913 872 1971; x_wconf 82' lang='lat' dir='ltr'><strong>et</strong></span> <span class='ocrx_word' id='word_1_209' title='bbox 895 1903 1068 1972; x_wconf 75' lang='lat' dir='ltr'><strong>memoria</strong></span> <span class='ocrx_word' id='word_1_210' title='bbox 1083 1903 1149 1970; x_wconf 76' lang='lat' dir='ltr'><strong>sd·</strong></span> <span class='ocrx_word' id='word_1_211' title='bbox 1198 1894 1353 1963; x_wconf 87' lang='lat' dir='ltr'><strong>familiae</strong></span> <span class='ocrx_word' id='word_1_212' title='bbox 1371 1894 1482 1984; x_wconf 88' lang='lat' dir='ltr'><strong>ipsius</strong></span> <span class='ocrx_word' id='word_1_213' title='bbox 1499 1917 1572 1963; x_wconf 91' lang='lat' dir='ltr'><strong>non</strong></span> <span class='ocrx_word' id='word_1_214' title='bbox 1594 1895 1771 1968; x_wconf 88' lang='lat' dir='ltr'><strong>immerito</strong></span> <span class='ocrx_word' id='word_1_215' title='bbox 1789 1897 2024 1983; x_wconf 88' lang='lat' dir='ltr'><strong>irascebatur,</strong></span> <span class='ocrx_word' id='word_1_216' title='bbox 2048 1898 2078 1966; x_wconf 89' lang='lat' dir='ltr'><strong>is</strong></span> <span class='ocrx_word' id='word_1_217' title='bbox 2094 1892 2191 1966; x_wconf 87' lang='lat' dir='ltr'><strong>enim</strong></span> 
     </span>
     <span class='ocr_line' id='line_1_18' title="bbox 156 1993 2190 2095; baseline -0.002 -25"><span class='ocrx_word' id='word_1_218' title='bbox 156 2002 255 2071; x_wconf 86' lang='lat' dir='ltr'><strong>missi</strong></span> <span class='ocrx_word' id='word_1_219' title='bbox 269 2025 332 2092; x_wconf 86' lang='lat' dir='ltr'><strong>per</strong></span> <span class='ocrx_word' id='word_1_220' title='bbox 347 2000 435 2070; x_wconf 89' lang='lat' dir='ltr'><strong>iram</strong></span> <span class='ocrx_word' id='word_1_221' title='bbox 452 2000 605 2069; x_wconf 88' lang='lat' dir='ltr'><strong>crudelis</strong></span> <span class='ocrx_word' id='word_1_222' title='bbox 618 2002 805 2087; x_wconf 85' lang='lat' dir='ltr'><strong>facinoris,</strong></span> <span class='ocrx_word' id='word_1_223' title='bbox 830 2026 895 2094; x_wconf 92' lang='lat' dir='ltr'><strong>per</strong></span> <span class='ocrx_word' id='word_1_224' title='bbox 914 2001 1148 2095; x_wconf 87' lang='lat' dir='ltr'><strong>iram-patrati</strong></span> <span class='ocrx_word' id='word_1_225' title='bbox 1200 2019 1240 2063; x_wconf 92' lang='lat' dir='ltr'><strong>ex</strong></span> <span class='ocrx_word' id='word_1_226' title='bbox 1256 1994 1450 2064; x_wconf 92' lang='lat' dir='ltr'><strong>coniuratis</strong></span> <span class='ocrx_word' id='word_1_227' title='bbox 1463 2018 1556 2065; x_wconf 91' lang='lat' dir='ltr'><strong>unus</strong></span> <span class='ocrx_word' id='word_1_228' title='bbox 1569 1998 1695 2081; x_wconf 84' lang='lat' dir='ltr'><strong>fuerat,</strong></span> <span class='ocrx_word' id='word_1_229' title='bbox 1716 1996 1877 2091; x_wconf 91' lang='lat' dir='ltr'><strong>aquibus</strong></span> <span class='ocrx_word' id='word_1_230' title='bbox 1888 2000 2088 2069; x_wconf 78' lang='lat' dir='ltr'><strong>Alexander</strong></span> <span class='ocrx_word' id='word_1_231' title='bbox 2101 1993 2190 2068; x_wconf 83' lang='lat' dir='ltr'><strong>Phi-</strong></span> 
     </span>
     <span class='ocr_line' id='line_1_19' title="bbox 157 2096 2198 2188; baseline 0 -18"><span class='ocrx_word' id='word_1_232' title='bbox 157 2102 296 2186; x_wconf 90' lang='lat' dir='ltr'><strong>delicti‚</strong></span> <span class='ocrx_word' id='word_1_233' title='bbox 321 2101 440 2170; x_wconf 91' lang='lat' dir='ltr'><strong>animo</strong></span> <span class='ocrx_word' id='word_1_234' title='bbox 456 2101 618 2186; x_wconf 87' lang='lat' dir='ltr'><strong>subiens,</strong></span> <span class='ocrx_word' id='word_1_235' title='bbox 641 2104 686 2171; x_wconf 89' lang='lat' dir='ltr'><strong>ad</strong></span> <span class='ocrx_word' id='word_1_236' title='bbox 698 2102 873 2172; x_wconf 89' lang='lat' dir='ltr'><strong>saniorem</strong></span> <span class='ocrx_word' id='word_1_237' title='bbox 890 2117 1044 2176; x_wconf 88' lang='lat' dir='ltr'><strong>mentem</strong></span> <span class='ocrx_word' id='word_1_238' title='bbox 1067 2126 1148 2174; x_wconf 91' lang='lat' dir='ltr'><strong>eum</strong></span> <span class='ocrx_word' id='word_1_239' title='bbox 1200 2096 1289 2187; x_wconf 90' lang='lat' dir='ltr'><strong>lippi</strong></span> <span class='ocrx_word' id='word_1_240' title='bbox 1310 2098 1418 2165; x_wconf 84' lang='lat' dir='ltr'><strong>frater</strong></span> <span class='ocrx_word' id='word_1_241' title='bbox 1432 2121 1495 2188; x_wconf 90' lang='lat' dir='ltr'><strong>per</strong></span> <span class='ocrx_word' id='word_1_242' title='bbox 1515 2097 1662 2168; x_wconf 87' lang='lat' dir='ltr'><strong>insidias</strong></span> <span class='ocrx_word' id='word_1_243' title='bbox 1683 2099 1887 2171; x_wconf 83' lang='lat' dir='ltr'><strong>inter-lectus</strong></span> <span class='ocrx_word' id='word_1_244' title='bbox 1900 2101 2032 2183; x_wconf 85' lang='lat' dir='ltr'><strong>fuerat,</strong></span> <span class='ocrx_word' id='word_1_245' title='bbox 2056 2101 2198 2170; x_wconf 82' lang='lat' dir='ltr'><strong>condo-&#39;</strong></span> 
     </span>
     <span class='ocr_line' id='line_1_20' title="bbox 157 2198 2192 2295; baseline 0.001 -23"><span class='ocrx_word' id='word_1_246' title='bbox 157 2217 191 2274; x_wconf 92' lang='lat' dir='ltr'><strong>et</strong></span> <span class='ocrx_word' id='word_1_247' title='bbox 206 2203 477 2295; x_wconf 88' lang='lat' dir='ltr'><strong>placabilitatem</strong></span> <span class='ocrx_word' id='word_1_248' title='bbox 493 2215 681 2273; x_wconf 84' lang='lat' dir='ltr'><strong>revocaret.</strong></span> <span class='ocrx_word' id='word_1_249' title='bbox 732 2201 812 2274; x_wconf 89' lang='lat' dir='ltr'><strong>Hoc</strong></span> <span class='ocrx_word' id='word_1_250' title='bbox 827 2207 983 2275; x_wconf 88' lang='lat' dir='ltr'><strong>remedio</strong></span> <span class='ocrx_word' id='word_1_251' title='bbox 999 2228 1082 2276; x_wconf 75' lang='lat' dir='ltr'><strong>ustas</strong></span> <span class='ocrx_word' id='word_1_252' title='bbox 1097 2217 1148 2274; x_wconf 90' lang='lat' dir='ltr'><strong>est</strong></span> <span class='ocrx_word' id='word_1_253' title='bbox 1198 2198 1297 2267; x_wconf 77' lang='lat' dir='ltr'><strong>navit</strong></span> <span class='ocrx_word' id='word_1_254' title='bbox 1317 2212 1436 2267; x_wconf 80' lang='lat' dir='ltr'><strong>tamen</strong></span> <span class='ocrx_word' id='word_1_255' title='bbox 1460 2200 1567 2285; x_wconf 77' lang='lat' dir='ltr'><strong>iram,</strong></span> <span class='ocrx_word' id='word_1_256' title='bbox 1602 2223 1642 2270; x_wconf 85' lang='lat' dir='ltr'><strong>ac</strong></span> <span class='ocrx_word' id='word_1_257' title='bbox 1665 2201 1722 2272; x_wconf 88' lang='lat' dir='ltr'><strong>ius</strong></span> <span class='ocrx_word' id='word_1_258' title='bbox 1741 2225 1844 2273; x_wconf 88' lang='lat' dir='ltr'><strong>auum</strong></span> <span class='ocrx_word' id='word_1_259' title='bbox 1865 2203 1905 2273; x_wconf 91' lang='lat' dir='ltr'><strong>in</strong></span> <span class='ocrx_word' id='word_1_260' title='bbox 1926 2216 2045 2295; x_wconf 89' lang='lat' dir='ltr'><strong>captas</strong></span> <span class='ocrx_word' id='word_1_261' title='bbox 2069 2202 2192 2294; x_wconf 88' lang='lat' dir='ltr'><strong>pietati</strong></span> 
     </span>
     <span class='ocr_line' id='line_1_21' title="bbox 158 2298 2191 2394; baseline 0.003 -21"><span class='ocrx_word' id='word_1_262' title='bbox 158 2306 261 2374; x_wconf 87' lang='lat' dir='ltr'><strong>divus</strong></span> <span class='ocrx_word' id='word_1_263' title='bbox 289 2302 502 2372; x_wconf 86' lang='lat' dir='ltr'><strong>Ambrosius</strong></span> <span class='ocrx_word' id='word_1_264' title='bbox 532 2304 577 2372; x_wconf 92' lang='lat' dir='ltr'><strong>ad</strong></span> <span class='ocrx_word' id='word_1_265' title='bbox 606 2305 804 2373; x_wconf 91' lang='lat' dir='ltr'><strong>sanandum</strong></span> <span class='ocrx_word' id='word_1_266' title='bbox 833 2307 1001 2377; x_wconf 89' lang='lat' dir='ltr'><strong>morbum</strong></span> <span class='ocrx_word' id='word_1_267' title='bbox 1027 2303 1148 2376; x_wconf 76' lang='lat' dir='ltr'><strong>&#39;l&#39;beo-</strong></span> <span class='ocrx_word' id='word_1_268' title='bbox 1199 2298 1337 2392; x_wconf 85' lang='lat' dir='ltr'><strong>Satyri,</strong></span> <span class='ocrx_word' id='word_1_269' title='bbox 1368 2313 1473 2391; x_wconf 91' lang='lat' dir='ltr'><strong>atque</strong></span> <span class='ocrx_word' id='word_1_270' title='bbox 1495 2323 1576 2370; x_wconf 91' lang='lat' dir='ltr'><strong>eum</strong></span> <span class='ocrx_word' id='word_1_271' title='bbox 1597 2302 1726 2372; x_wconf 91' lang='lat' dir='ltr'><strong>deinde</strong></span> <span class='ocrx_word' id='word_1_272' title='bbox 1750 2303 1860 2394; x_wconf 90' lang='lat' dir='ltr'><strong>magis</strong></span> <span class='ocrx_word' id='word_1_273' title='bbox 1883 2300 2029 2375; x_wconf 91' lang='lat' dir='ltr'><strong>charum</strong></span> <span class='ocrx_word' id='word_1_274' title='bbox 2054 2299 2191 2379; x_wconf 86' lang='lat' dir='ltr'><strong>habuit.</strong></span> 
     </span>
     <span class='ocr_line' id='line_1_22' title="bbox 157 2397 2191 2498; baseline -0.001 -22"><span class='ocrx_word' id='word_1_275' title='bbox 157 2406 261 2476; x_wconf 84' lang='lat' dir='ltr'><strong>dosii.</strong></span> <span class='ocrx_word' id='word_1_276' title='bbox 313 2401 364 2474; x_wconf 83' lang='lat' dir='ltr'><strong>At</strong></span> <span class='ocrx_word' id='word_1_277' title='bbox 379 2397 574 2474; x_wconf 86' lang='lat' dir='ltr'><strong>Chunrado</strong></span> <span class='ocrx_word' id='word_1_278' title='bbox 590 2402 708 2474; x_wconf 88' lang='lat' dir='ltr'><strong>Suevo</strong></span> <span class='ocrx_word' id='word_1_279' title='bbox 730 2401 823 2475; x_wconf 86' lang='lat' dir='ltr'><strong>nibil</strong></span> <span class='ocrx_word' id='word_1_280' title='bbox 840 2407 972 2478; x_wconf 89' lang='lat' dir='ltr'><strong>talibus</strong></span> <span class='ocrx_word' id='word_1_281' title='bbox 993 2411 1037 2477; x_wconf 93' lang='lat' dir='ltr'><strong>ad</strong></span> <span class='ocrx_word' id='word_1_282' title='bbox 1059 2408 1146 2476; x_wconf 89' lang='lat' dir='ltr'><strong>iram</strong></span> <span class='ocrx_word' id='word_1_283' title='bbox 1197 2398 1307 2488; x_wconf 88' lang='lat' dir='ltr'><strong>Digni</strong></span> <span class='ocrx_word' id='word_1_284' title='bbox 1329 2401 1434 2470; x_wconf 90' lang='lat' dir='ltr'><strong>laude</strong></span> <span class='ocrx_word' id='word_1_285' title='bbox 1458 2415 1624 2494; x_wconf 89' lang='lat' dir='ltr'><strong>uterque,</strong></span> <span class='ocrx_word' id='word_1_286' title='bbox 1656 2404 1736 2489; x_wconf 92' lang='lat' dir='ltr'><strong>ille,</strong></span> <span class='ocrx_word' id='word_1_287' title='bbox 1768 2407 1863 2498; x_wconf 92' lang='lat' dir='ltr'><strong>quod</strong></span> <span class='ocrx_word' id='word_1_288' title='bbox 1890 2408 1994 2476; x_wconf 83' lang='lat' dir='ltr'><strong>iidem</strong></span> <span class='ocrx_word' id='word_1_289' title='bbox 2014 2405 2191 2476; x_wconf 89' lang='lat' dir='ltr'><strong>amicitiae</strong></span> 
     </span>
     <span class='ocr_line' id='line_1_23' title="bbox 156 2502 2190 2602; baseline -0 -25"><span class='ocrx_word' id='word_1_290' title='bbox 156 2507 364 2577; x_wconf 85' lang='lat' dir='ltr'><strong>frenandam</strong></span> <span class='ocrx_word' id='word_1_291' title='bbox 379 2505 542 2576; x_wconf 84' lang='lat' dir='ltr'><strong>remediis</strong></span> <span class='ocrx_word' id='word_1_292' title='bbox 555 2528 644 2596; x_wconf 91' lang='lat' dir='ltr'><strong>opus</strong></span> <span class='ocrx_word' id='word_1_293' title='bbox 660 2506 742 2591; x_wconf 85' lang='lat' dir='ltr'><strong>luit,</strong></span> <span class='ocrx_word' id='word_1_294' title='bbox 765 2532 868 2602; x_wconf 91' lang='lat' dir='ltr'><strong>quern</strong></span> <span class='ocrx_word' id='word_1_295' title='bbox 893 2523 1041 2580; x_wconf 87' lang='lat' dir='ltr'><strong>naturae</strong></span> <span class='ocrx_word' id='word_1_296' title='bbox 1065 2532 1148 2579; x_wconf 90' lang='lat' dir='ltr'><strong>snae</strong></span> <span class='ocrx_word' id='word_1_297' title='bbox 1198 2502 1341 2593; x_wconf 77' lang='lat' dir='ltr'><strong>propria</strong></span> <span class='ocrx_word' id='word_1_298' title='bbox 1368 2503 1519 2573; x_wconf 79' lang='lat' dir='ltr'><strong>utilitate</strong></span> <span class='ocrx_word' id='word_1_299' title='bbox 1541 2503 1714 2594; x_wconf 85' lang='lat' dir='ltr'><strong>potiorem</strong></span> <span class='ocrx_word' id='word_1_300' title='bbox 1738 2506 1859 2591; x_wconf 88' lang='lat' dir='ltr'><strong>duxit,</strong></span> <span class='ocrx_word' id='word_1_301' title='bbox 1891 2508 2086 2599; x_wconf 88' lang='lat' dir='ltr'><strong>maluitque</strong></span> <span class='ocrx_word' id='word_1_302' title='bbox 2109 2530 2190 2576; x_wconf 90' lang='lat' dir='ltr'><strong>cum</strong></span> 
     </span>
     <span class='ocr_line' id='line_1_24' title="bbox 156 2601 2191 2702; baseline 0 -27"><span class='ocrx_word' id='word_1_303' title='bbox 156 2608 316 2687; x_wconf 87' lang='lat' dir='ltr'><strong>bonitas,</strong></span> <span class='ocrx_word' id='word_1_304' title='bbox 343 2620 377 2677; x_wconf 89' lang='lat' dir='ltr'><strong>et</strong></span> <span class='ocrx_word' id='word_1_305' title='bbox 398 2620 581 2698; x_wconf 88' lang='lat' dir='ltr'><strong>conspecta</strong></span> <span class='ocrx_word' id='word_1_306' title='bbox 597 2607 635 2675; x_wconf 92' lang='lat' dir='ltr'><strong>in</strong></span> <span class='ocrx_word' id='word_1_307' title='bbox 659 2601 760 2677; x_wconf 87' lang='lat' dir='ltr'><strong>hoste</strong></span> <span class='ocrx_word' id='word_1_308' title='bbox 770 2611 883 2680; x_wconf 90' lang='lat' dir='ltr'><strong>virtus</strong></span> <span class='ocrx_word' id='word_1_309' title='bbox 897 2612 1013 2682; x_wconf 89' lang='lat' dir='ltr'><strong>statim</strong></span> <span class='ocrx_word' id='word_1_310' title='bbox 1031 2613 1147 2702; x_wconf 91' lang='lat' dir='ltr'><strong>placa·</strong></span> <span class='ocrx_word' id='word_1_311' title='bbox 1198 2604 1355 2694; x_wconf 89' lang='lat' dir='ltr'><strong>periculo</strong></span> <span class='ocrx_word' id='word_1_312' title='bbox 1386 2603 1527 2688; x_wconf 88' lang='lat' dir='ltr'><strong>amicis,</strong></span> <span class='ocrx_word' id='word_1_313' title='bbox 1558 2628 1665 2697; x_wconf 90' lang='lat' dir='ltr'><strong>quam</strong></span> <span class='ocrx_word' id='word_1_314' title='bbox 1693 2617 1770 2675; x_wconf 92' lang='lat' dir='ltr'><strong>tuto</strong></span> <span class='ocrx_word' id='word_1_315' title='bbox 1801 2605 1870 2675; x_wconf 94' lang='lat' dir='ltr'><strong>sibi</strong></span> <span class='ocrx_word' id='word_1_316' title='bbox 1897 2608 2096 2678; x_wconf 85' lang='lat' dir='ltr'><strong>consulere:</strong></span> <span class='ocrx_word' id='word_1_317' title='bbox 2131 2602 2191 2675; x_wconf 89' lang='lat' dir='ltr'><strong>hic</strong></span> 
     </span>
     <span class='ocr_line' id='line_1_25' title="bbox 157 2703 2191 2805; baseline -0.001 -26"><span class='ocrx_word' id='word_1_318' title='bbox 157 2711 222 2781; x_wconf 83' lang='lat' dir='ltr'><strong>vit:</strong></span> <span class='ocrx_word' id='word_1_319' title='bbox 244 2709 329 2779; x_wconf 86' lang='lat' dir='ltr'><strong>vicit</strong></span> <span class='ocrx_word' id='word_1_320' title='bbox 346 2732 417 2778; x_wconf 92' lang='lat' dir='ltr'><strong>nnn</strong></span> <span class='ocrx_word' id='word_1_321' title='bbox 436 2708 556 2778; x_wconf 91' lang='lat' dir='ltr'><strong>minus</strong></span> <span class='ocrx_word' id='word_1_322' title='bbox 570 2708 711 2778; x_wconf 84' lang='lat' dir='ltr'><strong>sortiter</strong></span> <span class='ocrx_word' id='word_1_323' title='bbox 723 2728 762 2779; x_wconf 89' lang='lat' dir='ltr'><strong>ae</strong></span> <span class='ocrx_word' id='word_1_324' title='bbox 783 2710 899 2802; x_wconf 92' lang='lat' dir='ltr'><strong>ipsum</strong></span> <span class='ocrx_word' id='word_1_325' title='bbox 915 2736 1021 2805; x_wconf 90' lang='lat' dir='ltr'><strong>quam</strong></span> <span class='ocrx_word' id='word_1_326' title='bbox 1043 2726 1144 2781; x_wconf 88' lang='lat' dir='ltr'><strong>antea</strong></span> <span class='ocrx_word' id='word_1_327' title='bbox 1199 2706 1293 2797; x_wconf 91' lang='lat' dir='ltr'><strong>quod</strong></span> <span class='ocrx_word' id='word_1_328' title='bbox 1319 2706 1463 2794; x_wconf 90' lang='lat' dir='ltr'><strong>dignam</strong></span> <span class='ocrx_word' id='word_1_329' title='bbox 1483 2704 1546 2774; x_wconf 92' lang='lat' dir='ltr'><strong>tali</strong></span> <span class='ocrx_word' id='word_1_330' title='bbox 1578 2703 1744 2799; x_wconf 86' lang='lat' dir='ltr'><strong>Principe</strong></span> <span class='ocrx_word' id='word_1_331' title='bbox 1778 2708 2052 2798; x_wconf 89' lang='lat' dir='ltr'><strong>placabilitatem</strong></span> <span class='ocrx_word' id='word_1_332' title='bbox 2085 2719 2191 2801; x_wconf 88' lang='lat' dir='ltr'><strong>atque</strong></span> 
     </span>
     <span class='ocr_line' id='line_1_26' title="bbox 156 2807 2189 2902; baseline -0.001 -20"><span class='ocrx_word' id='word_1_333' title='bbox 156 2808 292 2881; x_wconf 89' lang='lat' dir='ltr'><strong>hostem</strong></span> <span class='ocrx_word' id='word_1_334' title='bbox 316 2810 467 2894; x_wconf 87' lang='lat' dir='ltr'><strong>vicerat,</strong></span> <span class='ocrx_word' id='word_1_335' title='bbox 492 2821 527 2879; x_wconf 92' lang='lat' dir='ltr'><strong>et</strong></span> <span class='ocrx_word' id='word_1_336' title='bbox 551 2833 592 2878; x_wconf 88' lang='lat' dir='ltr'><strong>ex</strong></span> <span class='ocrx_word' id='word_1_337' title='bbox 617 2809 698 2893; x_wconf 90' lang='lat' dir='ltr'><strong>illa,</strong></span> <span class='ocrx_word' id='word_1_338' title='bbox 723 2834 830 2902; x_wconf 89' lang='lat' dir='ltr'><strong>quam</strong></span> <span class='ocrx_word' id='word_1_339' title='bbox 845 2836 886 2881; x_wconf 81' lang='lat' dir='ltr'><strong>ex</strong></span> <span class='ocrx_word' id='word_1_340' title='bbox 909 2808 974 2883; x_wconf 79' lang='lat' dir='ltr'><strong>buc</strong></span> <span class='ocrx_word' id='word_1_341' title='bbox 988 2812 1148 2896; x_wconf 78' lang='lat' dir='ltr'><strong>victoria,</strong></span> <span class='ocrx_word' id='word_1_342' title='bbox 1200 2807 1422 2876; x_wconf 90' lang='lat' dir='ltr'><strong>clementiam</strong></span> <span class='ocrx_word' id='word_1_343' title='bbox 1439 2827 1518 2895; x_wconf 91' lang='lat' dir='ltr'><strong>erga</strong></span> <span class='ocrx_word' id='word_1_344' title='bbox 1537 2807 1674 2877; x_wconf 91' lang='lat' dir='ltr'><strong>inimici</strong></span> <span class='ocrx_word' id='word_1_345' title='bbox 1689 2808 1778 2878; x_wconf 83' lang='lat' dir='ltr'><strong>liliaa</strong></span> <span class='ocrx_word' id='word_1_346' title='bbox 1797 2811 1989 2900; x_wconf 90' lang='lat' dir='ltr'><strong>praestitit,</strong></span> <span class='ocrx_word' id='word_1_347' title='bbox 2010 2834 2075 2880; x_wconf 90' lang='lat' dir='ltr'><strong>nec</strong></span> <span class='ocrx_word' id='word_1_348' title='bbox 2099 2809 2189 2894; x_wconf 87' lang='lat' dir='ltr'><strong>iram</strong></span> 
     </span>
     <span class='ocr_line' id='line_1_27' title="bbox 156 2906 2189 3003; baseline 0.002 -28"><span class='ocrx_word' id='word_1_349' title='bbox 156 2912 270 2983; x_wconf 87' lang='lat' dir='ltr'><strong>multo</strong></span> <span class='ocrx_word' id='word_1_350' title='bbox 290 2911 505 2980; x_wconf 86' lang='lat' dir='ltr'><strong>nobiliorem</strong></span> <span class='ocrx_word' id='word_1_351' title='bbox 528 2932 568 2978; x_wconf 92' lang='lat' dir='ltr'><strong>ac</strong></span> <span class='ocrx_word' id='word_1_352' title='bbox 588 2909 831 2996; x_wconf 80' lang='lat' dir='ltr'><strong>gloriosiorem</strong></span> <span class='ocrx_word' id='word_1_353' title='bbox 849 2909 1070 3001; x_wconf 87' lang='lat' dir='ltr'><strong>triumphum</strong></span> <span class='ocrx_word' id='word_1_354' title='bbox 1092 2937 1147 2982; x_wconf 88' lang='lat' dir='ltr'><strong>re·</strong></span> <span class='ocrx_word' id='word_1_355' title='bbox 1198 2907 1292 2998; x_wconf 86' lang='lat' dir='ltr'><strong>apud</strong></span> <span class='ocrx_word' id='word_1_356' title='bbox 1314 2931 1350 2976; x_wconf 94' lang='lat' dir='ltr'><strong>se</strong></span> <span class='ocrx_word' id='word_1_357' title='bbox 1374 2906 1455 2998; x_wconf 91' lang='lat' dir='ltr'><strong>plus</strong></span> <span class='ocrx_word' id='word_1_358' title='bbox 1477 2907 1610 2992; x_wconf 88' lang='lat' dir='ltr'><strong>valere,</strong></span> <span class='ocrx_word' id='word_1_359' title='bbox 1634 2932 1741 3003; x_wconf 89' lang='lat' dir='ltr'><strong>quam</strong></span> <span class='ocrx_word' id='word_1_360' title='bbox 1757 2910 1898 2983; x_wconf 87' lang='lat' dir='ltr'><strong>virtutis</strong></span> <span class='ocrx_word' id='word_1_361' title='bbox 1917 2911 2189 2983; x_wconf 87' lang='lat' dir='ltr'><strong>admirationem</strong></span> 
     </span>
     <span class='ocr_line' id='line_1_28' title="bbox 156 3005 2190 3104; baseline -0 -22"><span class='ocrx_word' id='word_1_362' title='bbox 156 3012 313 3104; x_wconf 86' lang='lat' dir='ltr'><strong>portavit</strong></span> <span class='ocrx_word' id='word_1_363' title='bbox 352 3006 540 3098; x_wconf 86' lang='lat' dir='ltr'><strong>Philippus</strong></span> <span class='ocrx_word' id='word_1_364' title='bbox 582 3009 750 3087; x_wconf 89' lang='lat' dir='ltr'><strong>Macedo,</strong></span> <span class='ocrx_word' id='word_1_365' title='bbox 809 3024 910 3100; x_wconf 92' lang='lat' dir='ltr'><strong>pater</strong></span> <span class='ocrx_word' id='word_1_366' title='bbox 951 3011 1145 3081; x_wconf 84' lang='lat' dir='ltr'><strong>Alexandri</strong></span> <span class='ocrx_word' id='word_1_367' title='bbox 1201 3031 1320 3097; x_wconf 90' lang='lat' dir='ltr'><strong>passus</strong></span> <span class='ocrx_word' id='word_1_368' title='bbox 1342 3023 1404 3077; x_wconf 90' lang='lat' dir='ltr'><strong>est.</strong></span> <span class='ocrx_word' id='word_1_369' title='bbox 1455 3005 1526 3078; x_wconf 88' lang='lat' dir='ltr'><strong>Sed</strong></span> <span class='ocrx_word' id='word_1_370' title='bbox 1549 3031 1623 3078; x_wconf 89' lang='lat' dir='ltr'><strong>non</strong></span> <span class='ocrx_word' id='word_1_371' title='bbox 1646 3010 1752 3101; x_wconf 91' lang='lat' dir='ltr'><strong>paulo</strong></span> <span class='ocrx_word' id='word_1_372' title='bbox 1767 3012 1938 3083; x_wconf 88' lang='lat' dir='ltr'><strong>maiorem</strong></span> <span class='ocrx_word' id='word_1_373' title='bbox 1954 3015 2098 3084; x_wconf 87' lang='lat' dir='ltr'><strong>laudem</strong></span> <span class='ocrx_word' id='word_1_374' title='bbox 2113 3035 2190 3082; x_wconf 89' lang='lat' dir='ltr'><strong>me·</strong></span> 
     </span>
     <span class='ocr_line' id='line_1_29' title="bbox 156 3101 2190 3210; baseline 0.004 -36"><span class='ocrx_word' id='word_1_375' title='bbox 156 3111 300 3200; x_wconf 70' lang='lat' dir='ltr'><strong>Magni,</strong></span> <span class='ocrx_word' id='word_1_376' title='bbox 325 3133 405 3177; x_wconf 91' lang='lat' dir='ltr'><strong>cum</strong></span> <span class='ocrx_word' id='word_1_377' title='bbox 422 3101 645 3200; x_wconf 85' lang='lat' dir='ltr'><strong>Olynthum,</strong></span> <span class='ocrx_word' id='word_1_378' title='bbox 669 3112 853 3200; x_wconf 88' lang='lat' dir='ltr'><strong>quamdiu</strong></span> <span class='ocrx_word' id='word_1_379' title='bbox 870 3121 998 3203; x_wconf 85' lang='lat' dir='ltr'><strong>magno</strong></span> <span class='ocrx_word' id='word_1_380' title='bbox 1016 3127 1147 3183; x_wconf 90' lang='lat' dir='ltr'><strong>conatu</strong></span> <span class='ocrx_word' id='word_1_381' title='bbox 1198 3122 1347 3178; x_wconf 90' lang='lat' dir='ltr'><strong>ruerunt</strong></span> <span class='ocrx_word' id='word_1_382' title='bbox 1363 3106 1595 3179; x_wconf 89' lang='lat' dir='ltr'><strong>Germanicae</strong></span> <span class='ocrx_word' id='word_1_383' title='bbox 1615 3124 1797 3183; x_wconf 87' lang='lat' dir='ltr'><strong>matronae</strong></span> <span class='ocrx_word' id='word_1_384' title='bbox 1816 3138 1922 3207; x_wconf 89' lang='lat' dir='ltr'><strong>quam</strong></span> <span class='ocrx_word' id='word_1_385' title='bbox 1940 3114 2104 3210; x_wconf 87' lang='lat' dir='ltr'><strong>Satyrus:</strong></span> <span class='ocrx_word' id='word_1_386' title='bbox 2130 3108 2190 3183; x_wconf 87' lang='lat' dir='ltr'><strong>bic</strong></span> 
     </span>
     <span class='ocr_line' id='line_1_30' title="bbox 156 3209 2191 3307; baseline 0.001 -26"><span class='ocrx_word' id='word_1_387' title='bbox 156 3226 191 3281; x_wconf 85' lang='lat' dir='ltr'><strong>et</strong></span> <span class='ocrx_word' id='word_1_388' title='bbox 206 3210 363 3302; x_wconf 90' lang='lat' dir='ltr'><strong>periculo</strong></span> <span class='ocrx_word' id='word_1_389' title='bbox 378 3209 581 3293; x_wconf 87' lang='lat' dir='ltr'><strong>obsederat,</strong></span> <span class='ocrx_word' id='word_1_390' title='bbox 605 3211 748 3278; x_wconf 88' lang='lat' dir='ltr'><strong>tandem</strong></span> <span class='ocrx_word' id='word_1_391' title='bbox 763 3229 1003 3303; x_wconf 78' lang='lat' dir='ltr'><strong>expugnasset.</strong></span> <span class='ocrx_word' id='word_1_392' title='bbox 1047 3213 1147 3284; x_wconf 88' lang='lat' dir='ltr'><strong>Poti-</strong></span> <span class='ocrx_word' id='word_1_393' title='bbox 1198 3209 1293 3277; x_wconf 92' lang='lat' dir='ltr'><strong>enim</strong></span> <span class='ocrx_word' id='word_1_394' title='bbox 1309 3209 1443 3303; x_wconf 92' lang='lat' dir='ltr'><strong>aliquid</strong></span> <span class='ocrx_word' id='word_1_395' title='bbox 1461 3211 1639 3280; x_wconf 90' lang='lat' dir='ltr'><strong>commodi</strong></span> <span class='ocrx_word' id='word_1_396' title='bbox 1656 3213 1760 3283; x_wconf 90' lang='lat' dir='ltr'><strong>amici</strong></span> <span class='ocrx_word' id='word_1_397' title='bbox 1776 3238 1880 3285; x_wconf 89' lang='lat' dir='ltr'><strong>causa</strong></span> <span class='ocrx_word' id='word_1_398' title='bbox 1899 3217 2066 3307; x_wconf 88' lang='lat' dir='ltr'><strong>proiecit,</strong></span> <span class='ocrx_word' id='word_1_399' title='bbox 2092 3214 2191 3285; x_wconf 85' lang='lat' dir='ltr'><strong>venit</strong></span> 
     </span>
     <span class='ocr_line' id='line_1_31' title="bbox 155 3308 2189 3406; baseline 0 -22"><span class='ocrx_word' id='word_1_400' title='bbox 155 3329 213 3385; x_wconf 93' lang='lat' dir='ltr'><strong>tus</strong></span> <span class='ocrx_word' id='word_1_401' title='bbox 228 3310 364 3380; x_wconf 86' lang='lat' dir='ltr'><strong>difficili</strong></span> <span class='ocrx_word' id='word_1_402' title='bbox 377 3308 546 3394; x_wconf 86' lang='lat' dir='ltr'><strong>victoria,</strong></span> <span class='ocrx_word' id='word_1_403' title='bbox 571 3308 703 3380; x_wconf 88' lang='lat' dir='ltr'><strong>dicitur</strong></span> <span class='ocrx_word' id='word_1_404' title='bbox 719 3311 824 3383; x_wconf 92' lang='lat' dir='ltr'><strong>ludos</strong></span> <span class='ocrx_word' id='word_1_405' title='bbox 839 3314 917 3383; x_wconf 84' lang='lat' dir='ltr'><strong>festi</strong></span> <span class='ocrx_word' id='word_1_406' title='bbox 934 3339 973 3384; x_wconf 91' lang='lat' dir='ltr'><strong>ac</strong></span> <span class='ocrx_word' id='word_1_407' title='bbox 989 3316 1147 3386; x_wconf 87' lang='lat' dir='ltr'><strong>laeticiae</strong></span> <span class='ocrx_word' id='word_1_408' title='bbox 1196 3310 1238 3378; x_wconf 74' lang='lat' dir='ltr'><strong>in</strong></span> <span class='ocrx_word' id='word_1_409' title='bbox 1271 3312 1467 3401; x_wconf 79' lang='lat' dir='ltr'><strong>periculum</strong></span> <span class='ocrx_word' id='word_1_410' title='bbox 1503 3335 1548 3380; x_wconf 89' lang='lat' dir='ltr'><strong>ne</strong></span> <span class='ocrx_word' id='word_1_411' title='bbox 1575 3311 1750 3384; x_wconf 81' lang='lat' dir='ltr'><strong>excideret</strong></span> <span class='ocrx_word' id='word_1_412' title='bbox 1783 3316 2031 3389; x_wconf 85' lang='lat' dir='ltr'><strong>benevolentia</strong></span> <span class='ocrx_word' id='word_1_413' title='bbox 2064 3315 2189 3406; x_wconf 82' lang='lat' dir='ltr'><strong>Regis:</strong></span> 
     </span>
     <span class='ocr_line' id='line_1_32' title="bbox 155 3406 2189 3512; baseline 0.001 -28"><span class='ocrx_word' id='word_1_414' title='bbox 155 3437 260 3484; x_wconf 89' lang='lat' dir='ltr'><strong>causa</strong></span> <span class='ocrx_word' id='word_1_415' title='bbox 274 3410 412 3493; x_wconf 82' lang='lat' dir='ltr'><strong>fecisse,</strong></span> <span class='ocrx_word' id='word_1_416' title='bbox 433 3410 769 3504; x_wconf 84' lang='lat' dir='ltr'><strong>quorumludorum</strong></span> <span class='ocrx_word' id='word_1_417' title='bbox 786 3414 845 3482; x_wconf 89' lang='lat' dir='ltr'><strong>die</strong></span> <span class='ocrx_word' id='word_1_418' title='bbox 860 3417 940 3485; x_wconf 90' lang='lat' dir='ltr'><strong>curn</strong></span> <span class='ocrx_word' id='word_1_419' title='bbox 955 3417 1146 3487; x_wconf 83' lang='lat' dir='ltr'><strong>sacrificas-</strong></span> <span class='ocrx_word' id='word_1_420' title='bbox 1197 3412 1279 3479; x_wconf 78' lang='lat' dir='ltr'><strong>illae</strong></span> <span class='ocrx_word' id='word_1_421' title='bbox 1309 3412 1348 3480; x_wconf 87' lang='lat' dir='ltr'><strong>in</strong></span> <span class='ocrx_word' id='word_1_422' title='bbox 1380 3406 1538 3482; x_wconf 73' lang='lat' dir='ltr'><strong>humeris</strong></span> <span class='ocrx_word' id='word_1_423' title='bbox 1565 3414 1712 3484; x_wconf 79' lang='lat' dir='ltr'><strong>maritos</strong></span> <span class='ocrx_word' id='word_1_424' title='bbox 1735 3415 1938 3512; x_wconf 88' lang='lat' dir='ltr'><strong>liberosque</strong></span> <span class='ocrx_word' id='word_1_425' title='bbox 1962 3444 2025 3511; x_wconf 90' lang='lat' dir='ltr'><strong>per</strong></span> <span class='ocrx_word' id='word_1_426' title='bbox 2053 3418 2189 3488; x_wconf 88' lang='lat' dir='ltr'><strong>medios</strong></span> 
     </span>
     <span class='ocr_line' id='line_1_33' title="bbox 154 3508 2189 3610; baseline 0.001 -25"><span class='ocrx_word' id='word_1_427' title='bbox 154 3528 224 3599; x_wconf 86' lang='lat' dir='ltr'><strong>act,</strong></span> <span class='ocrx_word' id='word_1_428' title='bbox 258 3527 295 3583; x_wconf 85' lang='lat' dir='ltr'><strong>ct</strong></span> <span class='ocrx_word' id='word_1_429' title='bbox 314 3511 480 3582; x_wconf 83' lang='lat' dir='ltr'><strong>convivio</strong></span> <span class='ocrx_word' id='word_1_430' title='bbox 505 3511 637 3580; x_wconf 81' lang='lat' dir='ltr'><strong>amima</strong></span> <span class='ocrx_word' id='word_1_431' title='bbox 659 3535 740 3582; x_wconf 78' lang='lat' dir='ltr'><strong>suna</strong></span> <span class='ocrx_word' id='word_1_432' title='bbox 760 3539 800 3583; x_wconf 85' lang='lat' dir='ltr'><strong>ac</strong></span> <span class='ocrx_word' id='word_1_433' title='bbox 815 3513 930 3586; x_wconf 89' lang='lat' dir='ltr'><strong>Duces</strong></span> <span class='ocrx_word' id='word_1_434' title='bbox 948 3517 1146 3610; x_wconf 83' lang='lat' dir='ltr'><strong>accepisset,</strong></span> <span class='ocrx_word' id='word_1_435' title='bbox 1198 3508 1314 3583; x_wconf 88' lang='lat' dir='ltr'><strong>hostes</strong></span> <span class='ocrx_word' id='word_1_436' title='bbox 1331 3514 1550 3594; x_wconf 87' lang='lat' dir='ltr'><strong>extulerunt,</strong></span> <span class='ocrx_word' id='word_1_437' title='bbox 1577 3515 1614 3582; x_wconf 92' lang='lat' dir='ltr'><strong>in</strong></span> <span class='ocrx_word' id='word_1_438' title='bbox 1631 3516 1761 3608; x_wconf 93' lang='lat' dir='ltr'><strong>quibus</strong></span> <span class='ocrx_word' id='word_1_439' title='bbox 1778 3518 1934 3589; x_wconf 91' lang='lat' dir='ltr'><strong>indolem</strong></span> <span class='ocrx_word' id='word_1_440' title='bbox 1955 3522 2058 3610; x_wconf 91' lang='lat' dir='ltr'><strong>longe</strong></span> <span class='ocrx_word' id='word_1_441' title='bbox 2075 3519 2189 3588; x_wconf 88' lang='lat' dir='ltr'><strong>maio·</strong></span> 
     </span>
     <span class='ocr_line' id='line_1_34' title="bbox 154 3608 2188 3712; baseline 0 -25"><span class='ocrx_word' id='word_1_442' title='bbox 154 3616 194 3687; x_wconf 93' lang='lat' dir='ltr'><strong>in</strong></span> <span class='ocrx_word' id='word_1_443' title='bbox 208 3615 333 3685; x_wconf 85' lang='lat' dir='ltr'><strong>vinum</strong></span> <span class='ocrx_word' id='word_1_444' title='bbox 347 3625 382 3682; x_wconf 88' lang='lat' dir='ltr'><strong>et</strong></span> <span class='ocrx_word' id='word_1_445' title='bbox 396 3608 611 3681; x_wconf 89' lang='lat' dir='ltr'><strong>hilaritatem</strong></span> <span class='ocrx_word' id='word_1_446' title='bbox 628 3611 778 3696; x_wconf 83' lang='lat' dir='ltr'><strong>effusus,</strong></span> <span class='ocrx_word' id='word_1_447' title='bbox 802 3614 905 3685; x_wconf 89' lang='lat' dir='ltr'><strong>iussit</strong></span> <span class='ocrx_word' id='word_1_448' title='bbox 917 3641 1146 3712; x_wconf 83' lang='lat' dir='ltr'><strong>unumquen.</strong></span> <span class='ocrx_word' id='word_1_449' title='bbox 1199 3638 1271 3681; x_wconf 89' lang='lat' dir='ltr'><strong>rem</strong></span> <span class='ocrx_word' id='word_1_450' title='bbox 1304 3615 1368 3682; x_wconf 93' lang='lat' dir='ltr'><strong>illo</strong></span> <span class='ocrx_word' id='word_1_451' title='bbox 1399 3636 1502 3698; x_wconf 84' lang='lat' dir='ltr'><strong>sexu,</strong></span> <span class='ocrx_word' id='word_1_452' title='bbox 1534 3638 1575 3683; x_wconf 92' lang='lat' dir='ltr'><strong>ac</strong></span> <span class='ocrx_word' id='word_1_453' title='bbox 1598 3628 1756 3685; x_wconf 85' lang='lat' dir='ltr'><strong>veterum</strong></span> <span class='ocrx_word' id='word_1_454' title='bbox 1782 3615 2011 3691; x_wconf 89' lang='lat' dir='ltr'><strong>beroinarum</strong></span> <span class='ocrx_word' id='word_1_455' title='bbox 2036 3621 2188 3691; x_wconf 89' lang='lat' dir='ltr'><strong>similem</strong></span> 
     </span>
     <span class='ocr_line' id='line_1_35' title="bbox 153 3712 2189 3813; baseline 0.004 -31"><span class='ocrx_word' id='word_1_456' title='bbox 153 3741 224 3813; x_wconf 85' lang='lat' dir='ltr'><strong>que</strong></span> <span class='ocrx_word' id='word_1_457' title='bbox 239 3715 470 3786; x_wconf 82' lang='lat' dir='ltr'><strong>convivarum</strong></span> <span class='ocrx_word' id='word_1_458' title='bbox 487 3712 623 3805; x_wconf 80' lang='lat' dir='ltr'><strong>aliquid</strong></span> <span class='ocrx_word' id='word_1_459' title='bbox 646 3735 718 3784; x_wconf 84' lang='lat' dir='ltr'><strong>ase</strong></span> <span class='ocrx_word' id='word_1_460' title='bbox 738 3726 876 3805; x_wconf 86' lang='lat' dir='ltr'><strong>petere,</strong></span> <span class='ocrx_word' id='word_1_461' title='bbox 901 3721 997 3809; x_wconf 91' lang='lat' dir='ltr'><strong>quod</strong></span> <span class='ocrx_word' id='word_1_462' title='bbox 1016 3720 1145 3813; x_wconf 89' lang='lat' dir='ltr'><strong>cuique</strong></span> <span class='ocrx_word' id='word_1_463' title='bbox 1196 3712 1307 3782; x_wconf 83' lang='lat' dir='ltr'><strong>fuisse</strong></span> <span class='ocrx_word' id='word_1_464' title='bbox 1329 3717 1492 3806; x_wconf 84' lang='lat' dir='ltr'><strong>adparet,</strong></span> <span class='ocrx_word' id='word_1_465' title='bbox 1517 3740 1604 3807; x_wconf 86' lang='lat' dir='ltr'><strong>quas</strong></span> <span class='ocrx_word' id='word_1_466' title='bbox 1625 3740 1699 3786; x_wconf 92' lang='lat' dir='ltr'><strong>non</strong></span> <span class='ocrx_word' id='word_1_467' title='bbox 1715 3729 1768 3789; x_wconf 89' lang='lat' dir='ltr'><strong>tot</strong></span> <span class='ocrx_word' id='word_1_468' title='bbox 1794 3736 1947 3791; x_wconf 88' lang='lat' dir='ltr'><strong>armatae</strong></span> <span class='ocrx_word' id='word_1_469' title='bbox 1965 3746 2109 3806; x_wconf 90' lang='lat' dir='ltr'><strong>manus,</strong></span> <span class='ocrx_word' id='word_1_470' title='bbox 2136 3735 2189 3791; x_wconf 91' lang='lat' dir='ltr'><strong>tot</strong></span> 
     </span>
     <span class='ocr_line' id='line_1_36' title="bbox 154 3813 2186 3914; baseline 0.001 -24"><span class='ocrx_word' id='word_1_471' title='bbox 154 3818 380 3891; x_wconf 90' lang='lat' dir='ltr'><strong>commodum</strong></span> <span class='ocrx_word' id='word_1_472' title='bbox 403 3826 438 3883; x_wconf 90' lang='lat' dir='ltr'><strong>et</strong></span> <span class='ocrx_word' id='word_1_473' title='bbox 464 3814 612 3902; x_wconf 91' lang='lat' dir='ltr'><strong>dignum</strong></span> <span class='ocrx_word' id='word_1_474' title='bbox 638 3826 727 3884; x_wconf 89' lang='lat' dir='ltr'><strong>esset</strong></span> <span class='ocrx_word' id='word_1_475' title='bbox 756 3813 894 3907; x_wconf 85' lang='lat' dir='ltr'><strong>aRege</strong></span> <span class='ocrx_word' id='word_1_476' title='bbox 919 3819 1000 3909; x_wconf 88' lang='lat' dir='ltr'><strong>peti.</strong></span> <span class='ocrx_word' id='word_1_477' title='bbox 1052 3819 1145 3888; x_wconf 86' lang='lat' dir='ltr'><strong>Aliis</strong></span> <span class='ocrx_word' id='word_1_478' title='bbox 1196 3815 1305 3903; x_wconf 86' lang='lat' dir='ltr'><strong>gladii</strong></span> <span class='ocrx_word' id='word_1_479' title='bbox 1331 3838 1372 3884; x_wconf 88' lang='lat' dir='ltr'><strong>ac</strong></span> <span class='ocrx_word' id='word_1_480' title='bbox 1388 3816 1649 3886; x_wconf 80' lang='lat' dir='ltr'><strong>circumstabtia</strong></span> <span class='ocrx_word' id='word_1_481' title='bbox 1662 3819 1730 3887; x_wconf 93' lang='lat' dir='ltr'><strong>tela</strong></span> <span class='ocrx_word' id='word_1_482' title='bbox 1744 3822 1990 3902; x_wconf 90' lang='lat' dir='ltr'><strong>retinuerunt,</strong></span> <span class='ocrx_word' id='word_1_483' title='bbox 2011 3823 2099 3914; x_wconf 91' lang='lat' dir='ltr'><strong>quin</strong></span> <span class='ocrx_word' id='word_1_484' title='bbox 2116 3844 2186 3893; x_wconf 87' lang='lat' dir='ltr'><strong>una</strong></span> 
     </span>
     <span class='ocr_line' id='line_1_37' title="bbox 155 3914 2187 4014; baseline 0.002 -24"><span class='ocrx_word' id='word_1_485' title='bbox 155 3921 265 4011; x_wconf 84' lang='lat' dir='ltr'><strong>igitur</strong></span> <span class='ocrx_word' id='word_1_486' title='bbox 292 3916 390 3986; x_wconf 87' lang='lat' dir='ltr'><strong>aliud</strong></span> <span class='ocrx_word' id='word_1_487' title='bbox 420 3915 620 4006; x_wconf 89' lang='lat' dir='ltr'><strong>petentibus</strong></span> <span class='ocrx_word' id='word_1_488' title='bbox 645 3936 685 3983; x_wconf 89' lang='lat' dir='ltr'><strong>ac</strong></span> <span class='ocrx_word' id='word_1_489' title='bbox 712 3914 1000 4005; x_wconf 89' lang='lat' dir='ltr'><strong>impetrantibus,</strong></span> <span class='ocrx_word' id='word_1_490' title='bbox 1040 3935 1146 4010; x_wconf 89' lang='lat' dir='ltr'><strong>prout</strong></span> <span class='ocrx_word' id='word_1_491' title='bbox 1197 3939 1277 3984; x_wconf 89' lang='lat' dir='ltr'><strong>cum</strong></span> <span class='ocrx_word' id='word_1_492' title='bbox 1296 3916 1385 3996; x_wconf 87' lang='lat' dir='ltr'><strong>suis,</strong></span> <span class='ocrx_word' id='word_1_493' title='bbox 1411 3917 1440 3983; x_wconf 92' lang='lat' dir='ltr'><strong>si</strong></span> <span class='ocrx_word' id='word_1_494' title='bbox 1457 3915 1544 4004; x_wconf 90' lang='lat' dir='ltr'><strong>quid</strong></span> <span class='ocrx_word' id='word_1_495' title='bbox 1568 3917 1717 4006; x_wconf 84' lang='lat' dir='ltr'><strong>periculi</strong></span> <span class='ocrx_word' id='word_1_496' title='bbox 1732 3934 1839 4001; x_wconf 87' lang='lat' dir='ltr'><strong>esset,</strong></span> <span class='ocrx_word' id='word_1_497' title='bbox 1866 3923 2045 4005; x_wconf 82' lang='lat' dir='ltr'><strong>subirent,</strong></span> <span class='ocrx_word' id='word_1_498' title='bbox 2072 3937 2107 3994; x_wconf 85' lang='lat' dir='ltr'><strong>et</strong></span> <span class='ocrx_word' id='word_1_499' title='bbox 2123 3946 2187 4014; x_wconf 87' lang='lat' dir='ltr'><strong>pn·</strong></span> 
     </span>
     <span class='ocr_line' id='line_1_38' title="bbox 155 4014 2187 4115; baseline 0.002 -25"><span class='ocrx_word' id='word_1_500' title='bbox 155 4023 283 4113; x_wconf 84' lang='lat' dir='ltr'><strong>cuique</strong></span> <span class='ocrx_word' id='word_1_501' title='bbox 304 4040 390 4088; x_wconf 92' lang='lat' dir='ltr'><strong>usus</strong></span> <span class='ocrx_word' id='word_1_502' title='bbox 412 4027 508 4100; x_wconf 89' lang='lat' dir='ltr'><strong>erat,</strong></span> <span class='ocrx_word' id='word_1_503' title='bbox 537 4016 635 4085; x_wconf 86' lang='lat' dir='ltr'><strong>solus</strong></span> <span class='ocrx_word' id='word_1_504' title='bbox 656 4014 726 4083; x_wconf 94' lang='lat' dir='ltr'><strong>iam</strong></span> <span class='ocrx_word' id='word_1_505' title='bbox 747 4019 899 4089; x_wconf 90' lang='lat' dir='ltr'><strong>restabat</strong></span> <span class='ocrx_word' id='word_1_506' title='bbox 913 4018 1060 4114; x_wconf 87' lang='lat' dir='ltr'><strong>Satyrus</strong></span> <span class='ocrx_word' id='word_1_507' title='bbox 1073 4018 1144 4090; x_wconf 90' lang='lat' dir='ltr'><strong>Co-</strong></span> <span class='ocrx_word' id='word_1_508' title='bbox 1197 4017 1267 4084; x_wconf 92' lang='lat' dir='ltr'><strong>tius</strong></span> <span class='ocrx_word' id='word_1_509' title='bbox 1289 4014 1396 4082; x_wconf 88' lang='lat' dir='ltr'><strong>semel</strong></span> <span class='ocrx_word' id='word_1_510' title='bbox 1419 4036 1561 4106; x_wconf 90' lang='lat' dir='ltr'><strong>unaque</strong></span> <span class='ocrx_word' id='word_1_511' title='bbox 1584 4015 1758 4108; x_wconf 90' lang='lat' dir='ltr'><strong>perirent,</strong></span> <span class='ocrx_word' id='word_1_512' title='bbox 1784 4046 1890 4115; x_wconf 91' lang='lat' dir='ltr'><strong>quam</strong></span> <span class='ocrx_word' id='word_1_513' title='bbox 1912 4025 2008 4095; x_wconf 89' lang='lat' dir='ltr'><strong>solae</strong></span> <span class='ocrx_word' id='word_1_514' title='bbox 2025 4026 2062 4094; x_wconf 92' lang='lat' dir='ltr'><strong>in</strong></span> <span class='ocrx_word' id='word_1_515' title='bbox 2087 4026 2187 4096; x_wconf 90' lang='lat' dir='ltr'><strong>orbi·</strong></span> 
     </span>
     <span class='ocr_line' id='line_1_39' title="bbox 153 4114 2187 4217; baseline 0.002 -25"><span class='ocrx_word' id='word_1_516' title='bbox 153 4124 320 4205; x_wconf 86' lang='lat' dir='ltr'><strong>moedus,</strong></span> <span class='ocrx_word' id='word_1_517' title='bbox 345 4118 407 4212; x_wconf 91' lang='lat' dir='ltr'><strong>qui</strong></span> <span class='ocrx_word' id='word_1_518' title='bbox 422 4129 567 4210; x_wconf 87' lang='lat' dir='ltr'><strong>propter</strong></span> <span class='ocrx_word' id='word_1_519' title='bbox 580 4130 690 4186; x_wconf 89' lang='lat' dir='ltr'><strong>artem</strong></span> <span class='ocrx_word' id='word_1_520' title='bbox 705 4130 740 4187; x_wconf 91' lang='lat' dir='ltr'><strong>et</strong></span> <span class='ocrx_word' id='word_1_521' title='bbox 758 4116 892 4206; x_wconf 89' lang='lat' dir='ltr'><strong>ingenii</strong></span> <span class='ocrx_word' id='word_1_522' title='bbox 904 4122 1143 4191; x_wconf 85' lang='lat' dir='ltr'><strong>dexteritatem</strong></span> <span class='ocrx_word' id='word_1_523' title='bbox 1195 4126 1266 4183; x_wconf 88' lang='lat' dir='ltr'><strong>tate</strong></span> <span class='ocrx_word' id='word_1_524' title='bbox 1287 4138 1327 4185; x_wconf 92' lang='lat' dir='ltr'><strong>ac</strong></span> <span class='ocrx_word' id='word_1_525' title='bbox 1347 4114 1463 4199; x_wconf 92' lang='lat' dir='ltr'><strong>luctu,</strong></span> <span class='ocrx_word' id='word_1_526' title='bbox 1496 4119 1591 4208; x_wconf 87' lang='lat' dir='ltr'><strong>quod</strong></span> <span class='ocrx_word' id='word_1_527' title='bbox 1616 4117 1794 4212; x_wconf 87' lang='lat' dir='ltr'><strong>reliquum</strong></span> <span class='ocrx_word' id='word_1_528' title='bbox 1820 4140 1908 4197; x_wconf 90' lang='lat' dir='ltr'><strong>esset</strong></span> <span class='ocrx_word' id='word_1_529' title='bbox 1928 4127 2038 4212; x_wconf 81' lang='lat' dir='ltr'><strong>vitae,</strong></span> <span class='ocrx_word' id='word_1_530' title='bbox 2070 4128 2187 4217; x_wconf 82' lang='lat' dir='ltr'><strong>exige·</strong></span> 
     </span>
     <span class='ocr_line' id='line_1_40' title="bbox 154 4214 2187 4319; baseline 0.004 -28"><span class='ocrx_word' id='word_1_531' title='bbox 154 4220 341 4315; x_wconf 87' lang='lat' dir='ltr'><strong>praecipua</strong></span> <span class='ocrx_word' id='word_1_532' title='bbox 355 4220 446 4310; x_wconf 90' lang='lat' dir='ltr'><strong>apud</strong></span> <span class='ocrx_word' id='word_1_533' title='bbox 464 4216 596 4309; x_wconf 76' lang='lat' dir='ltr'><strong>Regem</strong></span> <span class='ocrx_word' id='word_1_534' title='bbox 612 4217 723 4308; x_wconf 87' lang='lat' dir='ltr'><strong>gratia</strong></span> <span class='ocrx_word' id='word_1_535' title='bbox 743 4233 827 4289; x_wconf 90' lang='lat' dir='ltr'><strong>erat.</strong></span> <span class='ocrx_word' id='word_1_536' title='bbox 878 4218 971 4291; x_wconf 76' lang='lat' dir='ltr'><strong>Eram</strong></span> <span class='ocrx_word' id='word_1_537' title='bbox 988 4246 1067 4292; x_wconf 91' lang='lat' dir='ltr'><strong>cum</strong></span> <span class='ocrx_word' id='word_1_538' title='bbox 1086 4223 1144 4291; x_wconf 92' lang='lat' dir='ltr'><strong>ni·</strong></span> <span class='ocrx_word' id='word_1_539' title='bbox 1194 4229 1287 4289; x_wconf 78' lang='lat' dir='ltr'><strong>rent</strong></span> <span class='ocrx_word' id='word_1_540' title='bbox 1330 4214 1540 4286; x_wconf 86' lang='lat' dir='ltr'><strong>Laudamur</strong></span> <span class='ocrx_word' id='word_1_541' title='bbox 1555 4219 1593 4286; x_wconf 92' lang='lat' dir='ltr'><strong>in</strong></span> <span class='ocrx_word' id='word_1_542' title='bbox 1610 4215 1766 4291; x_wconf 84' lang='lat' dir='ltr'><strong>historiis</strong></span> <span class='ocrx_word' id='word_1_543' title='bbox 1781 4223 1955 4298; x_wconf 84' lang='lat' dir='ltr'><strong>Romanis</strong></span> <span class='ocrx_word' id='word_1_544' title='bbox 1971 4230 2103 4319; x_wconf 87' lang='lat' dir='ltr'><strong>priscae</strong></span> <span class='ocrx_word' id='word_1_545' title='bbox 2120 4229 2187 4301; x_wconf 84' lang='lat' dir='ltr'><strong>Sa·</strong></span> 
     </span>
     <span class='ocr_line' id='line_1_41' title="bbox 154 4316 2212 4422; baseline 0.003 -28"><span class='ocrx_word' id='word_1_546' title='bbox 154 4322 208 4395; x_wconf 88' lang='lat' dir='ltr'><strong>hil</strong></span> <span class='ocrx_word' id='word_1_547' title='bbox 241 4316 356 4390; x_wconf 89' lang='lat' dir='ltr'><strong>adbuc</strong></span> <span class='ocrx_word' id='word_1_548' title='bbox 390 4320 588 4412; x_wconf 83' lang='lat' dir='ltr'><strong>petivisset,</strong></span> <span class='ocrx_word' id='word_1_549' title='bbox 632 4318 787 4390; x_wconf 85' lang='lat' dir='ltr'><strong>invitant</strong></span> <span class='ocrx_word' id='word_1_550' title='bbox 815 4323 943 4392; x_wconf 87' lang='lat' dir='ltr'><strong>caeteri</strong></span> <span class='ocrx_word' id='word_1_551' title='bbox 979 4325 1144 4413; x_wconf 89' lang='lat' dir='ltr'><strong>primum,</strong></span> <span class='ocrx_word' id='word_1_552' title='bbox 1195 4317 1316 4402; x_wconf 89' lang='lat' dir='ltr'><strong>binae,</strong></span> <span class='ocrx_word' id='word_1_553' title='bbox 1343 4322 1437 4411; x_wconf 91' lang='lat' dir='ltr'><strong>quod</strong></span> <span class='ocrx_word' id='word_1_554' title='bbox 1462 4321 1624 4410; x_wconf 87' lang='lat' dir='ltr'><strong>precibus</strong></span> <span class='ocrx_word' id='word_1_555' title='bbox 1645 4335 1680 4392; x_wconf 90' lang='lat' dir='ltr'><strong>et</strong></span> <span class='ocrx_word' id='word_1_556' title='bbox 1703 4324 1898 4398; x_wconf 88' lang='lat' dir='ltr'><strong>intercurso</strong></span> <span class='ocrx_word' id='word_1_557' title='bbox 1922 4351 1987 4401; x_wconf 88' lang='lat' dir='ltr'><strong>auo</strong></span> <span class='ocrx_word' id='word_1_558' title='bbox 2012 4331 2212 4422; x_wconf 84' lang='lat' dir='ltr'><strong>praelium&#39;</strong></span> 
     </span>
     <span class='ocr_line' id='line_1_42' title="bbox 154 4417 2185 4526; baseline 0.004 -31"><span class='ocrx_word' id='word_1_559' title='bbox 154 4424 284 4495; x_wconf 90' lang='lat' dir='ltr'><strong>deinde</strong></span> <span class='ocrx_word' id='word_1_560' title='bbox 316 4421 391 4512; x_wconf 87' lang='lat' dir='ltr'><strong>ipse</strong></span> <span class='ocrx_word' id='word_1_561' title='bbox 422 4417 626 4514; x_wconf 87' lang='lat' dir='ltr'><strong>Philippus,</strong></span> <span class='ocrx_word' id='word_1_562' title='bbox 664 4433 705 4490; x_wconf 92' lang='lat' dir='ltr'><strong>nt</strong></span> <span class='ocrx_word' id='word_1_563' title='bbox 743 4424 1042 4514; x_wconf 89' lang='lat' dir='ltr'><strong>quemadmodum</strong></span> <span class='ocrx_word' id='word_1_564' title='bbox 1080 4425 1143 4494; x_wconf 90' lang='lat' dir='ltr'><strong>alii</strong></span> <span class='ocrx_word' id='word_1_565' title='bbox 1194 4420 1502 4490; x_wconf 89' lang='lat' dir='ltr'><strong>intermaritosac</strong></span> <span class='ocrx_word' id='word_1_566' title='bbox 1524 4435 1685 4512; x_wconf 86' lang='lat' dir='ltr'><strong>parentes</strong></span> <span class='ocrx_word' id='word_1_567' title='bbox 1704 4426 1932 4503; x_wconf 89' lang='lat' dir='ltr'><strong>diremerunt.</strong></span> <span class='ocrx_word' id='word_1_568' title='bbox 1985 4433 2185 4526; x_wconf 80' lang='lat' dir='ltr'><strong>Atquanto</strong></span> 
     </span>
     <span class='ocr_line' id='line_1_43' title="bbox 155 4521 2194 4624; baseline 0.004 -27"><span class='ocrx_word' id='word_1_569' title='bbox 155 4524 329 4602; x_wconf 84' lang='lat' dir='ltr'><strong>fecissent,</strong></span> <span class='ocrx_word' id='word_1_570' title='bbox 353 4523 428 4613; x_wconf 90' lang='lat' dir='ltr'><strong>ipse</strong></span> <span class='ocrx_word' id='word_1_571' title='bbox 442 4546 584 4616; x_wconf 91' lang='lat' dir='ltr'><strong>qunque</strong></span> <span class='ocrx_word' id='word_1_572' title='bbox 597 4521 730 4615; x_wconf 89' lang='lat' dir='ltr'><strong>aliquid</strong></span> <span class='ocrx_word' id='word_1_573' title='bbox 747 4536 897 4614; x_wconf 86' lang='lat' dir='ltr'><strong>peteret,</strong></span> <span class='ocrx_word' id='word_1_574' title='bbox 923 4550 988 4595; x_wconf 92' lang='lat' dir='ltr'><strong>ncc</strong></span> <span class='ocrx_word' id='word_1_575' title='bbox 1006 4525 1141 4596; x_wconf 92' lang='lat' dir='ltr'><strong>donum</strong></span> <span class='ocrx_word' id='word_1_576' title='bbox 1193 4521 1322 4594; x_wconf 85' lang='lat' dir='ltr'><strong>iustius</strong></span> <span class='ocrx_word' id='word_1_577' title='bbox 1345 4522 1536 4593; x_wconf 87' lang='lat' dir='ltr'><strong>laudantur</strong></span> <span class='ocrx_word' id='word_1_578' title='bbox 1558 4538 1715 4611; x_wconf 88' lang='lat' dir='ltr'><strong>nostrae,</strong></span> <span class='ocrx_word' id='word_1_579' title='bbox 1742 4554 1832 4621; x_wconf 89' lang='lat' dir='ltr'><strong>quae</strong></span> <span class='ocrx_word' id='word_1_580' title='bbox 1853 4531 1959 4623; x_wconf 89' lang='lat' dir='ltr'><strong>longe</strong></span> <span class='ocrx_word' id='word_1_581' title='bbox 1981 4524 2194 4624; x_wconf 86' lang='lat' dir='ltr'><strong>pulchriore-</strong></span> 
     </span>
     <span class='ocr_line' id='line_1_44' title="bbox 155 4621 2182 4714; baseline 0.004 -16"><span class='ocrx_word' id='word_1_582' title='bbox 155 4642 216 4698; x_wconf 89' lang='lat' dir='ltr'><strong>aut</strong></span> <span class='ocrx_word' id='word_1_583' title='bbox 238 4622 518 4694; x_wconf 79' lang='lat' dir='ltr'><strong>benevolentiam</strong></span> <span class='ocrx_word' id='word_1_584' title='bbox 533 4621 642 4711; x_wconf 85' lang='lat' dir='ltr'><strong>Regis</strong></span> <span class='ocrx_word' id='word_1_585' title='bbox 661 4625 942 4714; x_wconf 87' lang='lat' dir='ltr'><strong>adspernaretur.</strong></span> <span class='ocrx_word' id='word_1_586' title='bbox 995 4623 1044 4697; x_wconf 82' lang='lat' dir='ltr'><strong>At</strong></span> <span class='ocrx_word' id='word_1_587' title='bbox 1065 4627 1142 4698; x_wconf 85' lang='lat' dir='ltr'><strong>ille:</strong></span> <span class='ocrx_word' id='word_1_588' title='bbox 1192 4623 1351 4693; x_wconf 81' lang='lat' dir='ltr'><strong>facinore</strong></span> <span class='ocrx_word' id='word_1_589' title='bbox 1363 4647 1484 4714; x_wconf 85' lang='lat' dir='ltr'><strong>pacem</strong></span> <span class='ocrx_word' id='word_1_590' title='bbox 1501 4627 1751 4697; x_wconf 81' lang='lat' dir='ltr'><strong>coniecerunt?</strong></span> <span class='ocrx_word' id='word_1_591' title='bbox 1783 4629 1915 4704; x_wconf 91' lang='lat' dir='ltr'><strong>lllustri</strong></span> <span class='ocrx_word' id='word_1_592' title='bbox 1932 4638 2023 4705; x_wconf 87' lang='lat' dir='ltr'><strong>etad</strong></span> <span class='ocrx_word' id='word_1_593' title='bbox 2040 4660 2182 4706; x_wconf 90' lang='lat' dir='ltr'><strong>omnem</strong></span> 
     </span>
     <span class='ocr_line' id='line_1_45' title="bbox 156 4722 2183 4827; baseline 0.007 -34"><span class='ocrx_word' id='word_1_594' title='bbox 156 4725 348 4819; x_wconf 85' lang='lat' dir='ltr'><strong>Quandoa</strong></span> <span class='ocrx_word' id='word_1_595' title='bbox 365 4734 400 4790; x_wconf 88' lang='lat' dir='ltr'><strong>te</strong></span> <span class='ocrx_word' id='word_1_596' title='bbox 410 4724 547 4805; x_wconf 90' lang='lat' dir='ltr'><strong>iubeor,</strong></span> <span class='ocrx_word' id='word_1_597' title='bbox 572 4724 702 4816; x_wconf 89' lang='lat' dir='ltr'><strong>inquit,</strong></span> <span class='ocrx_word' id='word_1_598' title='bbox 724 4722 814 4808; x_wconf 84' lang='lat' dir='ltr'><strong>Rex,</strong></span> <span class='ocrx_word' id='word_1_599' title='bbox 840 4741 955 4817; x_wconf 88' lang='lat' dir='ltr'><strong>petam</strong></span> <span class='ocrx_word' id='word_1_600' title='bbox 972 4727 1021 4811; x_wconf 89' lang='lat' dir='ltr'><strong>id,</strong></span> <span class='ocrx_word' id='word_1_601' title='bbox 1046 4731 1141 4821; x_wconf 92' lang='lat' dir='ltr'><strong>quod</strong></span> <span class='ocrx_word' id='word_1_602' title='bbox 1193 4724 1407 4818; x_wconf 90' lang='lat' dir='ltr'><strong>posteritatis</strong></span> <span class='ocrx_word' id='word_1_603' title='bbox 1420 4725 1626 4794; x_wconf 89' lang='lat' dir='ltr'><strong>memoriam</strong></span> <span class='ocrx_word' id='word_1_604' title='bbox 1643 4729 1771 4799; x_wconf 88' lang='lat' dir='ltr'><strong>celebri</strong></span> <span class='ocrx_word' id='word_1_605' title='bbox 1791 4733 1883 4803; x_wconf 83' lang='lat' dir='ltr'><strong>iacto</strong></span> <span class='ocrx_word' id='word_1_606' title='bbox 1901 4736 2064 4827; x_wconf 87' lang='lat' dir='ltr'><strong>pictatem</strong></span> <span class='ocrx_word' id='word_1_607' title='bbox 2083 4761 2183 4809; x_wconf 87' lang='lat' dir='ltr'><strong>suam</strong></span> 
     </span>
     <span class='ocr_line' id='line_1_46' title="bbox 85 4822 2181 4926; baseline 0.006 -29"><span class='ocrx_word' id='word_1_608' title='bbox 85 4861 87 4864; x_wconf 48' lang='lat'><strong>&gt;</strong></span> <span class='ocrx_word' id='word_1_609' title='bbox 156 4846 192 4902; x_wconf 85' lang='lat' dir='ltr'><strong>et</strong></span> <span class='ocrx_word' id='word_1_610' title='bbox 216 4822 307 4898; x_wconf 89' lang='lat' dir='ltr'><strong>mibi</strong></span> <span class='ocrx_word' id='word_1_611' title='bbox 327 4835 459 4915; x_wconf 74' lang='lat' dir='ltr'><strong>petere,</strong></span> <span class='ocrx_word' id='word_1_612' title='bbox 492 4838 527 4895; x_wconf 91' lang='lat' dir='ltr'><strong>ct</strong></span> <span class='ocrx_word' id='word_1_613' title='bbox 543 4824 611 4895; x_wconf 90' lang='lat' dir='ltr'><strong>tibi</strong></span> <span class='ocrx_word' id='word_1_614' title='bbox 638 4824 759 4914; x_wconf 87' lang='lat' dir='ltr'><strong>largiri</strong></span> <span class='ocrx_word' id='word_1_615' title='bbox 780 4829 932 4900; x_wconf 87' lang='lat' dir='ltr'><strong>maxime</strong></span> <span class='ocrx_word' id='word_1_616' title='bbox 953 4826 1140 4899; x_wconf 90' lang='lat' dir='ltr'><strong>honestum</strong></span> <span class='ocrx_word' id='word_1_617' title='bbox 1193 4849 1275 4915; x_wconf 90' lang='lat' dir='ltr'><strong>erga</strong></span> <span class='ocrx_word' id='word_1_618' title='bbox 1289 4824 1455 4916; x_wconf 86' lang='lat' dir='ltr'><strong>coniuges</strong></span> <span class='ocrx_word' id='word_1_619' title='bbox 1469 4826 1694 4902; x_wconf 88' lang='lat' dir='ltr'><strong>declararunt</strong></span> <span class='ocrx_word' id='word_1_620' title='bbox 1709 4830 1916 4926; x_wconf 82' lang='lat' dir='ltr'><strong>Minyarum</strong></span> <span class='ocrx_word' id='word_1_621' title='bbox 1931 4862 2074 4925; x_wconf 84' lang='lat' dir='ltr'><strong>uxores;</strong></span> <span class='ocrx_word' id='word_1_622' title='bbox 2101 4864 2181 4909; x_wconf 90' lang='lat' dir='ltr'><strong>cum</strong></span> 
     </span>
    </p>
   </div>
   <div class='ocr_carea' id='block_1_6' title="bbox 39 4921 2303 5022">
    <p class='ocr_par' dir='ltr' id='par_1_6' title="bbox 39 4921 2303 5022">
     <span class='ocr_line' id='line_1_47' title="bbox 39 4921 2303 5022; baseline 0.004 -22"><span class='ocrx_word' id='word_1_623' title='bbox 39 4941 41 4945; x_wconf 82' lang='grc'>’</span> <span class='ocrx_word' id='word_1_624' title='bbox 157 4933 288 5002; x_wconf 89' lang='lat' dir='ltr'><strong>iudico.</strong></span> <span class='ocrx_word' id='word_1_625' title='bbox 325 4923 409 4995; x_wconf 84' lang='lat' dir='ltr'><strong>Fuit</strong></span> <span class='ocrx_word' id='word_1_626' title='bbox 424 4921 507 4988; x_wconf 64' lang='lat' dir='ltr'><strong>mni</strong></span> <span class='ocrx_word' id='word_1_627' title='bbox 523 4939 624 4996; x_wconf 83' lang='lat' dir='ltr'><strong>vetus</strong></span> <span class='ocrx_word' id='word_1_628' title='bbox 636 4925 790 4994; x_wconf 88' lang='lat' dir='ltr'><strong>amicitia</strong></span> <span class='ocrx_word' id='word_1_629' title='bbox 805 4943 839 4998; x_wconf 93' lang='lat' dir='ltr'><strong>et</strong></span> <span class='ocrx_word' id='word_1_630' title='bbox 855 4926 1047 5022; x_wconf 88' lang='lat' dir='ltr'><strong>hospitium</strong></span> <span class='ocrx_word' id='word_1_631' title='bbox 1060 4955 1140 5000; x_wconf 91' lang='lat' dir='ltr'><strong>cum</strong></span> <span class='ocrx_word' id='word_1_632' title='bbox 1193 4928 1289 4996; x_wconf 91' lang='lat' dir='ltr'><strong>enim</strong></span> <span class='ocrx_word' id='word_1_633' title='bbox 1313 4926 1380 4996; x_wconf 83' lang='lat' dir='ltr'><strong>viri</strong></span> <span class='ocrx_word' id='word_1_634' title='bbox 1404 4951 1445 4997; x_wconf 82' lang='lat' dir='ltr'><strong>ex</strong></span> <span class='ocrx_word' id='word_1_635' title='bbox 1473 4951 1512 4995; x_wconf 92' lang='lat' dir='ltr'><strong>ea</strong></span> <span class='ocrx_word' id='word_1_636' title='bbox 1539 4929 1674 5001; x_wconf 83' lang='lat' dir='ltr'><strong>familia</strong></span> <span class='ocrx_word' id='word_1_637' title='bbox 1695 4956 1837 5020; x_wconf 89' lang='lat' dir='ltr'><strong>omnes,</strong></span> <span class='ocrx_word' id='word_1_638' title='bbox 1870 4962 2021 5012; x_wconf 91' lang='lat' dir='ltr'><strong>numero</strong></span> <span class='ocrx_word' id='word_1_639' title='bbox 2041 4942 2184 5011; x_wconf 90' lang='lat' dir='ltr'><strong>circiter</strong></span> <span class='ocrx_word' id='word_1_640' title='bbox 2300 4968 2303 4977; x_wconf 92' lang='lat'><strong>·</strong></span> 
     </span>
    </p>
   </div>
   <div class='ocr_carea' id='block_1_7' title="bbox 161 5018 2182 5529">
    <p class='ocr_par' dir='ltr' id='par_1_7' title="bbox 161 5018 2182 5428">
     <span class='ocr_line' id='line_1_48' title="bbox 162 5018 2182 5149; baseline 0.006 -50"><span class='ocrx_word' id='word_1_641' title='bbox 162 5024 410 5149; x_wconf 54' lang='lat' dir='ltr'><strong>qqqqllopbane</strong></span> <span class='ocrx_word' id='word_1_642' title='bbox 432 5018 627 5113; x_wconf 70' lang='lat' dir='ltr'><strong>Pydnutsi,</strong></span> <span class='ocrx_word' id='word_1_643' title='bbox 667 5026 729 5119; x_wconf 94' lang='lat' dir='ltr'><strong>qui</strong></span> <span class='ocrx_word' id='word_1_644' title='bbox 751 5049 830 5096; x_wconf 87' lang='lat' dir='ltr'><strong>cum</strong></span> <span class='ocrx_word' id='word_1_645' title='bbox 855 5052 896 5101; x_wconf 89' lang='lat' dir='ltr'><strong>ex</strong></span> <span class='ocrx_word' id='word_1_646' title='bbox 917 5032 1057 5103; x_wconf 92' lang='lat' dir='ltr'><strong>insidiis</strong></span> <span class='ocrx_word' id='word_1_647' title='bbox 1081 5031 1138 5101; x_wconf 90' lang='lat' dir='ltr'><strong>in·</strong></span> <span class='ocrx_word' id='word_1_648' title='bbox 1192 5026 1315 5110; x_wconf 84' lang='lat' dir='ltr'><strong>XXX,</strong></span> <span class='ocrx_word' id='word_1_649' title='bbox 1343 5043 1489 5121; x_wconf 89' lang='lat' dir='ltr'><strong>propter</strong></span> <span class='ocrx_word' id='word_1_650' title='bbox 1504 5030 1654 5105; x_wconf 85' lang='lat' dir='ltr'><strong>affectati</strong></span> <span class='ocrx_word' id='word_1_651' title='bbox 1668 5035 1901 5125; x_wconf 90' lang='lat' dir='ltr'><strong>suspicionem</strong></span> <span class='ocrx_word' id='word_1_652' title='bbox 1918 5043 2017 5134; x_wconf 88' lang='lat' dir='ltr'><strong>regni</strong></span> <span class='ocrx_word' id='word_1_653' title='bbox 2036 5041 2182 5137; x_wconf 86' lang='lat' dir='ltr'><strong>aSpar-</strong></span> 
     </span>
     <span class='ocr_line' id='line_1_49' title="bbox 161 5123 2181 5287; baseline 0.012 -96"><span class='ocrx_word' id='word_1_654' title='bbox 161 5123 713 5287; x_wconf 50' lang='grc' dir='ltr'><strong>ἀωᾜῐ-Ὴῖιξῗῦἓὲθῦοῗθῡὶῗῑί</strong></span> <span class='ocrx_word' id='word_1_655' title='bbox 742 5127 831 5197; x_wconf 88' lang='lat' dir='ltr'><strong>iram</strong></span> <span class='ocrx_word' id='word_1_656' title='bbox 853 5133 1013 5252; x_wconf 59' lang='lat' dir='ltr'><strong>‚f‘ssffflj</strong></span> <span class='ocrx_word' id='word_1_657' title='bbox 1051 5133 1140 5252; x_wconf 77' lang='lat' dir='ltr'><strong>filias</strong></span> <span class='ocrx_word' id='word_1_658' title='bbox 1191 5128 1286 5249; x_wconf 61' lang='lat' dir='ltr'><strong>huis</strong></span> <span class='ocrx_word' id='word_1_659' title='bbox 1304 5131 1467 5251; x_wconf 77' lang='lat' dir='ltr'><strong>publicae</strong></span> <span class='ocrx_word' id='word_1_660' title='bbox 1481 5133 1661 5252; x_wconf 76' lang='lat' dir='ltr'><strong>custodiae</strong></span> <span class='ocrx_word' id='word_1_661' title='bbox 1674 5134 1821 5224; x_wconf 88' lang='lat' dir='ltr'><strong>inclusi,</strong></span> <span class='ocrx_word' id='word_1_662' title='bbox 1838 5154 1873 5213; x_wconf 92' lang='lat' dir='ltr'><strong>et</strong></span> <span class='ocrx_word' id='word_1_663' title='bbox 1889 5144 2063 5236; x_wconf 88' lang='lat' dir='ltr'><strong>supplicio</strong></span> <span class='ocrx_word' id='word_1_664' title='bbox 2078 5146 2181 5265; x_wconf 39' lang='lat' dir='ltr'><strong>‘capi-</strong></span> 
     </span>
     <span class='ocr_line' id='line_1_50' title="bbox 161 5232 2180 5428; baseline 0.034 -80"><span class='ocrx_word' id='word_1_665' title='bbox 161 5281 232 5353; x_wconf 92' lang='lat' dir='ltr'><strong>ilis</strong></span> <span class='ocrx_word' id='word_1_666' title='bbox 255 5305 360 5375; x_wconf 89' lang='lat' dir='ltr'><strong>esset,</strong></span> <span class='ocrx_word' id='word_1_667' title='bbox 388 5235 773 5395; x_wconf 61' lang='lat' dir='ltr'><strong>transmiseriiomtia’a</strong></span> <span class='ocrx_word' id='word_1_668' title='bbox 786 5232 901 5401; x_wconf 50' lang='lat' dir='ltr'><strong>illiniriu</strong></span> <span class='ocrx_word' id='word_1_669' title='bbox 918 5246 1139 5428; x_wconf 50' lang='lat' dir='ltr'><strong>ttulistiiruvrii:</strong></span> <span class='ocrx_word' id='word_1_670' title='bbox 1190 5232 2180 5417; x_wconf 50' lang='lat' dir='ltr'><strong>ttirltbliiriieiiliicnrriiaariioiitsrennitbmqiiiriocilemmveiim:giiii</strong></span> 
     </span>
    </p>

    <p class='ocr_par' dir='ltr' id='par_1_8' title="bbox 631 5371 2180 5529">
     <span class='ocr_line' id='line_1_51' title="bbox 631 5371 2180 5529; baseline 0.019 -39"><span class='ocrx_word' id='word_1_671' title='bbox 631 5416 692 5490; x_wconf 87' lang='lat' dir='ltr'><strong>iles</strong></span> <span class='ocrx_word' id='word_1_672' title='bbox 714 5424 804 5516; x_wconf 86' lang='lat' dir='ltr'><strong>iam,</strong></span> <span class='ocrx_word' id='word_1_673' title='bbox 836 5444 941 5527; x_wconf 89' lang='lat' dir='ltr'><strong>atque</strong></span> <span class='ocrx_word' id='word_1_674' title='bbox 963 5460 1004 5508; x_wconf 91' lang='lat' dir='ltr'><strong>ea</strong></span> <span class='ocrx_word' id='word_1_675' title='bbox 1026 5449 1139 5508; x_wconf 87' lang='lat' dir='ltr'><strong>aetate</strong></span> <span class='ocrx_word' id='word_1_676' title='bbox 1189 5449 1322 5524; x_wconf 88' lang='lat' dir='ltr'><strong>essent,</strong></span> <span class='ocrx_word' id='word_1_677' title='bbox 1355 5437 1522 5529; x_wconf 88' lang='lat' dir='ltr'><strong>coniuges</strong></span> <span class='ocrx_word' id='word_1_678' title='bbox 1551 5460 1674 5510; x_wconf 87' lang='lat' dir='ltr'><strong>eorum</strong></span> <span class='ocrx_word' id='word_1_679' title='bbox 1704 5463 1746 5512; x_wconf 84' lang='lat' dir='ltr'><strong>ex</strong></span> <span class='ocrx_word' id='word_1_680' title='bbox 1775 5372 2005 5517; x_wconf 64' lang='lat' dir='ltr'><strong>nobilisaiinois</strong></span> <span class='ocrx_word' id='word_1_681' title='bbox 2033 5371 2180 5520; x_wconf 58' lang='lat' dir='ltr'><strong>firmiliia</strong></span> 
     </span>
    </p>
   </div>
   <div class='ocr_carea' id='block_1_8' title="bbox 0 0 2370 6023">
    <p class='ocr_par' dir='ltr' id='par_1_9' title="bbox 0 0 2370 6023">
     <span class='ocr_line' id='line_1_52' title="bbox 0 0 2370 6023; baseline 0 0"><span class='ocrx_word' id='word_1_682' title='bbox 0 0 2370 6023; x_wconf 95' lang='lat' dir='ltr'><strong> </strong></span> 
     </span>
    </p>
   </div>
  </div>
 </body>
</html>
