4732 6030
799 215 960 288 unct.
1011 212 1086 286 DE
1119 204 1445 283 AMBROSIO.

106 212 183 291 689
2061 217 2138 303 590

106 389 191 460 bani
215 384 411 458 Bacchum:
443 409 504 456 vos
523 384 680 458 Romani
695 411 792 477 pene
814 389 915 458 obliti
938 400 1097 457 veterum
1135 392 1307 451 'nostram
1330 380 1615 483 disputationem.
1666 380 1879 479 Quanquam
1903 387 2037 456 oblivio
2059 412 2140 456 coe-

106 515 304 574 sacrorum,
343 489 466 558 urbem
493 488 688 558 barbaricis
718 489 848 558 ritibus
874 491 1096 580 implevistis.
1149 483 1245 552 lestis
1269 482 1456 551 doctrinae
1475 495 1553 571 post
1575 476 1700 553 Nohae
1721 487 1812 555 filios
1834 488 1927 558 inter
1950 502 2139 578 gentessc-

108 592 160 662 At
175 594 214 660 iu
228 580 384 659 Ecclesia
399 602 519 660 nostra
535 602 639 659 sonat
657 614 729 660 uua
745 603 779 659 et
796 593 916 659 cadem
932 587 1095 680 Evange-
1149 598 1227 653 cuta
1248 597 1317 667 est,
1341 597 1459 653 tamen
1482 583 1610 652 mansit
1626 580 1800 670 Ecclesia,
1825 602 1858 660 et
1874 590 2033 659 doctrina
2051 591 2137 659 sub-

108 694 150 761 lii
172 717 238 761 vox
263 715 281 759 a
299 692 422 782 primis
440 692 643 781 parentibus
666 705 834 782 perpetua
857 693 967 771 serie,
993 693 1095 761 certis
1148 686 1232 769 inde
1248 697 1360 753 certos
1375 697 1477 753 testes
1492 700 1525 756 et
1543 688 1704 756 custodes
1720 682 1855 759 habuit.
1899 688 2135 760 Gravissimas

108 793 317 865 testimoniis
333 805 540 882 propagata:
559 805 593 862 et
608 805 648 861 ut
661 793 862 862 testimonia
881 807 996 862 esseut
1010 794 1094 863 illu·
1148 811 1267 856 causas
1284 780 1410 854 habuit
1426 785 1508 856 Sem
1524 810 1586 855 cur
1600 790 1692 877 patri
1715 793 1886 859 crederet:
1913 785 2009 861 hunc
2032 791 2134 862 audi·

105 895 251 976 striora,
276 894 366 962 ritus
382 893 495 961 additi
511 906 594 963 suut
608 894 694 963 alias
709 894 789 979 alii,
815 895 876 988 qui
894 909 1092 986 temporum
1147 889 1198 957 vit
1213 881 1416 972 Abraham,
1443 888 1543 957 cuius
1557 891 1687 977 posteri
1704 891 1919 977 doctrinam,
1945 906 1980 962 et
1993 916 2136 962 conser-

106 996 274 1064 articulos
306 995 561 1078 discernerent,
602 1010 636 1063 et
663 1008 830 1087 tauquam
860 997 1020 1088 symbola
1049 999 1094 1064 de
1146 1005 1277 1060 varunt
1309 1001 1343 1058 et
1376 987 1481 1058 latius
1512 1008 1725 1080 sparserunt.
1777 993 1867 1063 Nam
1899 990 2027 1087 loseph
2059 1016 2135 1062 eam

107 1096 266 1166 doctrina
299 1108 509 1184 spectatores
546 1097 790 1170 admonerent.
853 1095 901 1168 Et
935 1097 1094 1166 discendi
1146 1089 1329 1185 Aegyptiis
1343 1091 1499 1174 tradidit,
1526 1105 1644 1181 postea
1662 1119 1723 1183 per
1737 1094 1878 1166 Moiseu
1892 1108 2058 1165 renovata
2074 1108 2136 1180 est,

106 1222 208 1269 causa
224 1196 378 1266 instituti
395 1210 479 1266 suut
494 1197 693 1289 frequentes
708 1209 743 1266 et
764 1194 903 1267 honesti
920 1213 1038 1269 coetus
1054 1224 1093 1268 ac
1147 1217 1252 1286 quam
1269 1191 1391 1273 losue,
1417 1187 1567 1260 Phiuees
1583 1194 1691 1263 etalii
1706 1199 1905 1268 audierunt.
1939 1195 1987 1269 Et
2002 1197 2134 1266 consti-

57 1369 58 1372 ,
104 1320 309 1391 panegyres.
361 1296 431 1366 Sed
447 1298 609 1366 doctriua
622 1299 690 1369 fuit
708 1322 778 1367 una
794 1301 985 1391 eademque
1002 1324 1094 1369 sem·
1146 1307 1261 1364 tutum
1284 1307 1334 1362 est
1358 1291 1544 1380 collegium
1569 1291 1797 1368 Sacerdotum
1815 1301 1858 1368 ad
1884 1301 2049 1370 tuendam
2067 1298 2134 1367 do·

106 1424 187 1489 per,
216 1422 321 1491 quam
344 1399 383 1466 in
403 1411 474 1467 tam
493 1398 626 1468 crebris
651 1423 769 1469 rerum
801 1395 1037 1472 humanarum
1060 1415 1094 1471 et
1146 1395 1315 1478 ctrinam,
1341 1407 1375 1463 et
1390 1393 1473 1462 libri
1488 1394 1574 1463 certi
1588 1401 1822 1469 commendati
1838 1415 1930 1471 sunt.
1971 1399 2133 1471 Subinde

104 1501 265 1569 omnium
288 1500 515 1590 imperiorum
537 1501 814 1586 mutationibus,
840 1502 879 1571 in
904 1517 955 1572 tot
977 1502 1094 1587 bellis,
1145 1511 1264 1565 tamen
1288 1492 1448 1565 excitavit
1470 1492 1565 1564 Deus
1590 1495 1840 1570 instauratores
1861 1500 2061 1582 doctrinae,
2091 1512 2133 1569 ut

106 1602 372 1684 vastationibus,
395 1600 539 1669 excidiis
553 1603 659 1671 etiam
675 1626 794 1672 carrum
811 1604 981 1693 gentium,
1004 1627 1093 1696 quae
1145 1597 1365 1682 Samuelem,
1397 1597 1497 1666 cuius
1521 1598 1700 1668 auditores
1726 1602 1822 1670 fuere
1844 1597 2003 1683 Nathan,
2038 1598 2132 1680 Gad‚

105 1704 324 1792 praebebunt
348 1697 541 1791 hospitium
559 1700 754 1788 Ecclesiae,
780 1706 910 1774 deinde
930 1707 969 1774 in
987 1705 1094 1774 tantis
1144 1696 1272 1772 David.
1305 1696 1382 1767 Hos
1397 1697 1513 1767 statim
1530 1701 1979 1794 secutusAbiasSilonites:
2004 1701 2133 1771 deinde

104 1804 271 1892 periculis
287 1817 379 1871 recte
401 1802 627 1875 sentientium
650 1819 890 1876 conservatam
913 1831 986 1877 esse
1009 1829 1093 1896 pro·
1144 1798 1261 1885 Elias,
1290 1796 1447 1875 Eliseus,
1472 1795 1611 1879 Esaias,
1644 1800 1827 1887 leremias,
1853 1799 2035 1886 Ezechiel,
2060 1802 2132 1873 Da.-

104 1905 492 1973 fectomirandnmest.
1145 1901 1237 1984 niel,
1269 1897 1421 1981 Esdras,
1456 1892 1666 1986 Nehemias,
1709 1901 1936 1989 Machabaei,
1974 1903 2133 1988 Simeon,

1144 2003 1293 2070 loannes
1312 1997 1468 2090 Baptista
1488 2023 1562 2068 non
1584 2002 1699 2092 longis
1716 2005 1910 2074 intervallis
1928 2006 1966 2073 iu
1984 2008 2131 2073 eandem

192 2038 331 2108 Deinde
347 2038 469 2126 etipsa
485 2039 670 2108 doctorum
688 2040 794 2108 series
809 2052 956 2110 testatur
971 2038 1093 2129 singu-

104 2140 178 2207 lare
196 2139 262 2207 Dei
279 2138 488 2207 beneficium
505 2161 597 2221 esse,
622 2135 728 2209 huius
745 2141 925 2210 doctrinae
951 2165 1093 2211 conser-

104 2242 295 2311 vationem.
348 2237 395 2309 Ut
416 2241 454 2305 in
476 2241 551 2309 acie
571 2240 732 2330 dispositi
749 2255 833 2311 sunt
848 2255 943 2312 certo
967 2243 1093 2327 ordine

103 2342 254 2423 milites,
280 2354 322 2409 ut
344 2341 381 2406 in
403 2339 608 2428 praeliando
631 2342 692 2409 alii
709 2344 788 2412 aliis
809 2346 1016 2414 succedant:
1043 2344 1092 2413 ita

103 2443 141 2510 in
160 2437 315 2510 Ecclesia
338 2441 461 2508 divino
487 2441 636 2511 consilio
656 2445 818 2513 doctores
835 2457 869 2513 et
890 2458 994 2515 testes
1008 2468 1090 2513 vera

103 2542 290 2612 autoritate
314 2540 466 2631 praediti
492 2543 570 2611 aliis
600 2558 851 2618 successerunt.
902 2545 1091 2616 Viventem

103 2640 221 2712 Adam
235 2644 424 2712 audierunt
439 2642 574 2735 aliquot
589 2645 715 2714 seculis
730 2641 829 2726 Seth,
854 2643 954 2716 Enos
970 2661 1004 2716 et
1018 2645 1092 2716 He·

103 2740 209 2815 noth.
263 2742 450 2813 Viventem
472 2741 571 2814 Enos
592 2747 729 2816 audivit
748 2742 873 2831 Noha,
899 2745 995 2817 hunc
1012 2759 1093 2840 post

103 2846 277 2914 diluvium
299 2847 430 2937 posteri
453 2868 565 2913 annos
588 2858 761 2915 trecentos
783 2862 817 2916 et
834 2850 1091 2941 quinquaginta

103 2948 311 3030 audierunt,
343 2946 399 3013 cui
416 2943 498 3012 Sem
516 2945 610 3013 filius
635 2946 697 3035 qui
720 2947 896 3035 principes
917 2946 1091 3017 Ecclesiae

104 3061 185 3117 ante
218 3046 395 3114 diluvium
429 3057 463 3113 et
488 3058 605 3132 postea
629 3068 758 3112 novam
781 3069 900 3115 rerum
926 3061 1089 3116 naturam

104 3151 217 3229 vidit,
241 3146 405 3213 successit
420 3139 585 3213 Abrahae
610 3146 786 3234 magister.
839 3145 928 3216 Nam
952 3163 985 3217 et
1003 3149 1091 3218 vici-

103 3269 168 3317 nas
184 3248 283 3315 sedes
302 3240 517 3327 habuerunt,
542 3259 576 3314 et
591 3259 723 3314 veteres
740 3243 959 3319 Ebraeorum
978 3245 1091 3319 bisto-

104 3347 179 3417 riae
200 3350 327 3416 docent
347 3345 428 3415 Sem
452 3346 558 3414 fuisse
582 3370 661 3414 cum
684 3345 910 3429 Pontificem,
944 3351 999 3419 cui
1024 3375 1091 3418 no-

105 3473 186 3517 men
214 3461 266 3516 est
289 3441 563 3519 Melchizedech.
621 3446 692 3517 Nec
716 3450 866 3520 dubium
891 3465 942 3521 est
967 3447 1091 3541 laphet

104 3564 269 3641 pateruae
293 3547 473 3616 doctrinae
494 3550 672 3616 custodem
698 3551 759 3618 diu
783 3552 901 3620 inisse.
958 3551 1089 3621 Mansit

103 3651 213 3738 igitur
233 3650 368 3741 aliquot
392 3647 535 3726 seculis,
568 3648 672 3715 etiam
699 3649 737 3716 in
759 3651 891 3719 dissitis
914 3652 1088 3738 gentibus.

104 3748 279 3829 Ecclesia,
307 3749 371 3820 etsi
386 3748 554 3838 paulatim
580 3743 644 3816 hos
667 3751 852 3837 magistros
869 3751 972 3820 multi
991 3754 1090 3820 dese-

104 3866 268 3936 ruerunt,
300 3851 466 3940 venitque
483 3850 636 3920 deterior
650 3863 763 3936 aetas,
794 3876 862 3945 qua
887 3853 1015 3944 passim
1031 3855 1090 3922 fu-

103 3977 182 4044 gere
200 3955 332 4045 pudor,
359 3974 550 4043 verumque
565 3951 731 4042 fidesque.

204 4091 300 4177 loque
315 4095 424 4154 horum
439 4094 554 4153 subiere
570 4095 672 4152 locum
690 4091 868 4176 fraudesque
890 4094 1025 4177 dolique,

207 4193 394 4279 Insidiaeque
410 4208 439 4256 et
452 4200 496 4256 vis
510 4209 538 4254 et
553 4216 637 4254 aanor
649 4199 806 4255 sceleratus
821 4194 961 4256 habendi.

105 4322 236 4410 Magna
260 4339 312 4391 est
336 4320 470 4390 diaboli
499 4320 672 4408 potentia,
705 4320 906 4389 insidiantis
934 4317 1090 4391 humano

105 4423 235 4513 generi,
262 4446 385 4512 magna
401 4416 587 4491 hominum
602 4421 799 4491 infirmitas.
851 4420 935 4490 ldeo
954 4447 1091 4514 semper

104 4538 214 4594 ruunt
231 4548 344 4593 mores
359 4524 396 4591 in
412 4523 576 4603 deterius,
604 4548 642 4592 ac
659 4523 789 4592 mirum
803 4537 854 4593 cst
871 4524 908 4590 in
925 4524 1090 4594 Sodomis

105 4639 242 4696 tantum
266 4625 430 4693 exarsisse
449 4625 623 4707 furorem,
656 4648 735 4693 cum
760 4619 932 4695 haberent
955 4626 1091 4695 vicinos

105 4731 263 4796 doctores
279 4723 360 4796 Sem
377 4737 410 4794 et
426 4716 618 4803 Abraham,
641 4749 679 4791 ac
695 4727 805 4794 civem
824 4723 929 4795 Loth.
975 4726 1090 4796 Testis

105 4829 177 4897 illis
207 4843 281 4897 erat
307 4825 433 4894 diluvii
457 4823 557 4906 Sem,
584 4818 763 4894 Abraham
789 4829 993 4897 liberaverat
1022 4829 1090 4898 So-

104 4932 249 4998 domeos
262 4927 448 5019 profligato
465 4920 585 4992 hostili
603 4925 765 4994 exercitu.
807 4928 876 4998 Sed
894 4953 957 4997 nec
975 4953 1088 4997 exem.

1143 2103 1330 2173 stationem
1346 2115 1602 2183 successerunt,
1629 2100 1816 2176 hossecuti
1831 2102 2005 2190 Christus,
2031 2105 2131 2195 Apo-

1143 2203 1225 2274 stoli
1257 2216 1291 2272 et
1323 2196 1452 2272 horum
1476 2202 1642 2295 discipuli
1663 2202 1899 2297 Evangelium
1927 2219 2132 2299 sparserunt

1138 2306 1237 2385 ,inter
1252 2317 1391 2394 gentes,
1415 2305 1551 2394 magnis
1567 2308 1826 2379 certaminibus.

1244 2405 1361 2475 Multa
1385 2419 1488 2488 sunt,
1521 2432 1609 2500 quae
1632 2411 1762 2478 bonam
1787 2424 1936 2480 mentem
1959 2411 2131 2480 delectare

1145 2523 1301 2599 possunt,
1327 2506 1357 2574 si
1372 2506 1496 2574 seriem
1513 2508 1710 2580 consideret
1725 2513 1908 2581 doctorum
1927 2525 2129 2580 nostrorum

1143 2611 1227 2678 inde
1254 2632 1366 2702 usque
1389 2608 1434 2676 ab
1450 2609 1562 2676 Adam
1589 2611 1633 2677 ad
1655 2608 1907 2702 Apostolorum
1924 2611 2147 2699 discipulos.¹

1142 2709 1302 2779 Primum
1336 2708 1551 2798 conspicitur
1579 2709 1647 2780 Dei
1676 2713 1896 2802 providentia
1925 2714 1963 2781 in
1997 2714 2128 2781 tuenda

1143 2811 1319 2890 doctrina,
1345 2809 1428 2903 qui,
1454 2809 1518 2880 etsi
1541 2833 1666 2901 magna
1690 2815 1727 2882 in
1745 2812 1852 2884 lsraiil
1875 2829 1909 2883 et
1925 2812 2029 2895 luda,
2056 2810 2130 2883 Re-

1142 2936 1224 3003 gum
1240 2936 1280 2980 ac
1293 2909 1542 2993 sacerdotum,
1570 2926 1647 2983 tum
1663 2916 1886 3007 negligentia,
1912 2931 1988 2985 tum
2002 2914 2128 3004 impie·

1142 3013 1302 3091 rasfolt,
1333 3026 1367 3082 et
1388 3033 1533 3100 magnae
1554 3012 1669 3084 clades
1695 3032 1854 3109 acceptae
1878 3029 1978 3102 sunt,
2011 3030 2128 3083 tamen

1142 3112 1349 3209 excellentes
1372 3113 1622 3200 gubernatores
1641 3117 1709 3208 piis
1723 3121 1873 3211 quadam
1891 3119 2058 3189 continua
2076 3139 2130 3186 se-

1142 3214 1194 3283 rie
1208 3214 1319 3283 dedit.
1361 3210 1439 3281 Hoc
1455 3217 1561 3283 modo
1577 3240 1689 3311 usque
1707 3220 1750 3288 ad
1766 3220 1890 3289 mundi
1908 3218 2129 3289 finem'Deus

1141 3311 1336 3384 Ecclesiam
1354 3314 1611 3403 gubernaturus
1634 3333 1703 3404 est,
1726 3319 1764 3388 in
1778 3345 1846 3413 qua
1862 3320 1926 3390 etsi
1943 3334 2064 3402 erunt,
2090 3333 2132 3408 ut

1142 3415 1213 3483 iam
1247 3415 1404 3505 exempla
1431 3415 1564 3484 Ariana
1590 3418 1763 3505 vidimus,
1802 3422 1919 3512 magni
1946 3421 2130 3504 tumultus,

1143 3529 1261 3586 tamen
1279 3516 1375 3587 Deus
1393 3512 1531 3610 aliquos
1554 3520 1706 3589 subinde
1721 3522 1921 3593 defensores
1941 3536 1975 3591 et
1994 3522 2129 3591 instau-

1141 3631 1274 3686 ratores
1291 3641 1390 3686 verae
1405 3618 1584 3689 doctrinae
1602 3622 1777 3696 excitabit.
1822 3621 1961 3691 Deinde
1977 3623 2061 3717 quid
2078 3635 2131 3694 est

1143 3716 1349 3800 iucundius,
1382 3741 1487 3809 quam
1513 3718 1634 3789 videre
1657 3723 1759 3791 talem
1783 3721 1953 3795 Senatum
1973 3749 2130 3794 summo·

1142 3842 1221 3887 rum
1240 3816 1420 3911 virorum,
1446 3819 1507 3910 qui
1524 3814 1701 3890 Ecclesiae
1717 3824 1823 3892 duces
1838 3824 1993 3905 fuerunt,
2017 3839 2051 3893 et
2065 3848 2131 3893 an·

1143 3917 1377 3988 tecelluerunt
1393 3917 1456 3985 toti
1470 3921 1590 4005 generi
1608 3917 1763 3991 humano
1780 3923 1961 4012 sapientia,
1986 3923 2132 4010 iustitia,

1143 4017 1323 4098 doctrina,
1355 4016 1600 4104 magnitudine
1620 4020 1747 4105 animi,
1778 4024 1960 4107 sanctitate
1980 4048 2132 4110 morum,

1143 4116 1256 4204 gloria
1279 4139 1396 4183 rerum
1426 4132 1619 4207 gestarum,
1659 4123 1813 4217 denique
1838 4149 1899 4214 per
1922 4149 2011 4216 quos
2035 4128 2131 4197 viros

1143 4217 1239 4288 Deus
1260 4241 1297 4285 se
1320 4211 1476 4287 humano
1497 4222 1617 4308 generi
1640 4224 1823 4312 patefecit?
1873 4224 1979 4314 Quod
1998 4243 2132 4316 specta-

1143 4321 1264 4391 culum
1278 4320 1424 4407 cogitari
1448 4322 1639 4394 iucundius
1659 4339 1790 4415 potest,
1815 4351 1920 4420 quam
1937 4327 2058 4398 videre
2077 4333 2135 4401 ta-'

1142 4422 1212 4491 lem
1228 4418 1389 4490 coetum?
2050 4513 2053 4516 Α

1244 4520 1361 4610 Quam
1388 4537 1427 4593 tu
1447 4517 1536 4592 mihi
1558 4527 1681 4595 seriem
1703 4525 1913 4622 Symmacho
1935 4546 2132 4604 vestrorum

1144 4626 1328 4693 doctorum
1349 4624 1496 4692 recitare
1521 4629 1641 4713 potes?
1680 4626 1840 4700 Minoem
1856 4632 1951 4701 dices
1968 4632 2062 4704 lovis
2079 4636 2132 4704 la-

1143 4725 1343 4793 miliaritat'e
1360 4735 1393 4791 et
1410 4725 1588 4815 colloquio
1609 4751 1711 4796 usum
1727 4753 1840 4799 annos
1857 4757 1995 4805 novem.
2054 4732 2133 4807 Nu-

1141 4851 1233 4894 mam
1250 4824 1354 4892 etiam
1372 4824 1567 4893 recensebis
1583 4823 1730 4917 Egeriae
1748 4832 1894 4904 monitis
1913 4835 2005 4925 leges
2028 4850 2061 4908 et
2076 4861 2133 4907 ce-

1143 4925 1319 4995 remonias
1336 4939 1603 5015 proponentem.
1652 4925 1730 4998 Etsi
1754 4946 1837 5002 sunt
1854 4935 2005 5005 absurda
2023 4963 2131 5030 quae-

103 5033 203 5122 ptum
225 5030 369 5114 diluvii,
396 5051 460 5095 nec
483 5038 595 5093 metus
620 5025 772 5094 ullarum
789 5052 1000 5118 poenarum,
1026 5054 1089 5100 uec
1140 5028 1221 5095 dam
1239 5024 1431 5098 iuGraecis
1445 5029 1592 5117 legibus,
1613 5032 1816 5119 praesertim
1834 5036 1878 5103 de
1894 5040 2084 5110 connubiis
2098 5054 2134 5110 et

104 5132 275 5201 autoritas
299 5127 426 5200 horum
454 5127 629 5209 virorum,
667 5151 730 5194 nec
755 5127 921 5199 beneficia
948 5131 1088 5212 divina,
1140 5127 1322 5213 sodalitiis,
1338 5143 1455 5201 tamen
1469 5130 1648 5200 adsentior
1662 5132 1770 5203 luisse
1782 5135 1969 5229 aliquoties
1985 5164 2132 5230 magnos

104 5260 193 5327 quae
217 5259 278 5323 per
295 5228 359 5300 hos
375 5229 593 5316 contigerant
611 5228 748 5296 flectere
769 5229 814 5297 ad
833 5231 1088 5329 melioresmo-
1139 5232 1405 5319 gubernatores,
1429 5232 1492 5322 qui
1506 5232 1626 5301 civiles
1643 5257 1758 5304 mores
1772 5241 2064 5321 emendaverunt,
2092 5262 2134 5310 ac

103 5361 159 5406 res
176 5331 267 5406 hanc
291 5332 555 5405 multitudinem
575 5342 778 5423 potueruut.
838 5329 907 5401 Sed
925 5338 1030 5403 redeo
1044 5335 1089 5403 ad
1140 5331 1363 5424 disciplinam
1380 5334 1426 5401 ad
1443 5346 1587 5404 naturae
1603 5335 1715 5428 leges,
1741 5354 1913 5431 quantum
1937 5355 2134 5432 potuerunt
