4732 6030
65 282 136 353 601

636 276 793 353 DECL.
826 277 903 353 DE
933 271 1222 353 ECCLESlA
1255 273 1514 350 CHRISTI.

2013 274 2088 346 602

65 448 182 523 clesia.
232 444 391 519 Fortasse
413 448 481 517 alia
505 448 582 519 aliis
604 449 822 539 temporibus
839 414 1049 539 congruunt.
1072 454 1078 517 Ι
1101 446 1214 515 lestis:
1241 445 1323 538 quia
1349 445 1531 535 posteritas
1557 439 1648 513 Cain
1671 457 1852 533 paternam
1874 443 2088 535 impietatem

65 549 136 621 Sed
161 545 226 618 hoc
248 562 406 641 tempore
431 551 548 619 nescio
571 574 617 619 an
641 551 825 643 quisquam
848 553 927 640 pius
950 575 1049 618 nieta-

65 663 136 719 tem
157 674 196 717 ac
218 649 375 718 oculosa
396 664 584 740 conspectu
599 646 774 721 Ecclesiae
789 666 945 721 avertere
963 676 1049 742 pos·

64 751 118 820 sit.
170 746 259 818 Cum
283 749 392 838 igitur
414 751 563 819 om'nino
587 750 720 844 aliquid
744 752 847 821 etiam
873 776 968 821 nunc
992 753 1048 820 di-

63 849 213 918 cendunr
236 848 300 931 sit,
325 849 509 939 patiamini
531 875 659 941 quaeso
681 875 737 919 nae
759 852 938 942 paulisper
960 853 1049 921 insi·

64 965 152 1020 stere
172 945 254 1019 huic
278 949 354 1038 ipso
375 966 602 1037 argumento,
628 953 663 1022 in
683 954 776 1044 quod
796 953 897 1022 initio
914 954 1046 1024 oratio-

63 1052 119 1118 nis
137 1074 193 1118 me
209 1050 371 1136 cogitatio
389 1046 515 1118 horum
532 1065 730 1142 temporum
746 1052 901 1138 induxit,
926 1067 965 1122 ut
980 1055 1047 1122 ali-

63 1153 148 1243 quid
170 1151 282 1218 dicam
303 1152 347 1218 de
370 1145 436 1219 ltoc
452 1151 660 1221 admirando
676 1149 741 1220 Dei
759 1177 882 1244 opere,
907 1179 977 1246 quo
996 1168 1047 1222 te·

63 1265 175 1322 statur
186 1273 223 1317 se
238 1264 405 1339 perpetuo
420 1274 625 1320 conservare
641 1249 831 1322 Ecclesiam
847 1253 885 1323 in
900 1256 1048 1328 mundo.

163 1347 240 1418 Etsi
262 1373 345 1418 vero
366 1374 438 1419 non
456 1350 501 1421 ita
519 1366 670 1421 extreme
685 1354 865 1444 stupidos,
891 1369 952 1423 eut
966 1378 1047 1444 per-

63 1450 135 1520 dite
161 1450 339 1518 confidens
361 1472 456 1534 surn,
487 1466 621 1523 utnon
645 1453 791 1523 sentiam
816 1478 871 1521 me
895 1455 1044 1526 multum

61 1551 287 1619 succumbere
307 1551 543 1637 magnitudini
567 1553 716 1642 suscepti
739 1554 874 1637 oneris,
897 1579 962 1625 nec
983 1557 1045 1624 de-

61 1662 194 1719 terrear
208 1650 446 1720 imbecillitate
460 1676 548 1737 mea,
569 1679 674 1746 quam
689 1668 781 1724 certe
795 1677 957 1744 agnosco.
992 1655 1045 1725 Ac

62 1751 135 1840 ipse
159 1751 306 1818 maxime
328 1751 446 1841 optavi
470 1753 513 1821 de
531 1749 596 1823 boc
613 1755 689 1844 ipso
704 1756 903 1842 argumenti
917 1779 1043 1845 genere

61 1849 184 1919 audire
199 1863 363 1920 sonantes
381 1874 482 1920 voces
499 1855 718 1943 superiorum
736 1870 957 1938 nostrorum,
982 1856 1043 1948 qui

61 1950 99 2017 in
122 1950 289 2020 diuturna
311 1951 564 2040 gubernatione
585 1949 760 2022 Ecclesiae
782 1967 816 2023 et
841 1955 1044 2042 ingentibus

60 2049 310 2119 certaminibus
338 2054 483 2135 versati,
516 2067 548 2120 et
573 2052 775 2140 intelligunt
798 2053 951 2143 pericula
974 2050 1043 2122 Ec-

60 2148 202 2232 clesiae,
226 2162 262 2218 et
282 2171 405 2239 magna
429 2151 464 2218 vi
484 2176 523 2221 ac
539 2155 666 2222 robore
680 2153 823 2243 spiritus
839 2154 1045 2224 confirmare

59 2250 201 2340 piorum
221 2262 354 2318 mentes
377 2266 532 2340 possunt.
590 2251 658 2322 Sed
680 2255 762 2345 quia
788 2249 874 2322 nrihi
895 2255 1042 2323 omnino

59 2352 285 2418 subeundum
308 2350 375 2420 luit
396 2344 464 2420 boc
487 2374 577 2421 onass
600 2352 785 2423 autoritate
807 2354 938 2444 publici
964 2379 1042 2424 mu-

59 2449 176 2532 neris,
209 2447 280 2518 Vos
299 2473 383 2533 oro,
414 2446 564 2520 etmihi
586 2454 723 2522 veniam
745 2454 833 2523 detis
857 2479 964 2545 pauca
985 2456 1043 2524 di-

60 2562 178 2633 cturo,
212 2565 382 2641 qnantum
413 2553 581 2642 temporis
607 2554 764 2642 angustia
788 2555 936 2646 patitur,
969 2580 1041 2624 non

58 2673 124 2739 pro
148 2650 344 2736 argumenti
367 2651 555 2741 dignitate,
578 2657 638 2724 sed
659 2656 703 2723 ad
728 2657 1042 2725 commonefacien-

59 2752 124 2818 dos
149 2763 182 2817 et
203 2752 403 2821 excitandas
426 2754 681 2838 adolescentes,
706 2769 747 2824 ut
769 2769 800 2825 et
822 2756 888 2846 ipsi
911 2758 955 2826 de
970 2753 1042 2826 Ec·

61 2849 186 2918 clesiae
209 2852 375 2941 periculis
397 2853 548 2940 cogitare
570 2854 724 2935 discant,
750 2868 784 2924 et
803 2869 883 2923 vota
905 2881 944 2923 ac
960 2883 1040 2948 pre·

57 2972 114 3018 ces
134 2974 213 3021 cum
235 2950 309 3040 ipsa
333 2950 569 3039 coniungant,
594 2964 634 3019 ut
649 2953 743 3021 Deus
757 2975 832 3020 eam
847 2954 885 3021 in
903 2949 959 3021 bis
976 2950 1041 3046 po-

58 3052 195 3121 stremis
210 3049 460 3118 certaminibus
473 3063 505 3118 et
523 3051 686 3140 periculis
701 3066 894 3126 conservet.

160 3150 269 3217 Plena
309 3162 361 3217 est
395 3148 558 3218 universa
591 3149 762 3241 scriptura
791 3151 1041 3242 exemplorum,

56 3273 148 3342 quae
169 3249 359 3316 ostendunt
379 3247 489 3317 solius
502 3245 568 3318 Dei
591 3250 745 3339 potentia
763 3252 916 3321 mirabili
934 3254 1040 3321 modo

55 3346 250 3422 Ecclesiam
271 3346 459 3437 gubernari
475 3365 508 3420 et
523 3350 679 3419 delendi:
705 3351 764 3419 sed
779 3351 908 3423 infiniti
925 3352 1040 3445 operis

20 3472 22 3477 ·
56 3461 163 3532 esset,
193 3461 302 3517 totam
325 3443 509 3518 historiam
532 3445 726 3533 Ecclesiae,
756 3452 839 3522 inde
860 3476 973 3546 usqne
994 3453 1040 3520 alr

57 3550 161 3618 initio
187 3548 320 3616 conditi
343 3548 468 3618 mundi
492 3550 582 3617 velle
604 3551 803 3641 conplecti,
836 3577 925 3645 quae
948 3547 1038 3620 nihil

56 3651 151 3720 aliud
168 3672 272 3740 qnam
287 3650 458 3738 stupenda
473 3648 640 3718 miracula
658 3651 831 3733 continet,
856 3651 893 3718 in
911 3652 1039 3743 quibus

57 3753 218 3840 adparet,
249 3750 390 3840 quantis
418 3750 594 3817 aerumnis
616 3772 753 3840 semper
775 3751 972 3821 conllictata
996 3752 1040 3820 sit

54 3848 222 3921 Ecclesia.
275 3846 323 3919 Et
344 3862 460 3917 tamen
478 3846 516 3914 in
534 3850 577 3917 iis
592 3851 762 3918 mirandis
776 3851 892 3919 modis
908 3850 1040 3920 divini-

57 3964 113 4020 tus
127 3965 259 4021 servata
279 3963 399 4018 centra
416 3944 549 4017 hostem
566 3949 628 4017 tilii
646 3948 709 4018 Dei
726 3949 918 4021 diabolum.

145 4050 278 4140 ,Longe
307 4064 449 4140 superat
476 4074 617 4117 ornnem
648 4046 839 4118 humanam
870 4051 1041 4144 eloquen-

55 4150 141 4222 tiam
165 4143 310 4217 historia
334 4152 528 4240 primorum
544 4166 727 4239 parentum
745 4163 780 4220 et
794 4163 953 4241 patrum,
977 4151 1039 4242 qui

55 4249 165 4322 secasti
190 4261 273 4317 scrut
294 4273 403 4342 usque
425 4252 468 4320 ad
486 4251 674 4323 diluvium.
729 4249 872 4336 Quanto
888 4252 926 4319 in
942 4255 1040 4321 luctu

56 4366 90 4420 et
114 4373 271 4418 moerore
292 4351 418 4418 versati
442 4365 526 4421 sunt
544 4349 657 4420 Asiam
682 4365 714 4420 et
731 4349 850 4433 Heva,
877 4377 955 4421 cum
979 4377 1037 4420 ac-

55 4462 154 4540 cepta
180 4450 413 4539 promissione
434 4454 477 4519 de
500 4447 662 4535 Christo,
695 4466 729 4522 et
754 4465 920 4541 concepta
946 4467 1039 4521 certa

1101 548 1316 630 sectabatur,
1360 560 1393 616 et
1422 546 1602 614 videretur
1631 567 1775 634 prorsus
1798 544 1868 612 iam
1896 544 2089 614 concidisse

1100 644 1274 729 Ecclesia,
1299 661 1417 715 tamen
1431 672 1449 715 a
1465 643 1542 714 Deo
1555 645 1751 714 restituitur
1764 658 1797 714 et
1810 658 1981 728 servatur,
2006 648 2088 714 dato

1099 748 1172 815 filio
1191 744 1298 827 Seth,
1324 770 1511 839 perquem
1535 746 1713 834 colligitur
1735 746 1865 837 aliquis
1889 758 2023 828 coetus,
2049 745 2087 813 in

1100 870 1169 940 qno
1192 860 1293 916 sonat
1315 872 1381 915 vox
1398 846 1555 916 coelestis
1575 849 1619 915 de
1636 848 1756 914 futuro
1773 845 1923 923 semine,
1951 858 1985 913 et
2002 840 2086 914 hinc

1099 961 1309 1040 propagatur
1322 944 1477 1018 Ecclesia
1491 962 1632 1039 patrum
1648 970 1759 1039 usque
1774 948 1817 1012 ad
1832 946 2018 1016 dilnvium.

1200 1048 1272 1120 Ubi
1308 1072 1428 1117 rursus
1456 1049 1654 1117 miseranda
1684 1062 1735 1116 est
1763 1044 1939 1116 Ecclesiae
1968 1047 2085 1132 iacies,

1098 1172 1171 1217 non
1198 1150 1311 1218 solum
1332 1148 1472 1218 Cainica
1496 1150 1697 1239 posteritas,
1735 1149 1794 1216 sed
1820 1148 1925 1217 etiam
1946 1146 2082 1238 reliqua

1097 1264 1171 1318 orta
1197 1248 1412 1338 epatribus,
1444 1249 1505 1342 qui
1528 1249 1596 1316 iam
1623 1272 1734 1318 anrros
1756 1247 1811 1316 bis
1833 1246 1932 1314 mille
1956 1249 2083 1336 guber-

1097 1363 1223 1419 narant
1238 1345 1448 1427 Ecclesiam,
1473 1348 1588 1416 deficit
1609 1372 1628 1417 a
1650 1372 1730 1416 vera
1755 1348 1901 1436 pietate,
1928 1362 1960 1417 et
1981 1349 2027 1415 ita
2045 1348 2082 1415 in

1096 1464 1231 1519 arctum
1252 1450 1423 1538 redigitur
1436 1445 1611 1532 Ecclesia,
1634 1460 1674 1516 ut
1699 1472 1739 1516 ex
1760 1447 1925 1517 universa
1945 1449 2080 1539 reliqua

1096 1551 1324 1620 multitudine
1352 1549 1461 1620 totius
1483 1543 1631 1620 humani
1651 1549 1787 1635 generis
1810 1572 1884 1616 non
1906 1549 1976 1617 nisi
2001 1562 2078 1617 octo

1095 1651 1232 1721 animae
1246 1664 1439 1719 serventur.
1488 1647 1612 1720 Postea
1628 1643 1755 1718 horum
1773 1649 1878 1717 etiam
1894 1650 2078 1738 posteritas

1094 1773 1114 1819 a
1142 1774 1222 1821 vera
1246 1752 1418 1839 religione
1438 1749 1609 1819 relabitur
1629 1748 1667 1816 in
1688 1749 1888 1818 idolatriam
1902 1761 1936 1816 et
1951 1748 2077 1838 impie-

1095 1863 1218 1934 tatem,
1243 1864 1277 1918 et
1290 1851 1384 1920 inter
1398 1872 1527 1940 paucos
1543 1873 1585 1917 ex
1602 1849 1762 1938 patribus
1779 1863 1938 1918 servatur
1954 1842 2078 1917 Eccle-

1094 1951 1157 2020 sia.
1210 1946 1258 2019 Et
1278 1973 1318 2017 er
1342 1944 1447 2018 hnius
1463 1949 1621 2041 reliquiis
1637 1942 1817 2017 Abraham
1833 1963 2018 2017 revocatur
2032 1951 2078 2017 ab

1095 2073 1213 2118 errore
1243 2061 1278 2118 et
1309 2050 1492 2129 idolatria,
1532 2051 1576 2127 ad
1607 2048 1871 2118 instaurandam
1893 2062 1926 2118 et
1951 2072 2079 2138 propa-

1093 2151 1244 2238 gandam
1261 2150 1457 2220 doctrinam
1472 2150 1748 2240 promissionum
1761 2150 1804 2218 de
1819 2143 1973 2219 Christo.
2023 2146 2077 2217 Ex

1093 2250 1176 2319 liliis
1192 2248 1287 2319 lsaac
1307 2273 1347 2319 ac
1363 2265 1531 2338 nepotum
1546 2249 1887 2341 peregrinationibus
1902 2250 2077 2338 colligun-

1094 2363 1153 2420 tur
1176 2350 1440 2443 deinde‘aliqui
1461 2364 1598 2435 coetus,
1624 2363 1659 2420 et
1680 2351 1840 2421 doctrina
1864 2363 2076 2441 propagatur

1093 2452 1197 2521 etiam
1213 2451 1251 2519 in
1265 2449 1476 2543 Aegyptum.

1197 2549 1284 2619 Vere
1308 2552 1469 2620 miranda
1492 2564 1575 2620 sunt
1596 2551 1753 2640 exempla
1777 2574 1849 2617 non
1870 2544 1979 2618 huius
1995 2563 2074 2617 tan·

1092 2665 1168 2722 tum
1183 2650 1316 2742 primae
1331 2652 1452 2721 aetatis
1466 2647 1641 2721 Ecclesiae
1654 2666 1813 2744 patrum,
1838 2652 1896 2718 sed
1913 2649 2073 2718 omnium

1093 2765 1311 2843 temporum,
1336 2776 1425 2844 quae
1446 2766 1529 2823 sunt
1549 2766 1715 2844 perpetua
1730 2752 1900 2845 quaedam
1918 2749 2074 2821 testimo-

1093 2853 1152 2921 nia
1170 2852 1386 2922 mirabilium
1403 2877 1549 2944 operum
1564 2851 1652 2937 Dei,
1677 2847 1744 2921 hoc
1757 2864 1826 2935 est,
1851 2864 1885 2920 et
1901 2850 2075 2920 addictio·
2134 2855 2138 2863 '

1092 2977 1178 3022 num
1192 2977 1233 3021 sc
1247 2977 1513 3036 aerumnarum,
1538 2965 1574 3022 et
1590 2953 1839 3022 liberationum
1853 2949 2039 3022 Ecclesiae.

1194 3051 1264 3123 Sed
1287 3053 1436 3121 maxime
1458 3052 1619 3122 omnium
1640 3051 1878 3122 memorabilis
1893 3063 1946 3121 est
1960 3046 2074 3120 histo-

1090 3152 1143 3221 ria
1178 3152 1399 3222 liberationis
1436 3153 1559 3244 pepuli
1588 3150 1698 3222 lsra'el
1734 3166 1768 3221 et
1802 3152 1999 3221 eductionis
2033 3173 2074 3217 ex

1091 3248 1269 3344 Aegypto,
1312 3265 1347 3322 et
1381 3265 1421 3322 ut
1454 3255 1600 3344 adparet
1637 3252 1796 3321 omnium
1835 3246 2075 3332 historiarum,

1090 3353 1249 3420 omnium
1278 3366 1452 3436 aetatum,
1491 3378 1510 3421 a
1540 3351 1716 3444 principio
1744 3351 1870 3421 mundi
1894 3351 2074 3444 usquead

1089 3452 1214 3535 linem,
1248 3467 1387 3541 excepta
1417 3452 1491 3544 ipsa
1510 3450 1643 3523 Christi
1676 3453 1836 3542 passione
1861 3465 1895 3522 et
1916 3474 2073 3520 resurre-

1090 3553 1224 3636 ctione,
1248 3553 1352 3640 longe
1368 3555 1529 3625 maxima.
1580 3552 1662 3622 Non
1676 3553 1791 3620 salum
1806 3551 1900 3620 enim
1917 3564 1969 3620 est
1985 3551 2074 3619 ima-

1090 3674 1134 3738 go
1150 3649 1325 3720 Ecclesiae
1346 3652 1505 3745 omnium
1530 3666 1747 3742 temporum,
1770 3654 1830 3719 sed
1852 3651 1958 3719 etiarn
1973 3675 2074 3741 prae·
2106 3644 2110 3659 '

1090 3753 1192 3840 cipue
1213 3774 1310 3840 pars,
1337 3752 1442 3841 plena
1466 3752 1661 3839 ingentium
1685 3751 1957 3832 miraculorum,
1985 3772 2074 3842 quae

1090 3865 1125 3920 et
1145 3851 1289 3920 caeteris
1312 3851 1528 3940 temporibus
1549 3853 1697 3937 insignia
1720 3851 1875 3938 exempla
1891 3862 2075 3933 monstrat,

1091 3972 1181 4044 quae
1201 3961 1391 4031 testantur,
1416 3961 1450 4017 et
1468 3950 1596 4018 servari
1612 3947 1804 4019 Ecclesiam
1821 3973 1861 4017 ac
1876 3948 1948 4038 regi
1963 3947 2076 4018 aDeo

1091 4051 1168 4120 sine
1198 4046 1381 4139 praesidiis
1408 4041 1589 4135 humanis,
1621 4062 1657 4119 et
1678 4050 1830 4118 exerceri
1853 4049 1959 4120 variis
1983 4050 2075 4119 cala-

1090 4149 1282 4221 unitatibus.

1193 4248 1310 4338 Quam
1333 4245 1552 4318 horrendum
1575 4263 1625 4318 est
1650 4247 1687 4317 in
1710 4244 1776 4320 hoc
1792 4265 1911 4337 coetu,
1937 4253 1998 4344 qni
2014 4276 2074 4342 ge-

1091 4350 1138 4422 rit
1167 4373 1296 4419 nomen
1320 4348 1496 4421 Ecclesiae
1518 4347 1603 4432 Dei,
1636 4350 1696 4442 qni
1731 4346 1833 4422 hahet
1862 4365 1926 4431 tat¹
1946 4367 1980 4423 et
2002 4366 2074 4422 tam

1090 4451 1240 4522 illustria
1271 4452 1470 4522 testimonia
1495 4451 1697 4520 divinarum
1718 4451 1988 4537 liberationum,
2022 4470 2074 4524 ta·

54 4576 117 4641 spe
133 4547 579 4641 propagandaeEcclesiae,
605 4554 696 4622 natis
710 4553 848 4623 duobos
862 4550 1040 4622 filiisCain
1091 4576 1174 4621 men
1195 4552 1415 4643 praecipuam
1436 4565 1567 4642 partem
1582 4551 1727 4644 populi,
1749 4555 1878 4623 multos
1897 4571 2077 4644 praestan-

56 4666 89 4720 et
107 4647 217 4734 Abel,
242 4650 357 4718 subito
377 4651 496 4741 rident
512 4651 579 4717 sibi
598 4653 827 4740 amplissimas
844 4678 921 4744 spes
939 4677 1040 4742 prae·
1092 4667 1142 4723 tes
1164 4653 1274 4732 viros,
1306 4650 1488 4741 Principes
1511 4665 1545 4720 et
1567 4654 1816 4738 gubernatores
1844 4651 2076 4723 horribilibus

55 4752 146 4834 eidi,
179 4764 300 4820 necato
330 4751 439 4819 altero
471 4749 564 4832 lilio,
597 4754 655 4841 qni
685 4754 825 4823 suturas
849 4768 922 4824 erat
945 4755 1040 4824 velut
1091 4754 1258 4844 exemplis
1282 4753 1420 4841 puniri,
1456 4751 1718 4822 multitudinem
1739 4754 1841 4822 toties
1857 4755 1979 4844 plecti,
2011 4758 2075 4835 do·

55 4852 272 4944 plantarium
294 4874 394 4919 verae
415 4847 610 4933 Ecclesiae,
636 4877 715 4919 cnm
737 4854 825 4923 alter
847 4855 939 4924 tilius
960 4879 1039 4942 par·
1092 4878 1155 4922 nec
1171 4855 1425 4944 propemodum
1442 4851 1604 4921 universa
1620 4852 1710 4941 perit
1726 4877 1848 4921 eorum
1864 4855 1924 4946 qni
1942 4856 2076 4944 ingenti

54 4954 166 5023 ric-ida
191 4952 383 5042 praeclaras
407 4950 484 5041 illas
507 4973 603 5041 spes,
630 4976 716 5043 quas
738 4955 782 5022 de
804 4955 879 5046 ipso
904 4956 952 5045 pii
977 4980 1039 5044 pa·
1091 4977 1238 5022 numero
1262 4977 1303 5021 ex
1320 4948 1480 5046 Aegypto
1503 4952 1677 5035 exierant,
1705 4967 1738 5020 et
1760 4967 1876 5022 tannen
1893 4969 2079 5026 servantur

54 5066 173 5123 rentes
195 5065 424 5142 conceperant
447 5053 634 5121 frustratus
651 5066 750 5123 esset.
802 5054 1040 5140 Quicumes-
1091 5055 1229 5145 aliquae
1251 5053 1373 5144 populi
1398 5053 1587 5146 reliquiae,
1621 5076 1710 5145 qnae
1733 5071 1938 5125 manserunt
1960 5058 2079 5127 incor-

54 5168 132 5223 sent
154 5149 210 5222 his
235 5153 473 5236 moeroribus,
500 5165 612 5222 totum
634 5154 767 5245 primae
784 5155 904 5223 aetatis
922 5170 1039 5225 cente·
1089 5168 1233 5245 ruptae,
1273 5169 1307 5225 et
1334 5155 1557 5223 retinuerunt
1589 5153 1770 5223 doctrinae
1801 5158 2010 5247 puritatem,
2046 5172 2081 5227 et

53 5254 195 5324 narium
226 5254 391 5339 conlecti,
424 5277 501 5322 cum
532 5254 628 5323 nulla
657 5255 727 5321 iam
753 5268 840 5322 esset
864 5250 1038 5326 Ecclesiae
1090 5268 1250 5343 expertae
1272 5270 1355 5324 sunt
1376 5255 1554 5324 mirandas
1576 5255 1822 5342 liberationes,
1849 5257 1935 5328 sicut
1955 5259 2081 5326 ordine

52 5354 178 5439 facies,
205 5379 268 5424 nec
289 5368 403 5445 posset
418 5377 565 5446 usquam
581 5354 765 5446 propagari
780 5355 940 5424 doctrina
959 5381 1038 5426 coe·
1061 5334 1067 5440 l
1090 5349 1236 5426 historia
1251 5353 1395 5427 indicat.
