4732 6030
237 289 313 367 559
909 270 1069 348 nucu.
1113 271 1187 348 on
1219 269 1595 352 porretano,
2193 285 2272 363 seo

234 463 328 530 sicis.
382 457 465 527 ldeo
491 454 584 522 enim
606 430 778 526 Νἱεειιιιε,
804 448 848 515 de
873 440 1029 515 hominis
1052 444 1224 537 partibus,
1277 445 1409 534 Quales
1430 446 1568 518 furores
1589 446 2014 540 siutAnabaptistarorn,
2042 454 2159 543 scitis,
2183 483 2274 553 quos

237 569 382 652 longum
405 552 696 627 commentarium
721 550 844 618 edidit.
907 545 957 619 Et
984 571 1090 641 quam
1113 548 1227 618 multa
1276 549 1421 640 quidem
1439 549 1664 620 manifestum
1686 567 1738 622 est
1755 565 1893 622 tantum
1917 556 1962 624 ab
1979 557 2158 629 illiteratis
2174 577 2274 634 ortos

236 667 371 737 suntin
394 660 471 728 aliis
491 650 761 748 Physiologiea‚
786 673 866 719 cum
889 650 1068 720 disserunt
1083 650 1126 718 de
1143 672 1227 740 par·
1277 662 1309 718 et
1326 664 1536 741 propagatos
1551 674 1635 720 esse.
1685 651 1726 723 Si
1741 653 1848 741 igitur
1865 656 1987 725 lumen
2002 661 2217 735 eruditionis
2234 668 2274 736 iu

236 770 331 837 tibus
357 775 391 829 et
417 757 543 826 officiis
562 755 712 824 animae.
778 750 929 841 Quoties
951 752 990 818 in
1012 750 1226 840 gravissimis
1276 748 1433 820 Ecclesia
1448 752 1640 822 extinctum
1656 754 1784 844 fuerit,
1817 756 1944 827 deliria
1961 760 2188 835 exorirentur
2208 793 2274 838 va..

234 860 482 937 controversiis
512 851 738 945 theologicis,
777 853 966 923 dicendum
990 865 1042 921 est
1072 853 1115 921 de
1144 875 1227 920 cau·
1278 853 1349 937 ria,
1374 865 1415 921 ut
1437 867 1539 923 antea
1563 855 1702 924 accidit.
1754 855 1805 925 At
1825 859 2003 950 principes
2018 861 2135 933 fovere
2152 871 2273 942 studia

234 971 281 1036 sis
337 986 488 1057 quarum
515 959 663 1028 varietas
683 967 821 1025 tantum
846 955 885 1022 iu
906 949 1068 1047 Physicis
1090 954 1228 1023 erudite
1278 953 1459 1023 literarum
1481 954 1656 1045 oportuit:
1689 956 1749 1024 sed
1777 981 1858 1026 cum
1877 983 2009 1050 paucos
2030 987 2070 1034 ea
2090 989 2172 1037 cura
2189 982 2272 1040 tau·

234 1015 400 1139 trahitur.
1277 1067 1353 1144 gat,
1379 1077 1445 1123 nos
1460 1051 1753 1129 eovehemeutius
1767 1062 1989 1165 annitamur,
2009 1079 2051 1137 ut
2064 1060 2268 1141 hocEccle-

337 1166 520 1255 Quantum
552 1162 659 1233 refert
692 1173 812 1229 tenere
846 1156 1037 1243 discrimen
1074 1153 1226 1245 partium
1278 1159 1348 1224 siae
1369 1158 1492 1245 decus,
1517 1172 1688 1249 quantum
1711 1182 1916 1249 possumus,
1947 1178 2121 1237 tueamur.
2171 1169 2272 1244 Haec

237 1272 393 1352 animae,
419 1275 622 1335 cum‘tanta
646 1264 690 1330 sit
711 1263 804 1330 iuter
828 1281 885 1327 eas
908 1255 1102 1340 discordia,
1126 1277 1227 1322 mens
1279 1257 1422 1348 propria
1443 1271 1494 1326 est
1515 1259 1653 1328 ordinis
1677 1260 1790 1330 nostri
1813 1263 1958 1349 militia,
1991 1291 2098 1360 qnam
2125 1274 2270 1365 quidem

236 1373 365 1443 retinet
387 1370 499 1456 legem
523 1362 590 1435 Dei
614 1365 837 1455 impressam,
870 1372 1042 1428 monstrat
1057 1356 1227 1426 beneficia
1278 1371 1312 1427 et
1332 1359 1515 1428 adiuvabit
1543 1357 1655 1445 Deus,
1688 1374 1723 1431 et
1750 1365 1893 1435 ornabit
1915 1371 2099 1457 praemiis,
2133 1370 2272 1445 etiamsi

237 1473 323 1556 Dei,
351 1474 453 1543 docet
475 1467 678 1557 impendere
701 1484 832 1554 poenas
854 1459 1103 1530 contumaciae.
1155 1455 1227 1528 Sed
1279 1460 1491 1548 negligimur
1514 1484 1533 1528 a
1558 1458 1765 1553 Centauris,
1798 1477 1831 1532 et
1851 1489 1971 1557 aspera
1994 1473 2269 1547 multaferenda

235 1577 345 1645 altera
360 1581 441 1663 pars
457 1570 612 1647 animae,
634 1590 723 1658 quae
739 1575 885 1633 vocatur
899 1559 1113 1652 Appetens,·
1127 1558 1227 1629 cuius
1279 1575 1395 1636 erunt.
1446 1560 1516 1632 Sed
1538 1563 1634 1633 scitis
1657 1558 1723 1633 hoc
1746 1566 1888 1636 virtutis
1904 1591 2035 1640 munus
2056 1596 2151 1660 esse,
2176 1593 2270 1648 recta

236 1680 335 1748 sedes
348 1687 400 1743 est
414 1673 452 1739 iu
465 1669 587 1753 corde,
609 1691 673 1736 nec
689 1665 866 1734 beneficiis
879 1675 1062 1745 movetur,
1084 1674 1126 1730 ut
1140 1682 1227 1729 cou-
1277 1663 1410 1744 lacere,
1435 1664 1599 1752 prodesse
1613 1665 1775 1748 caeteris,
1801 1667 1938 1738 etiarnsi
1948 1672 2074 1760 vulgus
2088 1677 2134 1746 sit
2148 1678 2270 1767 ingra-

175 1740 181 1749 .
236 1791 370 1849 stanter
394 1787 487 1841 amet
511 1767 645 1852 Deum,
677 1791 742 1835 nec
769 1761 1003 1856 perhorrescit
1024 1784 1226 1829 commone·
1278 1777 1367 1835 tum.
1418 1761 1477 1833 Sic
1492 1766 1716 1835 confirmatos
1732 1790 1804 1836 esse
1826 1784 1963 1860 oportet
1982 1775 2131 1845 maxime
2146 1802 2213 1848 nos
2229 1782 2267 1848 in

236 1882 325 1948 facta
341 1873 530 1944 horrendis
546 1869 713 1959 exemplis
729 1867 889 1936 omnium
902 1876 1074 1946 aetatum,
1100 1875 1140 1930 ut
1155 1884 1227 1929 ιιιε-
1278 1861 1453 1947 Ecclesia,
1485 1867 1549 1935 ubi
1580 1868 1715 1937 acriora
1741 1884 1775 1938 et
1800 1871 1959 1942 saeviora
1979 1889 2063 1945 sunt
2085 1879 2168 1948 odia
2200 1884 2267 1949 ad·-

237 1992 314 2050 tuat
336 1975 451 2047 Deum
477 1975 605 2041 iratum
626 1994 665 2039 ac
687 1968 874 2039 vindicem.
933 1963 1082 2053 Quoties
1107 1963 1227 2031 diceu-
1280 1989 1399 2034 versus
1421 1969 1512 2036 bene
1526 1980 1708 2062 merentes.
1759 1969 1859 2058 Quae
1875 1975 1984 2062 gratia
2000 1971 2141 2063 Esaiae,
2166 1979 2267 2050 lere-

236 2084 322 2151 dum
340 2091 390 2146 est
406 2079 449 2145 de
471 2075 659 2144 affectuum
673 2071 833 2139 fontibus
853 2079 888 2137 et
908 2066 1066 2134 sedibus:
1092 2077 1128 2133 et
1146 2088 1227 2132 eru-
1279 2068 1369 2136 miae
1392 2068 1502 2137 relata
1526 2083 1578 2139 est
1599 2093 1664 2160 pro
1686 2073 1834 2140 summis
1857 2087 1891 2143 et
1914 2076 2047 2147 divinis
2068 2081 2269 2152 beneficiis?

236 2184 309 2254 dite
333 2176 485 2248 discerni
509 2185 645 2264 oportet
672 2165 831 2266 στοργὰς
852 2190 872 2236 a
896 2165 1033 2236 vitiosis
1059 2164 1226 2234 motibus.
1278 2168 1417 2239 Horum
1437 2191 1503 2238 nos
1517 2170 1685 2262 exemplis
1711 2174 1899 2244 excitemus
1925 2178 1972 2247 ad
1996 2179 2186 2271 salutarem
2202 2187 2267 2255 do-

237 2283 335 2352 Haec
358 2299 542 2370 nunquam
563 2275 682 2344 dextre
706 2269 894 2361 explicabit
917 2268 965 2348 is,
991 2265 1144 2360 quinon
1161 2268 1227 2336 ad·

236 2386 412 2456 suelactus
444 2391 497 2446 εει
523 2377 568 2446 ad
600 2369 786 2466 Physicam
817 2370 1035 2452 doctrinam,
1070 2389 1159 2462 quae
1188 2368 1227 2436 in

237 2481 368 2558 scholis
382 2480 545 2552 traditur.
595 2472 768 2544 Videmus
782 2473 960 2541 interdum
975 2470 1078 2539 etiam
1093 2483 1226 2540 veteres

236 2587 424 2677 scriptores
452 2602 526 2649 non
550 2577 707 2666 plebeios
735 2570 881 2644 haerere
903 2573 941 2640 in
973 2566 1029 2639 his
1058 2572 1226 2653 materiis,

111 2695 116 2708 '
236 2704 406 2779 tauquam
445 2683 482 2750 in
517 2680 612 2763 luto,
660 2691 805 2769 propter
837 2672 1013 2743 inscitiam
1048 2666 1225 2765 Physices.

169 2778 172 2784 ⁸
237 2789 387 2879 Quoties
404 2785 442 2852 in
458 2779 615 2852 Ecclesia
638 2777 876 2848 controversia
900 2786 996 2844 mota
1015 2786 1067 2842 est
1083 2775 1225 2847 delato.

235 2891 305 2960 Hic
321 2887 409 2983 quid
424 2886 518 2955 dicet
530 2881 715 2972 imperitus
730 2874 915 2973 Physices,
934 2875 1113 2970 quomodo
1129 2876 1226 2945 labe-

234 2991 381 3063 factabit
411 2985 612 3058 Stoicorum
639 2996 701 3052 atat
731 2974 1049 3072 Peripateticorum
1083 2989 1226 3046 senten-

233 3094 321 3170 tias,
354 3111 441 3181 quae
463 3084 626 3176 ignorat?
667 3081 741 3153 Nec
766 3095 906 3153 tantum
926 3079 965 3148 iu
987 3074 1044 3148 his
1059 3079 1226 3163 materiis,

235 3197 280 3264 de
299 3189 429 3285 quibus
444 3188 519 3255 dixi
535 3208 620 3253 usus
635 3197 686 3253 est
700 3179 886 3277 Physices,
909 3180 1039 3271 passim
1058 3179 1098 3247 iu
1114 3182 1226 3272 expli-

236 3294 374 3366 catione
397 3285 557 3358 coelestis
578 3283 758 3353 doctrinae
781 3283 976 3353 incurritur
998 3282 1037 3349 iu
1062 3274 1225 3375 physicos

235 3399 350 3484 locos,
384 3389 447 3460 ubi
468 3409 635 3476 magnum
667 3383 925 3452 adminiculum
954 3395 1006 3450 est
1039 3381 1223 3473 interpreti

237 3495 394 3588 cognitio
418 3487 548 3561 horum
572 3486 847 3569 elementorum,
869 3497 910 3556 ιιι
929 3476 1138 3568 architecto,
1164 3499 1225 3556 aut

235 3593 424 3688 sculptori,
455 3588 645 3660 mediocris
671 3587 843 3679 pingendi
873 3584 1061 3681 taedas,
1096 3584 1224 3676 lugens

235 3715 286 3773 est
309 3705 556 3768 ornamentum
580 3687 775 3770 Ecclesiae,
809 3687 982 3771 eruditio,
1015 3709 1105 3779 quae
1127 3712 1225 3757 com-

232 3801 399 3897 plectitur
419 3819 493 3865 non
509 3806 648 3863 tantum
673 3791 863 3860 verborum
879 3788 1136 3878 cognitionem,
1163 3792 1223 3859 sed

234 3905 339 3979 etiam
355 3899 534 3994 quandam
555 3918 675 3964 rerum
692 3893 910 3964 varietatem.
963 3888 1052 3958 Nam
1069 3914 1135 3959 uec
1149 3891 1222 3959 lor·

232 3986 323 4077 mari
339 4001 510 4073 iudicium
532 4011 664 4090 potest,
689 3995 766 4064 siue
784 3995 935 4088 quadam
957 4015 1077 4061 rerum
1093 3994 1223 4062 multa-

234 4132 314 4179 rum
340 4100 621 4173 consideratione
647 4110 683 4166 et
699 4096 904 4177 collatione,
929 4117 995 4161 nec
1009 4094 1123 4165 oratio
1139 4119 1224 4164 ncr-

234 4229 297 4278 vos
318 4201 427 4273 habet
449 4213 510 4269 aut
531 4200 626 4279 nim,
657 4196 727 4264 nisi
750 4219 790 4265 ex
821 4195 927 4264 bouis
949 4195 1054 4263 rebus
1075 4198 1222 4271 oriatur.

231 4307 296 4378 Est
313 4303 409 4372 enim
425 4313 532 4369 notus
546 4295 716 4365 versicnss

286 4408 444 4474 Scribeudi
458 4419 556 4482 reote,
583 4424 703 4484 sapere,
726 4415 774 4467 ‚est
789 4415 819 4462 et
833 4403 1016 4482 principium
1034 4415 1064 4462 et
1077 4403 1158 4471 tons.

1278 2272 1427 2340 ctriuam
1456 2274 1732 2342 conservandam
1764 2278 1980 2366 posteritati,
2006 2304 2046 2349 ac
2074 2297 2267 2356 statuamus

1278 2369 1393 2440 Deum
1416 2395 1480 2441 suo
1504 2373 1638 2462 agmini
1663 2398 1736 2443 non
1754 2377 1957 2448 defuturum
1984 2403 2074 2466 esse,
2100 2408 2166 2453 nec
2182 2410 2267 2476 perb

1277 2474 1485 2558 missurum,
1517 2489 1558 2545 ut
1578 2475 1741 2545 funditus
1762 2478 1921 2548 deleatur
1951 2483 2107 2553 coelestis
2131 2488 2266 2558 doctri-

1278 2597 1335 2641 ua.
1386 2573 1463 2642 Hac
1475 2599 1537 2667 spe
1553 2599 1618 2645 uos
1632 2578 1670 2645 in
1694 2572 1749 2646 his
1771 2581 1969 2661 aerumnis,
2001 2608 2092 2678 quae
2109 2604 2266 2659 nostram

1277 2676 1442 2746 militiam
1476 2677 1709 2763 comitantur,
1749 2696 1983 2753 sustentemus
2012 2700 2118 2780 atque
2151 2692 2265 2779 eriga-

1278 2800 1368 2848 mus.
1417 2776 1511 2850 Dixi.

1290 3162 1356 3235 No.
1374 3163 1436 3235 70.

1283 3258 1454 3289 Μ

1992 3154 1995 3159 ⁴
2088 3209 2134 3248 an.
2157 3189 2250 3256 1542.

1976 3283 1980 3291 ¹
2086 3276 2256 3305 Μ

1576 3362 1652 3448 De
1690 3363 1962 3482 Polycarpo.

1347 3517 1377 3571 ln
1390 3517 1541 3575 Declamat.
1553 3516 1588 3574 T.
1601 3519 1636 3575 ll.
1651 3539 1679 3593 p.
1692 3522 1768 3591 Μ,
1792 3523 1820 3578 ἰιι
1839 3525 1955 3586 Serrest.
1970 3529 2003 3586 ll.
2022 3550 2050 3605 p.
2065 3533 2126 3588 ⁸66.
2145 3546 2171 3589 et
2190 3541 2264 3603 apud
2347 3591 2351 3598 .

1378 3586 1508 3643 Richrrd.
1526 3587 1588 3644 vot.
1601 3588 1649 3646 lli.
1663 3610 1690 3664 p·
1704 3591 1765 3650 7⁰8.

1276 3743 1403 3812 Oratio
1431 3741 1479 3813 de
1511 3746 1797 3842 Polycarpo,
1836 3755 2015 3846 Episcopo
2041 3759 2260 3850 Smyrnaeo,

1274 3840 1406 3914 habite
1438 3868 1462 3916 a
1495 3848 1545 3921 D.
1574 3851 1784 3943 casparo
1821 3857 2085 3952 Crucipero.
2151 3864 2259 3934 Anno

1544 3953 1807 4043 tauma,
1839 3957 1904 4029 17.
1920 3961 1991 4031 lul.

1274 4082 1397 4165 Vetus
1417 4111 1469 4167 est
1491 4095 1667 4172 Ecclesiae
1690 4099 1825 4174 Christi
1848 4111 2065 4178 consuetudo
2093 4123 2126 4178 et
2149 4105 2265 4181 histo-

1273 4199 1407 4266 riarum
1436 4214 1471 4269 et
1493 4226 1668 4272 canonum
1697 4211 1937 4278 monumentis
1966 4213 2188 4298 confirmata,
2218 4236 2264 4282 ne

1274 4300 1349 4368 sine
1364 4302 1506 4391 publico
1521 4304 1725 4374 testimonio
1739 4307 1880 4396 piorum
1902 4322 1935 4379 et
1950 4314 2181 4402 probatorum
2197 4317 2264 4384 do·

1274 4415 1410 4472 ctorum
1434 4405 1500 4473 ulli
1523 4407 1565 4474 ad
1583 4408 1782 4476 docendum
1805 4412 2049 4485 admittantur.
2102 4413 2173 4493 Nec
2195 4419 2263 4485 du-

230 4507 296 4581 Est
324 4505 432 4596 igitur
456 4512 493 4571 et
512 4493 663 4592 Physica
685 4497 846 4567 doctriua
875 4496 1158 4587 complectenda,
1190 4500 1221 4569 εἰ
1273 4503 1347 4572 hito
1366 4500 1462 4574 haine
1478 4505 1829 4579 moremaPatribus
1850 4524 1885 4582 et
1902 4509 2089 4605 Prophetis
2108 4540 2172 4606 per
2184 4541 2262 4587 ma·

230 4613 395 4681 volumus
412 4600 606 4676 Ecclesiam
624 4623 697 4669 uon
718 4622 792 4668 esse
815 4598 1040 4669 ineruditam.
1098 4595 1221 4693 anue
1272 4627 1340 4672 nus
1356 4607 1526 4676 traditum
1544 4628 1625 4676 esse.

230 4717 270 4784 in
286 4737 323 4782 re
339 4711 452 4780 multa
472 4705 577 4780 uobis
599 4703 818 4796 providenda
835 4714 929 4775 sunt.
982 4698 1257 4812 indoctiguia'
1373 4705 1452 4775 Hoc
1473 4707 1629 4776 consilio.
1644 4732 1710 4778 uos
1726 4734 1868 4806 quoque
1892 4709 1984 4783 hauc
2002 4718 2179 4806 publicam
2194 4742 2262 4788 no·

230 4813 372 4904 ingenia
393 4834 467 4882 non
495 4802 684 4879 cohercent
713 4805 816 4874 certis
839 4803 944 4874 metis
963 4803 1218 4884 doctrinarum,
1271 4807 1335 4876 stri
1357 4807 1480 4876 iudicii
1500 4810 1803 4881 renunciationem
1826 4817 2038 4901 retinemus,
2064 4843 2169 4911 quam
2186 4821 2262 4889 sive

228 4916 543 4988 faciliusdeerrant
556 4935 576 4977 a
591 4908 668 4992 sia,
693 4905 917 4976 etdiflicilius
931 4905 1048 4973 sanari
1062 4921 1219 4995 possunt,
1270 4910 1436 4998 gradum,
1462 4909 1535 4979 sive
1551 4911 1654 4980 aliter
1668 4915 1847 5004 adpellare
1868 4918 1929 4985 alii
1945 4919 2083 5005 volent,
2110 4944 2183 4991 non
2203 4938 2263 4991 re-

228 5018 312 5115 quia
338 5039 402 5084 nee
434 5023 586 5094 norunt,
618 5032 685 5080 nec
704 5010 896 5078 observant
920 5006 1029 5094 leges,
1066 5009 1217 5098 quasin
1269 5010 1452 5099 pugnabo,
1483 5012 1591 5082 modo
1610 5028 1746 5086 constet
1766 5017 1881 5106 ipsum
1899 5043 2053 5099 morem,
2081 5022 2109 5091 si
2127 5023 2262 5094 accedit

178 5176 182 5187 ,
227 5119 388 5192 docendo
422 5114 522 5206 sequi
555 5125 725 5203 tanquam
764 5130 928 5178 normam
967 5129 1107 5176 necesse
1148 5123 1217 5194 est,
1269 5111 1461 5200 exploratio
1482 5115 1683 5197 doctrinae,
1707 5118 1795 5187 etiu
1814 5118 2004 5190 iudicando
2026 5124 2197 5212 gravitas,
2221 5150 2262 5194 ac

226 5223 357 5294 deinde
376 5209 589 5311 hypotheses
612 5234 711 5280 veras
737 5234 812 5279 non
834 5222 969 5282 tenent.
1039 5205 1136 5278 Ilaec
1159 5210 1217 5278 in·
1268 5212 1308 5279 in
1336 5213 1538 5284 testimonio
1568 5217 1673 5301 fides,
1706 5212 1885 5289 Ecclesiae
1912 5223 2036 5292 utilem
2067 5249 2149 5296 esse.
2211 5225 2261 5298 Ut

97 5358 100 5364 ·
225 5317 466 5397 commodari
500 5315 611 5384 vitare
633 5313 816 5394 volumus,
856 5311 1012 5403 proiecto
1045 5311 1154 5379 excoli
1182 5327 1216 5382 et
1268 5314 1363 5382 euim
1380 5314 1511 5386 Paulus
1528 5319 1645 5387 caveri
1662 5319 1781 5405 iussit,
1810 5346 1855 5389 ue
1869 5323 2085 5416 qsribuslibet
2101 5329 2179 5397 sine
2196 5331 2262 5398 de-

223 5426 371 5520 expoliri
410 5417 551 5510 ingenia
578 5437 659 5484 vera
683 5413 1012 5503 eruditiouefvalde
1038 5435 1128 5504 opus
1153 5426 1214 5487 est.
1268 5416 1359 5486 lectu
1389 5441 1515 5488 manias
1541 5419 1790 5510 imponantur:
1824 5425 1873 5493 ita
1901 5431 2150 5516 praestandum
2174 5446 2261 5516 erat,
