4732 6030
82 324 156 401 541
746 320 913 399 DECL,
954 320 1033 397 DE
1065 315 1440 395 ALFRAGANO.
2042 317 2120 393 642

83 498 203 582 mina,
229 496 379 569 summis
392 497 636 588 prosequenda
651 491 868 579 honoribus,
895 492 930 566 Ο
947 495 1084 566 suavis-
1132 494 1179 565 ita
1196 494 1378 563 ambarum
1396 490 1550 584 partium
1567 488 1807 558 excellentiam
1823 491 2025 561 summatim
2038 516 2124 562 con-

85 601 196 669 simae
222 598 477 688 discipulorum
503 598 694 684 ductrices,
719 623 808 692 quae
831 591 924 667 nihil
940 619 1084 689 prorsus
1132 596 1374 667 clamabimus.
1429 593 1482 662 Te
1500 592 1608 680 igitur
1633 591 1796 660 divinum
1811 587 2035 683 Astrologiae
2053 618 2123 665 uu·

87 703 127 770 in
141 702 274 768 mundo
291 699 431 788 aggredi
449 699 658 771 formidatis.
711 699 786 770 Vos
803 719 916 774 terrae
932 701 1083 795 prosun-
1131 724 1213 768 men
1231 698 1392 789 appello,
1415 695 1486 765 tuis
1503 695 1609 763 velim
1627 693 1758 784 aspires
1774 695 1987 784 praeconiis,
2013 696 2125 765 bene-

87 804 234 872 ditatem
267 801 504 886 dimetimini,
540 825 602 870 vos
634 805 812 872 coelorum
845 802 1082 872 conscenditis
1132 803 1210 871 licia
1225 813 1292 869 tua
1319 800 1490 868 immensa
1518 795 1729 865 mortalibus
1756 797 2039 866 demonstratura
2062 823 2123 867 ve-

87 903 234 991 lastigia.
285 901 405 972 Solem
422 900 554 971 centies
568 905 722 993 sexagies
736 906 845 975 series
860 918 953 974 terra
970 905 1083 973 maio·
1132 904 1226 983 nias,
1262 899 1320 970 Tu
1343 925 1379 970 es
1400 899 1525 993 procul
1551 897 1660 967 dubio
1685 897 1886 967 fidelissima
1913 898 2124 969 immortalia

86 1029 181 1089 rern,
213 1003 353 1074 Lunam
387 1016 505 1074 autem
529 1000 815 1096 quadragesimae
847 1006 939 1097 pa'rti
970 1019 1082 1076 terrae
1130 1004 1198 1076 Dei
1209 1003 1357 1087 nuncia,
1381 1027 1471 1096 quac
1481 999 1621 1071 secretis
1633 999 1706 1069 suis
1719 999 1994 1091 interpretandis
2009 1002 2124 1089 legem

86 1129 175 1198 pene
190 1106 373 1198 aequalem
388 1107 648 1177 demonstratis.
700 1107 823 1179 Sidera
838 1123 963 1180 cuncta
979 1106 1083 1178 certis
1131 1107 1295 1200 praebes,
1329 1106 1430 1175 cuius
1453 1104 1563 1193 gratia
1595 1101 1711 1171 coelos
1733 1102 1946 1172 constituere
1968 1102 2126 1172 decrevit

85 1209 152 1278 sub
168 1208 459 1299 proportionibus
485 1209 529 1275 ad
553 1222 666 1278 terrae
688 1211 883 1299 grossitiem
900 1234 1081 1302 compara·
1131 1209 1375 1300 omnipotens,
1409 1208 1539 1300 quibus
1563 1204 1693 1295 passim
1724 1203 1823 1294 ignes
1854 1204 2010 1274 sidereos
2046 1227 2124 1273 mo·

84 1310 140 1381 tis.
197 1305 389 1377 Coelorum
413 1309 659 1399 spissitudines
673 1312 897 1397 scrutamini,
930 1335 1080 1382 massam
1132 1322 1300 1380 numenta
1318 1311 1521 1378 futurorum
1538 1305 1724 1395 impressit.

85 1411 177 1481 lumi
199 1397 303 1480 terrei
329 1409 367 1479 in
392 1433 555 1501 suprema
574 1413 684 1483 ae'eris
701 1413 845 1502 regione
861 1413 1093 1497 inflammati,
1233 1411 1340 1482 Tales
1363 1423 1521 1501 spectare
1545 1407 1648 1476 iussit
1676 1420 1851 1476 astrorum
1868 1403 2014 1494 choros,
2039 1409 2126 1479 dum

86 1536 194 1605 quam
215 1524 343 1580 vocant
362 1509 564 1596 Cometam‚
598 1515 743 1607 eiusque
764 1539 783 1583 a
806 1516 1082 1586 terraremotio-
1131 1514 1341 1584 mortalibus
1374 1537 1436 1581 ora
1471 1512 1571 1579 daret
1604 1507 1771 1578 sublimia
1802 1531 1920 1579 rerum
1948 1512 2126 1581 conditor:

84 1629 167 1683 nem
193 1613 310 1684 metiri
333 1613 564 1704 pollicemini.
625 1614 728 1704 Quos
748 1616 880 1687 limites
899 1618 1002 1711 aquei
1020 1641 1082 1684 va·
1132 1618 1279 1706 dignum
1297 1615 1453 1707 prolecto
1478 1612 1684 1695 arbitratus,
1711 1632 1814 1701 quem
1834 1613 2009 1682 universis
2024 1637 2127 1704 prae-

85 1738 189 1806 pores
214 1717 460 1784 transcendere
483 1739 557 1784 non
578 1717 716 1798 ausint,
750 1719 961 1790 mortalibus
985 1718 1082 1788 indi·
1131 1720 1260 1788 fecerat
1281 1716 1466 1798 creaturis,
1492 1713 1649 1782 medium
1671 1712 1765 1780 inter
1786 1734 1844 1779 eas
1861 1715 2062 1800 considere,
2086 1727 2128 1783 ut

86 1816 200 1887 castis.
254 1815 354 1886 Vane
377 1817 540 1907 opinatos
568 1842 641 1888 esse
663 1821 893 1906 convincitis,
918 1821 980 1914 qui
997 1817 1082 1890 Ele·
1132 1822 1219 1912 pede
1241 1820 1384 1912 quidem
1407 1817 1562 1886 calcante
1577 1815 1726 1883 terrenis
1745 1813 1918 1904 imperare
1931 1817 2126 1884 videretur:

86 1916 216 1988 mentis
244 1919 450 1988 continuam
476 1921 676 1991 attribuunt
703 1922 1083 2013 proportionalitatem,
1131 1924 1249 1994 fronte
1265 1933 1382 1990 autem
1399 1931 1562 2006 surgente
1577 1929 1820 2008 atqueerecta,
1846 1915 1980 1985 divinis
1992 1917 2128 1986 fruere-

36 2031 41 2038 ’
87 2041 205 2111 neque
222 2032 262 2089 ut
279 2021 318 2087 in
336 2021 483 2110 decupla
502 2023 733 2113 proportione
748 2046 820 2091 sese
836 2025 1005 2092 excedant
1020 2024 1083 2091 ad·
1132 2037 1192 2094 tur
1215 2021 1362 2092 deliciis.
1424 2018 1521 2107 Quid
1544 2018 1640 2086 enim
1668 2015 1878 2103 iucundius,
1905 2020 2129 2111 quidamoe-

86 2119 238 2190 mittitis.
306 2118 405 2207 Quot
441 2123 604 2189 maximis
642 2125 818 2215 superiori
853 2137 965 2194 aetate
998 2122 1102 2193 viris'
1133 2123 1235 2209 nius,
1260 2123 1347 2216 quid
1372 2120 1525 2214 denique
1545 2119 1688 2189 suavius
1710 2118 1984 2190 allicereoculos
2002 2134 2127 2211 potest,

86 2234 266 2292 aeternam
298 2222 482 2313 peperistis
508 2224 781 2295 claritudinem?
829 2224 1081 2318 Hippocratem
1132 2249 1238 2320 quam
1262 2225 1323 2294 illa
1347 2236 1400 2294 tot
1423 2237 1457 2293 et
1482 2216 1667 2294 tantorum'
1684 2220 1859 2290 luminum
1880 2224 2128 2293 venustissima

86 2346 207 2394 amore
218 2336 335 2393 vestro
350 2338 511 2415 captum,
538 2327 581 2393 ad
593 2328 845 2418 quadraturam
856 2328 980 2398 circuli
997 2327 1083 2398 scri·
1133 2341 1238 2421 atque
1261 2320 1524 2396 ordinatissima
1549 2323 1680 2393 series?
1713 2346 1755 2392 eo
1780 2323 1912 2416 quippe
1929 2326 1958 2393 si
1978 2323 2129 2416 rapiaris

86 2426 242 2496 bendam
259 2424 460 2516 impulistis.
514 2425 751 2513 Aviccnnam,
778 2429 956 2520 egregium
974 2432 1018 2499 de
1038 2430 1082 2497 li·
1133 2431 1273 2509 animo,
1315 2427 1503 2519 experieris
1529 2422 1624 2494 nihil
1656 2437 1691 2493 te
1717 2448 1875 2516 unquam
1909 2427 2057 2496 sensisse
2088 2425 2128 2493 in

87 2527 163 2596 neis
181 2539 216 2595 et
237 2527 394 2595 numeris
417 2527 627 2617 scriptorem
643 2532 851 2623 accepimus.
903 2530 1082 2620 Quantam
1133 2532 1232 2601 omni
1248 2531 1318 2602 vita
1335 2528 1586 2600 delectabilius.
1638 2523 1709 2593 Per
1720 2520 2050 2618 hancdisciplinam
2063 2549 2129 2594 an-

87 2627 236 2719 gloriam
271 2641 529 2699 commentator
559 2632 725 2725 adeptum
755 2658 791 2702 se
822 2635 1019 2724 putaverit,
1054 2632 1083 2701 si
1133 2634 1279 2724 gelicam
1295 2655 1369 2702 non
1384 2631 1503 2700 minus
1528 2627 1722 2697 immortali
1738 2623 1815 2696 Deo
1834 2629 2028 2721 propinqui
2045 2628 2127 2697 red-

87 2725 354 2814 Astronomiam
379 2732 639 2802 concentricam
666 2736 888 2821 tradidisset,
923 2737 1082 2806 testimo-
1134 2736 1270 2815 dimne,
1297 2758 1402 2827 quam
1427 2756 1490 2823 per
1508 2742 1662 2800 caeteras
1679 2735 1776 2798 'artes
1797 2728 1952 2800 aBeluis
1969 2751 2128 2820 segrega-

87 2832 150 2904 nio
174 2854 237 2901 suo
260 2833 448 2912 docemur,
477 2835 539 2926 qui
561 2849 670 2906 totam
691 2837 802 2906 ferme
823 2851 971 2907 aetatem
989 2838 1027 2905 in
1043 2859 1082 2905 ea
1133 2861 1231 2922 mur,
1261 2836 1463 2928 adrettqua
1486 2833 1688 2904 studiorum
1708 2853 1835 2921 genera
1857 2846 1969 2902 aetate
1998 2831 2125 2901 remis*

88 2958 126 3003 re
152 2957 383 3014 consumens,
415 2936 615 3024 desperasse
647 2938 789 3005 tandem
819 2961 855 3005 se
883 2940 1082 3008 confitetur.
1134 2940 1242 3011 siores
1257 2929 1344 3011 {lieri
1368 2938 1539 3020 solemus,
1572 2929 1680 3003 buius
1703 2957 1787 3002 vero
1811 2935 1976 3004 scientiae
1990 2933 2130 3004 deside-

88 3033 217 3106 Nonne
243 3034 480 3103 influentiales
507 3036 694 3126 qualitates
723 3038 904 3126 signorum
924 3038 1083 3122 Zodiaci,
1134 3043 1228 3111 rium
1243 3064 1315 3110 una
1330 3064 1410 3109 cum
1426 3038 1529 3107 annis
1544 3035 1630 3127 ipsis
1645 3036 1898 3108 accumulatur.
1951 3035 2062 3107 Cuius
2076 3033 2130 3104 rei

88 3161 128 3208 ac
152 3138 221 3205 alia
244 3130 513 3216 Astronomica,
547 3159 568 3202 o
583 3133 732 3206 Domini
754 3137 906 3224 Medici,
929 3138 1083 3209 Parente
1134 3143 1281 3231 dignum
1307 3142 1465 3233 produco
1490 3150 1615 3210 testem
1638 3135 1809 3207 loannem
1838 3138 1883 3207 de
1904 3131 2129 3219 Blanchinis,

87 3250 204 3309 vestro
222 3232 438 3325 Hippocrate
454 3236 693 3327 suscepimus?
726 3241 827 3332 quasi
844 3243 1083 3312 nemobonus
1134 3244 1252 3313 virum
1275 3245 1467 3334 optimum,
1493 3241 1554 3334 qui
1570 3239 1775 3331 nuperrime
1792 3239 1886 3310 inter
1909 3253 2044 3309 caetera
2061 3262 2129 3308 no-

86 3336 253 3407 Medicus
283 3337 431 3403 evadere
460 3338 587 3428 possit,
623 3339 693 3409 nisi
734 3343 832 3431 prius
859 3340 1083 3433 Astrologiae
1133 3359 1204 3416 stra
1230 3345 1424 3439 colloquia:
1456 3340 1551 3413 Ante
1577 3344 1715 3424 decem,
1746 3341 1884 3434 inquit,
1916 3365 2028 3412 annos
2055 3341 2129 3410 vita

87 3437 274 3510 studuerit.
334 3434 457 3526 Long'e
484 3461 503 3506 a
528 3437 729 3511 Maioribus
751 3445 875 3515 vestris
898 3469 960 3514 vos
977 3447 1083 3535 dege·
1133 3447 1306 3539 spoliatus
1322 3447 1492 3529 iacerem,
1515 3442 1586 3513 nisi
1608 3443 1760 3513 dulcedo
1777 3437 2028 3514 Astronomiae
2043 3441 2131 3511 reti-

85 3562 233 3626 nerare,
255 3540 315 3608 sed
331 3539 521 3630 reprimam
544 3564 616 3610 me:
644 3546 776 3615 multos
798 3548 964 3638 deinceps
987 3545 1082 3616 luris
1132 3550 1268 3620 nuisset
1289 3548 1462 3618 animam:
1498 3547 1631 3636 grande
1660 3545 1830 3636 temporis
1859 3546 1998 3616 lucrum
2020 3557 2130 3626 ratus,

86 3641 273 3735 utriusque
283 3639 503 3709 Professores
518 3639 947 3736 oNymphaespectabiles
962 3649 1082 3738 splen·
1132 3652 1230 3744 quod
1248 3664 1423 3721 astrorum
1439 3647 1576 3739 peperit
1589 3646 1854 3738 contemplatio.
1896 3644 2128 3716 Honestatem

88 3746 175 3813 dore
194 3756 312 3813 vestro
337 3742 511 3812 effecistis.
573 3740 692 3829 Quam
718 3748 860 3817 crebrae
878 3744 1083 3837 Theologo-
1132 3753 1281 3821 forsitan
1294 3765 1471 3843 expectas,
1498 3771 1572 3818 non
1588 3747 1868 3821 delectationem.
1906 3746 2003 3836 Quid
2021 3770 2129 3839 quae-

86 3869 168 3915 rum
189 3843 330 3916 fueritis
352 3857 386 3913 et
410 3838 517 3913 hodie
543 3842 619 3914 sitis
643 3844 823 3934 Comites,
856 3845 951 3920 haud
980 3850 1083 3919 facile
1132 3875 1171 3921 so
1197 3846 1382 3923 honestius
1406 3848 1629 3921 confiteberis
1652 3843 1720 3917 hoc
1747 3848 1871 3916 divino
1902 3848 2046 3917 studio?
2079 3846 2128 3915 si-

88 3947 222 4019 dixero.
279 3945 456 4038 Nunquid
480 3942 685 4021 Bessarioni
714 3948 866 4034 Niceno,
898 3948 1082 4022 Cardinali
1133 3953 1277 4046 quidem
1299 3967 1450 4044 propter
1467 3951 1622 4039 seipsum
1645 3948 1843 4039 appetitur,
1871 3972 1951 4018 cum
1973 3962 2128 4020 caeterae
2211 3979 2217 3992 ·

86 4071 128 4119 ac
151 4043 376 4118 Patriarcbae
407 4044 804 4140 Constantinopolitano
834 4052 1082 4134 immortalita-
1133 4055 1331 4147 plerunque
1353 4065 1446 4122 artes
1469 4050 1627 4118 alienum
1659 4049 1728 4118 sibi
1751 4050 1980 4140 praestiterant
2004 4052 2126 4121 linem:

86 4164 160 4222 tem
183 4150 412 4233 abdicabitis,
444 4150 506 4243 qui
523 4153 821 4243 quemadmodum
845 4153 1082 4225 inaetatere-
1133 4157 1230 4248 quod
1263 4155 1350 4223 olim
1384 4151 1511 4222 Petrus
1539 4148 1685 4244 quidam
1716 4147 1978 4223 Cameracensis
2010 4162 2129 4224 sacro·

87 4248 239 4321 centiori
260 4251 326 4320 sub
348 4248 509 4324 Gemisto
530 4268 754 4345 praeceptore
778 4279 842 4326 vos
866 4279 989 4326 omnes
1015 4257 1081 4325 do·
1133 4271 1273 4327 sanctae
1289 4253 1476 4328 Romanae
1491 4249 1669 4323 Ecclesiae
1689 4249 1910 4336 Cardinalis,
1936 4257 2024 4326 adeo
2041 4279 2129 4326 con-

89 4350 242 4424 ctissime
270 4352 431 4441 collegit,
464 4355 511 4424 ita
533 4355 690 4448 reliquos
714 4357 805 4426 vitae
828 4382 910 4428 suae
926 4358 1000 4428 dies
1017 4380 1083 4449 pro
1132 4360 1344 4429 firmandum
1360 4356 1515 4439 censuit,
1540 4368 1580 4426 ut
1599 4354 1638 4423 in
1653 4353 1752 4423 omni
1777 4378 1881 4447 quem
1897 4381 2015 4426 coram
2032 4359 2127 4427 clero

88 4455 201 4525 salute
241 4449 463 4524 Christianae
504 4457 687 4547 religionis
726 4460 862 4548 exigere
904 4458 1085 4530 institnit?
1132 4456 1259 4532 habuit
1280 4483 1461 4544 sermone,
1493 4482 1568 4527 non
1596 4456 1730 4548 pigrius
1755 4449 1995 4540 honestatem,
2021 4482 2129 4553 quam

87 4555 217 4629 Nonne
230 4555 299 4623 iam
316 4555 649 4648 pridemNicolaum
665 4560 707 4629 de
722 4557 832 4646 Cosa,
857 4563 969 4631 sancti
985 4561 1083 4632 Petri
1133 4558 1434 4654 pulchritudinem
1472 4573 1613 4630 nostrae
1647 4557 1813 4630 scientiae
1852 4562 2130 4647 demonstraret,

87 4659 135 4728 ad
156 4656 300 4726 vincula
322 4653 566 4742 Cardinalem,
600 4663 644 4729 ad
674 4664 926 4755 quadraturam
959 4662 1083 4734 circuli
1134 4666 1281 4736 aemulis
1301 4663 1383 4735 suis.
1395 4665 1439 4732 ad
1464 4663 1500 4731 id
1518 4662 1782 4730 lacessentibus.
1832 4658 2044 4732 Recentiora
2066 4665 2129 4732 de-

88 4760 328 4853 quaerendam
362 4759 579 4849 instigastis?
627 4759 810 4850 Quantum
842 4763 1000 4857 baptista
1038 4767 1082 4834 de
1132 4791 1231 4837 mum
1248 4766 1453 4854 colligemus
1469 4762 1691 4846 testimonia,
1718 4762 1747 4830 si
1762 4757 1919 4832 Domino
1945 4762 2131 4836 Trocella-

88 4861 269 4947 Albertis,
300 4857 432 4929 Paulus
452 4858 700 4949 Florentium,
736 4865 886 4937 loannes
907 4871 952 4937 de
973 4865 1083 4937 Blan-
1134 4893 1200 4954 no,
1237 4866 1392 4937 Domino
1424 4863 1652 4947 Varadiensi,
1688 4862 1845 4933 Domino
1874 4862 2131 4954 Modrusiensi,

88 4957 226 5046 thinis,
252 4962 384 5055 aliique
400 4963 503 5032 multi
520 4964 588 5032 viri
604 4964 789 5035 clarissimi
804 4973 908 5040 decus
927 4983 1085 5039 vestrum
1132 4970 1289 5041 Domino
1308 4966 1436 5037 lacobo
1453 4969 1496 5036 de
1507 4963 1662 5046 Rubeis,
1688 4987 1728 5033 ac
1744 4964 1824 5033 aliis
1845 4966 1966 5036 multis
1985 4966 2130 5039 Praela-

86 5057 197 5134 hodie
210 5076 449 5146 revereantur,
476 5065 591 5155 palam
603 5067 770 5136 omnibus
785 5071 987 5156 recitarem,
1012 5071 1083 5141 nisi
1134 5071 1178 5143 tis
1202 5069 1418 5160 dignissimis
1441 5069 1527 5138 bdes
1551 5060 1751 5139 habebitur.
1817 5065 1927 5137 Fama
1950 5085 2128 5161 postremo

87 5167 177 5238 ordo
195 5165 429 5236 dicendorum
446 5169 490 5235 ad
516 5169 637 5238 laudes
660 5162 911 5273 Astrqnomiae
926 5174 1084 5263 singula·
1133 5171 1330 5249 Clarissimi
1347 5168 1495 5241 Domini
1516 5168 1655 5239 Nicolai
1677 5170 1721 5237 de
1743 5166 1964 5257 Comitibus,
1990 5185 2025 5243 et
2039 5174 2130 5243 alio—
2206 5189 2211 5197 “

87 5267 174 5340 riter
195 5293 252 5337 me
277 5281 433 5340 vocaret:
468 5269 568 5341 cuius
603 5272 901 5365 quemadmodum
928 5276 1084 5365 generali
1133 5299 1214 5345 nrm
1231 5275 1441 5345 secularium
1459 5273 1637 5355 virorum,
1662 5270 1870 5360 dignitatem
1886 5273 1998 5344 studii
2013 5273 2129 5345 nostri

85 5370 261 5441 vocabulo
284 5384 357 5442 tam
372 5384 535 5442 motuum
556 5372 852 5465 speculationem,
878 5400 985 5469 quam
999 5377 1085 5448 effe
1134 5378 1365 5470 comprobare
1391 5375 1515 5446 solent.
1573 5371 1680 5461 Quod
1711 5372 1742 5441 si
1771 5376 1817 5443 ad
1842 5375 1930 5446 utile
1951 5387 2128 5444 astrorum

85 5484 206 5544 ctuum
231 5472 493 5567 providentiam
514 5475 709 5567 exprimere
728 5477 845 5550 solent
859 5473 1085 5575 Philosophi,
1133 5479 1303 5574 peritiam
1325 5478 1592 5551 accommodare
1611 5475 1720 5563 velis,
1749 5469 2017 5569 nibil'usquam
2043 5498 2132 5548 con-
