4732 6030
172 306 248 382 885
771 300 930 378 DECL.
965 300 1039 377 DE
1071 303 1223 379 CASP.
1257 301 1618 380 CRUClGERO.
2143 310 2226 389 886

176 479 296 572 putari
324 488 477 569 possent.
545 474 616 546 Sed
646 499 727 547 cum
756 475 890 567 ingenii
919 489 952 546 et
975 478 1174 548 studiorum
1224 479 1269 545 ad
1293 473 1358 548 hos
1383 477 1470 547 fines
1492 479 1608 547 studia
1634 490 1669 548 et
1689 477 1795 545 vitam
1822 476 2015 563 refereliat,
2045 478 2146 566 Deo,
2183 497 2227 555 ut

180 580 388 673 significatio
403 578 448 647 sit
464 575 628 662 illustris,
648 592 781 648 caetera
797 578 934 652 omitto.
985 575 1033 649 Et
1047 575 1175 651 habuit
1222 592 1342 669 postea
1372 593 1519 670 eventus
1549 581 1723 663 ostendit,
1765 578 1867 670 quasi
1891 602 1954 669 per
1980 581 2111 669 gradus
2137 608 2224 655 eum

179 686 254 776 ipse
276 683 547 772 gubernatorem
570 680 681 748 alium
704 680 817 750 multo
841 681 1026 751 meliorem
1052 696 1086 754 et
1107 706 1173 772 po·
1224 683 1372 751 ducente
1396 683 1433 749 in
1458 677 1552 750 hanc
1571 682 1780 765 stationem,
1802 678 1928 772 inqua
1944 694 2065 773 postea
2084 686 2224 756 bonam

179 784 384 866 tentiorem,
421 781 553 850 scilicet
579 779 752 872 Spiritum
778 797 957 869 sanctum,
998 808 1173 877 quocum
1223 806 1365 874 operam
1387 780 1566 853 Ecclesiae
1584 783 1739 856 navavit.
1787 778 1858 850 Hic
1880 783 1925 850 ad
1942 784 2064 874 priora
2085 791 2224 860 exerci-

177 901 321 956 aeteruo
336 896 435 975 patre
452 897 485 953 et
499 881 654 952 Domino
668 898 791 953 nostro
808 882 888 954 lesu
902 882 1044 957 Christo
1065 910 1173 975 copn-
1223 885 1271 953 tia
1296 884 1437 974 linguae
1457 882 1605 954 Latinae
1633 898 1668 954 et
1692 880 1848 952 Graecae
1874 884 2039 957 adiunxit
2059 891 2223 961 studium

23 963 27 969 ²
62 983 65 987 ’
128 1015 131 1019 ·
178 988 319 1057 labatur
343 1009 428 1055 vero
454 985 620 1054 incendio
639 987 769 1055 amoris
788 985 922 1068 divini,
948 1002 982 1059 et
1000 987 1172 1057 virtutum
1223 986 1364 1075 linguae
1385 982 1562 1070 Ebraeae,
1595 1010 1635 1054 ac
1666 1007 1790 1054 omnes
1813 985 1861 1054 ita
1888 986 2033 1072 didicit,
2062 1003 2102 1060 ut
2126 995 2221 1065 adeo

178 1089 312 1160 semina
331 1088 429 1156 ineo
448 1088 673 1157 fovebantur.
1222 1087 1445 1157 familiariter
1467 1088 1535 1156 sibi
1558 1100 1661 1157 notae
1684 1099 1818 1171 essent,
1855 1110 1896 1156 ac
1922 1089 1953 1157 si
1978 1089 2115 1162 nativae
2135 1095 2220 1187 ipsi,

282 1187 423 1259 Accedo
440 1189 548 1279 igitur
562 1191 605 1258 ad
623 1189 795 1281 pueritiae
807 1192 935 1263 studia.
986 1188 1065 1260 Etsi
1079 1183 1172 1257 nihil
1223 1212 1298 1258 non
1320 1188 1494 1259 insiticiae
1517 1189 1677 1259 fuissent.
1726 1184 1907 1260 Audiebat
1926 1193 2081 1264 studiose
2098 1208 2133 1265 et
2150 1198 2220 1268 do-

181 1294 218 1363 in
235 1316 276 1363 eo
294 1305 460 1371 toruum,
487 1306 548 1361 aut
570 1313 752 1381 asperum,
778 1305 840 1362 aut
858 1293 994 1362 immite
1010 1291 1093 1361 snit:
1121 1304 1172 1360 ta-
1224 1291 1373 1360 ctrinam
1388 1286 1581 1375 Ecclesiae,
1608 1314 1647 1359 ac
1663 1289 1850 1360 universae
1867 1292 2090 1386 antiquitatis
2104 1311 2220 1369 certa-

179 1418 262 1465 men
292 1406 610 1484 temperamentum
640 1393 708 1464 fuit
737 1390 1051 1478 melancholicum,
1080 1406 1114 1463 et
1133 1407 1173 1464 ut
1223 1393 1319 1462 mina
1337 1405 1371 1462 et
1386 1392 1518 1461 iudicia
1533 1393 1753 1473 conferebat,
1774 1416 1814 1461 ac
1830 1415 1932 1463 veros
1947 1397 2112 1467 omnium
2130 1402 2219 1492 dog-

179 1498 227 1568 ita
251 1497 385 1582 dicam,
419 1518 509 1586 pene
532 1493 761 1569 Socraticum.
819 1496 941 1588 ltaque
964 1495 1172 1587 etpaucilo-
1224 1495 1700 1586 matumfontesquaerebat.

132 1591 141 1597 ’
180 1622 272 1693 quus
286 1611 378 1681 erat,
404 1611 436 1665 et
455 1596 729 1685 cogitabundus,
755 1611 790 1667 et
804 1620 905 1688 saepe
920 1598 959 1665 in
974 1597 1100 1666 mediis
1115 1619 1173 1665 so·
1325 1595 1403 1666 Hoe
1425 1596 1584 1666 studium
1606 1609 1642 1666 et
1663 1595 1822 1665 moribus
1843 1597 1946 1666 castis
1967 1621 2006 1669 ac
2023 1599 2092 1691 piis
2110 1627 2220 1674 orna-

179 1701 313 1771 dalitiis
328 1699 428 1791 quasi
441 1697 688 1787 peregrinante
704 1699 835 1767 auimo.
878 1698 984 1769 Visus
1000 1713 1050 1768 est
1065 1699 1172 1788 igitur
1223 1698 1303 1783 bat,
1336 1710 1480 1791 eratque
1496 1697 1571 1768 eius
1589 1697 1810 1767 familiaritas
1827 1696 2007 1784 Beruero,
2034 1699 2220 1778 loachimo

179 1802 284 1870 initio
311 1799 516 1890 parentibus
540 1794 702 1869 hebetior
726 1814 760 1870 et
782 1801 934 1889 segnior.
996 1801 1066 1871 Sed
1091 1823 1170 1868 cum
1223 1797 1448 1883 Camerario‚
1479 1796 1584 1869 Petro
1606 1797 1803 1884 Suaveuio,
1835 1797 2053 1894 Hieronymo
2076 1801 2216 1876 Baum-
2242 1799 2246 1802 ’

181 1903 341 1972 celeriter
358 1900 568 1991 percepisset
582 1897 849 1973 Grammaticen
870 1904 964 1993 apud
981 1903 1096 1971 virum
1114 1901 1172 1968 in·
1222 1917 1405 1992 gartnero‚
1436 1895 1605 1971 Chiliano
1626 1898 1826 1986 Goltstein,
1856 1897 2024 1975 Michaeli
2040 1901 2214 1999 Rotingo,

180 2003 406 2093 tegerrimum
432 1999 627 2091 Georgium
649 2000 814 2088 Heltum,
847 2019 966 2096 postea
989 2026 1172 2072 commen·
1224 2017 1258 2074 et
1275 2005 1353 2093 aliis
1371 2003 1520 2072 eruditis
1537 2003 1623 2070 viris
1640 2003 1905 2073 iucundissima.

180 2110 284 2177 datus
305 2118 355 2173 est
377 2100 531 2194 Casparo
552 2101 728 2174 Bornero:
764 2106 826 2197 qui
850 2105 1170 2175 cumanimadver·
1323 2104 1518 2197 Aliquanto
1550 2118 1628 2194 post
1664 2129 1773 2173 uxore
1800 2106 1907 2175 ducta
1938 2107 2094 2178 medicae
2127 2112 2216 2182 artis

79 2222 82 2228 “
181 2221 287 2292 teret,
311 2229 534 2298 nequaqnam
562 2227 635 2273 esse
658 2208 794 2276 tardam
809 2220 871 2277 aut
887 2208 1048 2296 ignavam
1067 2220 1171 2276 natu·
1223 2208 1421 2277 doctrinam
1440 2229 1648 2294 cognoscere
1669 2208 1800 2296 coepit,
1833 2231 1940 2299 quam
1964 2222 2001 2279 et
2023 2226 2141 2302 postea
2164 2215 2215 2285 sic

181 2335 276 2393 ram,
310 2322 350 2378 ut
374 2307 579 2389 videbatur,
612 2309 673 2378 sed
695 2321 730 2378 et
752 2308 890 2378 avidam
912 2309 1113 2389 doctrinae,
1138 2321 1172 2378 et
1222 2310 1371 2394 amavit,
1396 2319 1437 2377 ut
1451 2331 1635 2400 nunquam
1653 2308 1727 2376 eius
1742 2309 1901 2378 studium
1916 2311 2088 2386 omiserit.
2139 2313 2214 2388 Nee

180 2411 340 2482 celeriter
359 2408 586 2499 arripientem
611 2408 730 2478 omnia
760 2434 848 2501 quae
870 2410 1171 2501 proponebantur,
1222 2411 1337 2481 solum
1353 2423 1457 2479 uorat
1478 2403 1606 2478 herbas
1619 2423 1653 2480 et
1668 2409 1830 2495 frutices,
1857 2413 1919 2481 sed
1935 2413 2009 2503 ipse
2021 2416 2109 2486 duos
2124 2411 2212 2486 hor-

180 2525 215 2582 et
238 2511 295 2579 vel
318 2509 411 2579 inter
425 2511 546 2592 ludos,
571 2532 651 2578 eum
667 2511 763 2579 aliud
780 2535 881 2601 agere
898 2511 1173 2596 existimabatur,
1223 2525 1276 2581 tos
1299 2537 1361 2583 sua
1390 2534 1500 2579 manu
1527 2534 1652 2598 magna
1679 2513 1847 2583 varietate
1870 2514 2032 2606 stirpium
2057 2519 2212 2591 ornavit

179 2612 391 2702 cogitatione
405 2612 577 2681 intentam
593 2611 631 2678 in
646 2636 685 2681 ea
701 2637 790 2703 quae
813 2614 986 2692 discebat,
1014 2637 1053 2681 ac
1075 2614 1172 2681 sani·
1220 2612 1393 2685 Remedia
1416 2612 1520 2680 etiam
1542 2613 1728 2703 praecipua
1750 2615 1956 2685 morborum
1979 2617 2011 2686 ei
2025 2620 2211 2690 notissima

84 2751 86 2755 ·
178 2727 285 2786 tatem
306 2714 449 2798 iudicii,
482 2737 522 2782 ac
542 2713 745 2783 facilitatem
771 2705 1112 2805 et'perspicuitatem
1132 2715 1171 2783 iu
1221 2731 1337 2799 erant,
1355 2727 1395 2784 et
1411 2713 1484 2806 ipse
1499 2714 1609 2784 multa
1629 2714 1801 2802 singulari
1817 2718 1991 2788 industria
2008 2723 2211 2812 adparabat.

179 2815 396 2908 explicandis
430 2813 705 2904 cogitationibus
746 2816 910 2885 eximiam
945 2839 1037 2896 esse,
1080 2817 1171 2885 bene
1321 2816 1501 2886 Hactenus
1516 2838 1556 2882 ea
1571 2820 1829 2906 propemodum
1844 2821 2019 2904 recensui,
2046 2847 2136 2913 quae
2152 2838 2210 2918 ty-

177 2942 318 3011 sperare
348 2930 511 3009 parentes
541 2915 585 2984 de
620 2916 764 3007 ingenio
793 2918 857 2986 filii
891 2919 1009 2989 iussit:
1045 2919 1171 2989 et·fuit
1220 2919 1349 2988 rocinii
1370 2915 1515 3008 propria
1535 2916 1690 2986 fuerunt.
1743 2918 1867 2991 Postea
1886 2922 1918 2991 ei
1935 2923 2137 2992 mandatum
2155 2939 2209 2996 est

177 3016 358 3104 hortator,
383 3035 423 3091 ut
437 3022 530 3110 apud
547 3016 691 3088 Petrum
707 3018 945 3091 Mosellauum
968 3020 1006 3088 in
1022 3032 1171 3114 utraque
1219 3044 1349 3090 munus
1374 3031 1409 3088 et
1430 3019 1688 3108 interpretandi
1717 3017 1924 3113 prophetica
1955 3039 1990 3095 et
2017 3027 2207 3116 apostolica

177 3120 299 3208 lingua
341 3135 570 3190 exerceretur.
638 3117 753 3190 Antea
792 3119 927 3192 Graece
968 3124 1170 3205 docentem,
1218 3132 1467 3204 monumenta,
1500 3133 1534 3190 et
1557 3120 1747 3211 intemplo
1770 3126 2020 3198 concionandi.
2078 3124 2123 3197 Iu
2140 3122 2208 3199 hoc

177 3221 357 3313 paulisper
371 3221 508 3289 audivit
522 3218 670 3290 Crotum
685 3218 919 3309 Britannum,
943 3224 1007 3294 ubi
1022 3223 1170 3294 commi·
1218 3226 1329 3312 gradu
1352 3246 1431 3292 cum
1456 3221 1525 3289 iam
1540 3219 1673 3292 Doctor
1688 3238 1792 3305 esset,
1818 3250 1911 3315 quae
1925 3230 2034 3299 fuerit
2049 3228 2125 3299 eius
2140 3231 2208 3299 mi-

176 3325 325 3393 litonem
358 3318 486 3391 habuit
517 3315 737 3389 loacbimum
768 3320 1027 3409 camerarium,
1062 3348 1167 3416 quem
1218 3327 1314 3418 litia,
1339 3323 1569 3394 considerate.
1624 3321 1692 3390 Hic
1709 3323 1752 3390 de
1767 3317 1925 3395 Ecclesia
1951 3341 1985 3397 et
2002 3342 2076 3401 tota
2092 3325 2209 3423 priste-

175 3426 237 3495 illa
255 3425 389 3516 primae
404 3423 528 3494 aetatis
541 3422 659 3491 studia
677 3439 1010 3494 commemorantem
1029 3426 1169 3493 audivi·
1218 3427 1320 3496 ritate
1334 3426 1425 3494 bene
1439 3424 1584 3494 meritus
1599 3436 1660 3495 est.

176 3552 255 3598 mus
271 3531 315 3598 de
328 3524 520 3617 Crucigero
538 3526 673 3613 dicere,
700 3536 785 3594 tuuc
806 3549 948 3620 quoque
964 3526 1167 3616 inspeciem
1319 3525 1499 3607 Primum,
1525 3525 1607 3620 quia
1623 3524 1661 3593 in
1678 3524 1930 3594 transferendis
1946 3526 1986 3595 in
2006 3552 2207 3601 sermonem

175 3631 292 3700 visum
316 3652 389 3699 esse
413 3627 558 3698 caeteris
581 3627 796 3716 segniorem,
829 3640 864 3698 et
883 3642 999 3700 tamen
1014 3629 1094 3719 plus
1112 3628 1168 3697 di·
1217 3626 1469 3699 Germanicum
1492 3627 1596 3698 libris
1613 3622 1829 3720 propheticis
1849 3650 1975 3717 magua
1999 3630 2087 3710 fide,
2121 3634 2208 3701 dili-

174 3733 321 3815 dicisse,
355 3753 462 3825 quam
492 3729 582 3798 alios
606 3727 878 3804 commilitones.
936 3728 1061 3800 Postea
1088 3755 1166 3800 cum
1215 3733 1332 3821 gentia
1354 3744 1387 3801 et
1410 3731 1638 3814 adsiduitate,
1662 3727 1911 3802 Reverendum
1934 3729 2049 3799 rimm
2064 3727 2110 3802 D.
2125 3730 2202 3800 Lu-

173 3837 268 3926 apud
277 3831 423 3904 Petrum
434 3831 673 3904 Mosellauum
691 3831 1015 3904 formareLatinam
1033 3833 1166 3901 oratio·
1214 3829 1357 3903 therum
1387 3832 1536 3904 adiuvit.
1603 3828 1682 3901 Etsi
1712 3831 1807 3900 enim
1828 3824 2007 3901 Lutherus
2024 3825 2202 3902 Ebraeam

173 3960 255 4005 nem
283 3936 481 4020 didicisset,
513 3947 547 4005 et
567 3934 605 4002 in
622 3929 758 4003 Graeca
775 3934 895 4026 lingua
913 3935 1064 4005 multum
1082 3958 1165 4026 pro·
1214 3936 1372 4024 linguam
1397 3928 1507 4027 probe
1533 3932 1701 4017 callebat,
1732 3946 1851 4002 tamen
1874 3933 1957 4024 quia
1979 3932 2205 4002 collationem

172 4038 307 4118 ficeret,
333 4037 428 4109 etin
447 4036 608 4105 moribus
631 4031 724 4104 nihil
742 4051 829 4107 esset
844 4037 1084 4127 arrogantiae,
1109 4036 1165 4104 ni·
1214 4037 1429 4109 iudiciorum
1448 4035 1664 4106 sciebatnon
1682 4035 1961 4126 adspernandam
1983 4056 2074 4119 esse,
2100 4028 2208 4103 adhi-

170 4135 224 4209 hil
241 4140 470 4222 insolentiae,
496 4132 591 4206 nihil
606 4137 694 4222 fuci,
716 4131 809 4205 nihil
826 4140 1081 4230 perversitatis,
1104 4141 1163 4208 sed
1213 4139 1293 4210 buit
1315 4139 1410 4208 viros
1434 4137 1474 4209 in
1490 4163 1528 4208 ea
1553 4138 1672 4227 lingua
1689 4135 1867 4226 praeclare
1883 4135 2059 4218 eruditos,
2084 4130 2206 4207 Auro-

171 4254 298 4311 natura
322 4255 435 4325 recta,
462 4239 632 4321 candida,
658 4240 836 4329 modesta,
870 4240 1079 4331 disciplinae
1100 4264 1164 4331 pa·
1213 4243 1366 4331 gallum,
1390 4237 1621 4332 Crucigerum
1641 4251 1675 4309 et
1698 4234 1917 4308 Forsterum.
1966 4233 2044 4306 Hos
2058 4250 2093 4306 et
2108 4237 2207 4308 iudi-

170 4342 278 4424 tieus,
308 4362 430 4410 amans
460 4341 663 4422 veritatem,
695 4338 859 4429 pietatem
890 4365 970 4432 erga
990 4338 1105 4411 Deum
1129 4356 1164 4413 et
1212 4367 1268 4414 ces
1290 4343 1329 4414 in
1352 4342 1511 4414 obscuris
1535 4340 1641 4422 locis,
1668 4352 1703 4409 et
1726 4361 1810 4411 suae
1825 4338 1910 4409 fidei
1935 4363 1976 4410 ae
2001 4337 2206 4429 diligentiae

170 4442 381 4513 castitatem:
403 4440 530 4512 Petrus
545 4463 644 4523 eum,
669 4452 708 4508 ut
724 4453 800 4510 erat
817 4464 920 4531 sagax
936 4443 1162 4533 ingeniomm
1212 4458 1314 4518 testes
1329 4441 1466 4516 babet·
1483 4443 1607 4516 voluit.
1952 4512 1956 4517 .

168 4566 312 4630 censor,
344 4543 394 4616 ita
411 4560 451 4617 ut
474 4543 587 4614 lilium
611 4541 813 4631 complexus
840 4558 912 4628 est,
945 4560 979 4618 et
1003 4545 1164 4616 laudavit
1311 4545 1496 4618 Praeterea
1510 4568 1592 4616 cum
1609 4555 1698 4612 esset
1713 4540 1753 4610 in
1769 4542 1958 4613 scribendo
1971 4541 2062 4611 mira
2080 4540 2204 4613 celeri·

167 4647 345 4735 indolem,
378 4648 513 4735 studia‚
546 4660 582 4718 et
600 4667 718 4715 mores
741 4646 973 4718 adolescentis
989 4646 1161 4737 ‚universa
1210 4661 1263 4717 tas
1289 4645 1490 4739 Crucigeri,
1522 4666 1685 4734 magnam
1719 4659 1854 4735 partem
1878 4644 2149 4715 enarrationem
2169 4656 2203 4713 et

169 4745 371 4826 Academia.
1209 4750 1421 4822 concionum
1434 4741 1583 4819 Lutheri
1598 4746 1733 4837 excepit
1748 4746 1788 4815 iu
1799 4741 1930 4816 scholis
1943 4758 1976 4816 et
1988 4745 2026 4814 iu
2044 4744 2203 4838 templis:

269 4847 359 4923 Cum
386 4863 505 4924 autem
540 4850 739 4924 utilissimis
771 4852 945 4922 exercitiis
973 4851 1160 4943 utriusque
1208 4874 1296 4947 quas
1324 4865 1359 4923 et
1386 4849 1555 4923 brevibus
1583 4848 1678 4918 notis
1707 4847 1927 4918 velocissime
1960 4847 2136 4934 scribere,
2168 4857 2203 4916 et

164 4953 308 5043 linguae
328 4955 423 5045 apud
445 4952 590 5025 Petrum
613 4953 767 5047 amplius
788 4954 1024 5047 quadriennio
1038 4952 1159 5023 excul·
1207 4968 1327 5046 postea
1348 4974 1470 5024 rursus
1494 4951 1640 5041 integris
1661 4949 1807 5043 syllabis
1826 4972 1867 5020 ac
1882 4948 2101 5022 dictionibus
2116 4949 2202 5019 red·

165 5070 223 5127 tus
256 5067 362 5139 esset,
393 5067 428 5124 et
464 5071 608 5149 propter
644 5057 739 5127 luem
766 5055 912 5148 Lipsiae
942 5067 1157 5147 grassantem
1206 5056 1298 5128 ditas
1321 5058 1443 5141 edere,
1471 5077 1619 5145 magnae
1644 5051 1840 5122 industriae
1862 5064 1898 5122 et
1920 5052 2043 5140 magni
2066 5049 2202 5121 laboris

162 5157 344 5250 paulisper
359 5156 591 5228 secedendum
605 5171 710 5244 esset,
735 5183 808 5229 nna
825 5182 906 5228 eum
916 5155 1077 5229 Bornero
1093 5180 1155 5225 ve·
1204 5182 1294 5249 opus
1321 5159 1411 5241 fuit,
1444 5182 1513 5250 qua
1545 5157 1584 5225 in
1610 5177 1648 5225 re
1671 5152 1776 5222 fidem
1798 5152 1910 5245 ipsius
1935 5151 2102 5244 probavit
2127 5151 2201 5245 ipse

48 5266 53 5271 ’
161 5261 268 5334 nitin
281 5254 375 5329 hanc
391 5256 541 5327 vicinam
557 5257 804 5345 Academiam,
830 5260 1018 5352 praecipue
1033 5258 1153 5332 utdo-
1202 5257 1393 5332 Lutherus.
1449 5255 1500 5331 Et
1521 5270 1609 5332 teste
1629 5252 1783 5328 Rorario
1808 5256 1887 5325 viro
1903 5253 2202 5345 integerrimo,a

161 5364 274 5435 ctrina
296 5364 340 5434 de
361 5360 438 5433 Deo
464 5373 556 5429 recte
585 5362 742 5451 cognita,
771 5362 865 5432 veris
888 5362 1012 5434 officiis
1033 5360 1151 5434 Deum
1202 5364 1335 5457 quoin
1361 5359 1429 5434 hoc
1443 5362 1566 5433 labore
1581 5380 1722 5449 semper
1742 5356 1884 5429 adiutus
1898 5357 2100 5448 est,‚etiam
2116 5369 2201 5451 post

158 5465 308 5548 coleret,
333 5477 368 5536 et
381 5459 559 5537 Ecclesiae
576 5477 695 5558 postea
712 5465 791 5535 usui
807 5487 882 5547 esse
896 5480 1025 5561 posset.
1058 5464 1150 5536 Nam
1200 5459 1350 5538 liutheri
1364 5479 1515 5538 mortem
1529 5462 1635 5535 fidem
1652 5458 1837 5553 praestitit.
