4732 6030
175 372 251 449 955
640 368 799 448 DECL.
833 367 907 445 DE
942 368 1169 444 ΙΟΑΝΝΕ
1203 372 1359 448 DUCE
1393 370 1512 446 SAX.
1544 368 1744 446 ELECT.
2135 377 2212 463 964

175 548 319 642 quidem
333 542 451 634 vagari
472 556 512 613 ut
527 542 670 615 vellent.
720 541 816 612 Haec
833 545 904 614 duo
928 544 1076 634 imperia
1096 567 1165 613 no-
1215 551 1259 617 da
1276 561 1336 618 est.
1388 544 1471 616 Non
1485 567 1585 629 casu,
1611 569 1684 615 non
1706 559 1838 616 temere
1852 547 2024 619 confluxit
2044 543 2129 621 baec
2143 546 2210 627 bo,-

174 652 374 731 minantur,
407 646 557 715 alterum
578 638 798 732 δεσποτικὸν
819 648 915 737 quod
939 647 1031 736 cogit
1046 640 1161 715 homi·
1214 650 1353 720 minum
1377 663 1503 720 natura
1526 671 1565 715 ex
1587 648 1732 728 atomis,
1759 649 1964 735 attingebat
1983 648 2210 731 Democritus

175 775 256 836 nes,
307 751 457 819 alterum
490 741 679 818 πολιτικὸν
714 749 810 839 qnod
849 747 938 835 regit
970 748 1163 821 suadendo.
1215 767 1249 822 et
1262 748 1455 841 Epicurus:
1482 749 1543 819 sed
1558 749 1690 840 ubique
1709 749 1814 818 obvia
1836 765 1919 820 sunt
1942 752 2093 822 illustria
2108 756 2207 824 testi-

174 852 362 944 Utrunque
388 847 625 919 cernimusin
650 843 811 930 homine,
853 849 982 919 noticia
1007 848 1160 941 quaein
1214 853 1354 934 monia,
1380 875 1469 946 quae
1493 852 1701 934 ostendunt,
1728 864 1761 920 et
1783 874 1856 920 esse
1869 849 2005 938 Deum,
2033 867 2067 924 et
2088 857 2206 929 nosci

172 955 316 1025 cerebro
331 963 395 1031 est,
411 964 446 1021 et
458 949 595 1033 electio,
618 943 724 1019 babet
737 943 956 1021 δεσποτικὸν
973 951 1161 1040 imperium
1213 979 1317 1025 curae
1330 978 1419 1023 esse:
1447 967 1481 1022 et
1495 948 1649 1021 bumana
1665 953 1771 1021 corda
1786 954 1831 1023 ad
1846 948 1913 1023 boc
1929 954 2044 1044 ipsum
2061 957 2205 1036 condita

171 1052 415 1146 inpotentiam
430 1050 693 1130 locomotivam‚
721 1052 789 1121 ciet
807 1074 951 1136 nervos,
978 1066 1011 1121 et
1027 1052 1161 1121 instru·
1213 1079 1303 1141 esse,
1328 1074 1368 1128 ut
1383 1057 1455 1127 sint
1471 1053 1538 1123 Dei
1562 1053 1802 1124 domicilium:
1835 1079 1924 1148 quae
1948 1058 2092 1149 quidem
2117 1071 2204 1130 tunc

171 1171 290 1227 menta
314 1168 430 1223 motus
457 1150 580 1222 localis
603 1175 666 1221 suo
696 1153 844 1222 consilio
869 1166 904 1223 et
927 1153 1094 1233 arbitrio,
1127 1166 1161 1223 et
1213 1159 1351 1249 penitus
1375 1178 1642 1245 cognoscemus,
1666 1180 1746 1224 cum
1767 1156 1805 1226 in
1826 1157 1886 1226 illa
1907 1173 2047 1228 aeterna
2065 1157 2202 1231 Acade·

172 1257 292 1341 nervi,
325 1254 475 1325 musculi
497 1249 924 1345 cborcecobtemperant
942 1255 1159 1325 sinecontu·
1211 1261 1303 1345 mia,
1329 1262 1368 1328 in
1385 1260 1461 1350 ipso
1476 1252 1552 1326 Deo
1574 1256 1688 1325 ideam
1705 1273 1852 1328 naturae
1867 1261 2202 1350 contemplabimur.

170 1360 294 1429 macia.
334 1352 503 1439 Achilles,
529 1355 592 1423 etsi
608 1379 669 1424 cor
686 1357 868 1425 incensum
883 1370 934 1427 est
949 1356 1013 1439 ira,
1041 1370 1158 1426 tamen
1211 1361 1281 1432 Sed
1298 1360 1466 1433 tamenin
1484 1355 1547 1426 bac
1558 1359 1628 1428 vita
1644 1354 1750 1428 huius
1761 1373 1878 1443 tantae
1892 1362 2083 1452 sapientiae
2099 1388 2201 1434 exor-

170 1463 319 1550 imperat
336 1458 518 1540 manibus,
543 1469 577 1526 et
598 1456 772 1547 imperare
789 1471 921 1548 potest,
947 1473 985 1527 ut
1002 1457 1158 1546 gladium
1211 1465 1267 1532 dia
1291 1464 1367 1533 vult
1390 1460 1523 1552 percipi
1545 1473 1579 1528 et
1593 1463 1775 1549 cognosci,
1802 1485 1842 1530 ac
1856 1462 2026 1532 immensa
2043 1465 2202 1536 bonitate

169 1565 363 1633 recondant
392 1559 430 1628 in
453 1557 636 1647 vaginam,
669 1560 818 1649 imperat
847 1560 1016 1650 pedibus,
1048 1575 1088 1632 ut
1114 1559 1158 1628 ab
1210 1565 1362 1636 effundit
1376 1567 1414 1635 in
1433 1564 1537 1632 corda
1555 1561 1796 1631 invocantium
1813 1563 1950 1653 ipsum,
1977 1566 2032 1634 sui
2051 1566 2200 1656 pectoris

168 1665 435 1753 Agamemnone
449 1659 640 1732 discedant.
693 1657 771 1730 Hoc
788 1663 894 1730 modo
918 1660 1070 1730 noticiae
1083 1684 1157 1728 non
1209 1668 1391 1759 spiritum,
1430 1677 1471 1734 ut
1504 1677 1708 1733 nostrorum
1733 1663 1895 1734 cordium
1921 1665 2066 1756 spiritus
2090 1681 2201 1742 sanet.

168 1768 367 1854 gubernant
382 1761 501 1846 corda,
525 1763 586 1829 sed
602 1755 669 1830 hae
686 1762 866 1831 suadendo
884 1775 1066 1851 reguntur.
1098 1759 1158 1829 ln·
1209 1766 1440 1862 Nequaquam
1459 1764 1537 1834 vult
1559 1788 1657 1834 suam
1680 1768 1796 1834 sedem
1814 1790 1834 1834 a
1850 1767 2004 1836 diabolis
2025 1769 2200 1856 occupari,

167 1865 294 1954 telligit
309 1862 483 1951 Socrates,
509 1863 739 1953 temperantia
754 1863 954 1932 conservari
969 1863 1062 1931 vires
1078 1885 1158 1932 cor·
1208 1894 1318 1963 quare
1339 1885 1373 1940 et
1397 1868 1549 1937 libenter
1562 1865 1667 1934 nobis
1689 1889 1792 1956 opem
1816 1867 1903 1951 l'ert,
1931 1883 2074 1958 propter
2095 1893 2198 1939 suum
2243 1953 2245 1955 ¹

167 1968 282 2059 poris,
317 1963 587 2055 intemperantia
623 1963 736 2042 laedi,
773 1963 896 2033 volens
929 1963 1036 2052 igitur
1070 1963 1158 2033 vitat
1209 1972 1337 2040 filium:
1370 1983 1404 2038 et
1424 1965 1641 2035 severissime
1662 1967 1851 2058 praecipit,
1883 1981 1924 2037 ut
1948 1983 2127 2059 petamus,
2160 1986 2199 2043 ut

168 2069 384 2147 ebrietatem.
435 2063 489 2134 Ac
523 2064 553 2132 si
581 2088 655 2132 non
688 2065 827 2132 turbata
855 2077 943 2133 esset
971 2060 1157 2134 harmonia
1209 2074 1282 2165 ipse
1300 2085 1438 2164 pectora
1463 2082 1581 2138 nostra
1598 2069 1779 2157 gubernet.
1830 2065 2076 2140 Exuscitemus
2091 2070 2224 2159 igitur

166 2170 285 2258 legum
301 2182 336 2236 tl
351 2166 477 2249 60ῑᾶῐῆ
503 2188 640 2257 ”miter
657 2178 782 2256 ⁵P⁰sslfl
798 2179 1033 2255 tonssfflerflssl
1049 2170 1155 2236 corda
1209 2199 1273 2244 nos
1291 2177 1335 2244 ad
1360 2170 1445 2242 lraec
1465 2186 1566 2253 vota,
1598 2184 1632 2238 et
1655 2170 1747 2239 veris
1770 2170 1960 2259 gemitibus
1979 2168 2095 2240 Deum
2118 2195 2198 2241 ore-

166 2295 247 2341 cum
262 2270 410 2358 legibus.
461 2264 565 2337 Nunc
583 2291 666 2336 vero
680 2266 719 2335 in
743 2263 807 2336 bac
825 2268 1066 2338 imbecillitate
1085 2263 1155 2336 bu·
1208 2300 1306 2359 mus,
1332 2291 1371 2346 ut
1392 2274 1466 2366 ipse
1488 2295 1626 2362 semper
1642 2272 1732 2339 adsit
1755 2271 1794 2340 in
1809 2272 1977 2342 cordibus
1994 2274 2137 2355 nostris,
2163 2288 2198 2344 et

165 2395 291 2441 manae
316 2382 463 2438 naturae
488 2381 523 2437 et
544 2368 691 2437 dissidio
708 2368 849 2448 virium,
876 2383 992 2438 tamen
1007 2369 1155 2438 sciamus
1178 2402 1182 2424 ¹
1207 2378 1245 2446 in
1262 2375 1329 2448 boc
1342 2401 1406 2446 suo
1419 2375 1601 2445 domicilio
1618 2374 1736 2455 corda,
1756 2373 1911 2463 spiritus,
1934 2389 2079 2458 mentes,
2102 2398 2197 2443 cere·

165 2469 281 2542 Mum
311 2469 483 2559 singulari
512 2469 662 2539 consilio
689 2483 724 2539 et
746 2470 916 2538 Beneficio
942 2471 980 2538 in
1011 2466 1155 2541 bomine
1207 2481 1322 2562 hrum,
1349 2492 1381 2546 et
1398 2498 1521 2546 omnes
1536 2475 1629 2542 vires
1645 2487 1782 2544 nostras
1797 2496 1859 2542 sua
1876 2474 1953 2543 luce
1981 2489 2013 2545 et
2039 2498 2102 2544 suo
2125 2476 2198 2565 spi-

146 2570 389 2644 ¹conservasse
410 2565 503 2639 hanc
528 2586 660 2660 partem
686 2570 880 2660 libertatis,
912 2585 951 2641 ut
974 2573 1154 2661 despotico
1207 2581 1277 2649 ritu
1293 2581 1483 2669 gubernet,
1507 2589 1548 2646 ut
1562 2591 1643 2643 vera
1662 2577 1865 2657 doceamus,
1887 2589 1922 2644 et
1937 2577 2104 2646 salutaria
2129 2601 2196 2645 no.
2235 2619 2240 2624 -

165 2673 313 2764 imperio
331 2672 406 2760 regi
421 2686 584 2743 externae
599 2672 755 2741 actiones
770 2673 916 2761 possint.
954 2671 1043 2742 Vult
1060 2673 1153 2741 enim
1207 2683 1311 2752 biset
1327 2682 1392 2752 rori
1409 2677 1586 2749 Ecclesiae
1603 2699 1757 2766 agamus.
1806 2671 1900 2745 Dixi.

165 2773 319 2863 intelligi
345 2773 555 2855 discrimen,
596 2772 728 2840 liberae
756 2773 892 2859 agentis
916 2773 1092 2862 potentiae
1121 2788 1155 2844 et

163 2897 309 2969 prorsus
329 2872 504 2963 captivae,
530 2871 609 2939 vult
631 2871 714 2939 sciri
737 2893 773 2939 se
791 2894 864 2940 esse
884 2895 990 2960 agens
1008 2874 1152 2944 liberri-
1211 2887 1339 2896 ’““’“

163 3002 283 3055 mum,
305 2996 379 3042 non
402 2969 578 3039 inclusum
599 2971 708 3040 stoico
725 2972 875 3056 carceri,
902 2975 962 3041 sed
977 2975 1152 3044 volentem
1205 3013 1270 3084 No·
1291 3013 1375 3083 m·
1433 2976 1435 2984 '
1976 2998 1984 3019 ¹
2015 3035 2061 3074 m
2088 3012 2183 3076 1550.

163 3099 302 3148 servare
328 3073 551 3154 invocantes,
585 3084 619 3140 et
634 3084 854 3141 contumaces
878 3075 1016 3162 punire.
1066 3074 1153 3145 vute
1211 3106 1383 3139 »οων
2013 3100 2186 3133 w-

150 3174 353 3271 ,disciplina
365 3170 500 3240 frenari
514 3166 687 3240 homines.
727 3170 822 3243 Haec
838 3174 989 3263 intelligi
1007 3188 1041 3245 et
1058 3176 1152 3246 iudi·
1284 3214 1287 3223 ·
1328 3209 1404 3292 De
1426 3205 1601 3291 [omme
1625 3204 1756 3290 Duce
1779 3203 1898 3290 sax·
1923 3172 2071 3291 mm·
2132 3255 2136 3263 ,

163 3278 237 3348 cari
260 3287 426 3368 possunt,
460 3295 540 3342 cum
563 3272 796 3343 discernimus
817 3275 857 3344 in
878 3270 1023 3346 homine
1040 3277 1151 3369 impe-

163 3381 257 3449 rium
279 3367 498 3449 δεσποτικὸν
520 3388 555 3444 et
581 3370 781 3447 πολιτικὸν.
842 3373 1013 3448 Videmus
1034 3392 1149 3448 autem
1273 3368 1301 3420 ¹⁰
1317 3365 1409 3420 ⁸⁶¹⁶&
1429 3361 1560 3485 llfchl's·
1574 3361 1668 3484 ¹¹¹iot2·
1682 3363 1817 3482 ¹¹⁰⁵,t‘tp
1842 3362 1970 3483 ffi‘hssds‘
1985 3364 2018 3482 Td
2034 3363 2069 3479 ¹¹¹:
2090 3361 2198 3432 ema

162 3504 264 3571 uere
283 3502 362 3562 cor,
385 3489 425 3546 ¹11
449 3490 639 3569 tyrannum
659 3500 854 3567 terrama
871 3478 961 3567 lesi,
985 3493 1020 3549 a
1039 3480 1151 3571 imre-
1304 3436 1434 3557 {ttlt’t
1456 3469 1550 3553 ‚aaa
1566 3451 1636 3552 {aa
1688 3444 1774 3552 iisd?
1782 3466 1838 3552 ai
1852 3468 1890 3568 a:
1927 3433 2195 3554 v‘ri'fs'aibii'si:

162 3584 240 3654 dire
255 3571 474 3653 decantanda
495 3575 684 3667 imperium
702 3577 854 3660 cerebri,
880 3592 913 3647 et
928 3580 1150 3669 disciplinam
1185 3575 1187 3579 ’
1305 3571 1399 3625 bttorh.
1447 3566 1546 3623 ‘¹⁸⁰⁰'-
1559 3566 1611 3622 No.
1623 3565 1685 3621 ⁸⁵⁵·

161 3686 318 3756 turbare.
353 3677 454 3750 Paris
467 3677 594 3747 ardens
610 3701 730 3747 amore
743 3679 837 3768 rapit
851 3675 1037 3748 Helenam.
1071 3678 1151 3749 An-

160 3785 283 3858 tonius
304 3782 412 3852 stulta
434 3778 631 3849 ambitione
658 3792 693 3849 et
722 3780 957 3849 aemulatione
986 3780 1150 3851 incitatus
1201 3857 1225 3905 a
1239 3835 1348 3903 Dm
1364 3831 1462 3900 ..um
1483 3830 1743 3897 Laurentio
1770 3825 2080 3918 Lindemann,
2108 3853 2196 3902 cum

161 3878 680 4075 liltl'ltttllttaiss
694 3880 1151 4077 {litttltl‘lsstt'tt
1200 3933 1343 4031 ...aa
1368 3929 2195 4051 terreretur”00t0a10aasauraa

162 4087 268 4159 corde
281 4084 394 4155 Deum
411 4084 671 4155 contemnentia
689 4096 847 4174 occupat.
1157 4119 1160 4124 -
1355 4027 1639 4126 N⁰⁷²b079⁰²¹⁸²2
1666 4027 1703 4101 d·
1725 4027 1762 4103 9·
1780 4029 1914 4105 ⁰⁶⁰⁶&
1935 4031 2041 4111 1550·

264 4182 311 4255 Et
326 4186 365 4253 in
381 4186 511 4257 talibus
527 4185 635 4255 multa
652 4199 843 4254 occurrunt
860 4185 963 4269 mala,
988 4185 1152 4255 diabolus
1204 4171 1285 4253 Deo
1300 4193 1443 4251 aeterno
1457 4178 1550 4272 patri
1560 4176 1705 4247 Domini
1723 4180 1836 4250 nostri
1853 4179 1930 4252 lesu
1940 4178 2085 4268 Christi,
2106 4208 2194 4254 con-

162 4308 336 4380 oecnpans
351 4288 460 4355 corda
471 4303 652 4380 utrunque
668 4285 763 4369 facit,
785 4309 850 4356 sno
863 4287 997 4367 afflatu,
1024 4310 1151 4377 pravos
1202 4282 1311 4355 ditori
1334 4296 1369 4352 et
1383 4281 1520 4352 custodi
1535 4276 1713 4350 Ecclesiae
1728 4304 1831 4367 suae,
1855 4298 1889 4355 et
1908 4285 2062 4354 iustitiae
2080 4310 2119 4354 ac
2132 4309 2194 4356 so·

161 4391 307 4462 affectus
321 4386 479 4456 accendit
492 4400 527 4456 et
541 4402 655 4478 auget,
677 4387 716 4457 in
731 4401 851 4457 mente
861 4388 965 4458 etiam
978 4389 1151 4478 extinguit
1201 4384 1336 4457 rietatis
1359 4379 1536 4453 humanae
1559 4383 1816 4467 conservatori,
1840 4385 1971 4474 gratias
1987 4409 2070 4475 ago,
2097 4391 2194 4479 quod

161 4517 285 4562 verum
310 4487 502 4571 iudicium,
528 4502 563 4556 et
579 4492 683 4559 corda
706 4490 856 4578 gignunt
869 4488 1013 4580 spiritus
1028 4490 1151 4561 vitales
1201 4484 1371 4558 hactenus
1384 4484 1576 4556 clementer
1590 4507 1656 4553 nos
1669 4485 1831 4584 protexit,
1853 4501 1888 4557 et
1903 4511 1976 4556 non
1995 4488 2079 4557 sinit
2095 4491 2192 4579 apud

161 4605 373 4673 venenatos,
403 4587 524 4681 quiet
559 4589 626 4678 ipsi
656 4593 837 4661 cerebrum
865 4603 900 4659 et
927 4591 1014 4660 alias
1035 4605 1150 4684 partes
1201 4612 1266 4660 nos
1291 4588 1446 4676 extingui
1469 4586 1652 4655 doctrinae
1672 4587 1807 4670 studia,
1837 4590 2044 4677 quaesitae
2075 4583 2194 4665 bomi-

161 4695 345 4776 inliciunt,
370 4689 460 4761 utlit
475 4688 515 4757 in
526 4689 647 4759 bestiis
664 4691 824 4766 rabiosis.
874 4690 973 4762 Haec
993 4692 1149 4781 ingentia
1201 4715 1287 4760 uum
1302 4687 1495 4759 necessaria
1512 4700 1610 4756 sunt:
1637 4710 1787 4778 eumque
1804 4700 1879 4758 toto
1895 4702 2037 4779 pectore
2053 4713 2128 4776 oro,
2152 4705 2193 4763 ut

161 4798 254 4867 mala
274 4792 528 4866 consideranda
544 4804 646 4870 sunt,
672 4805 706 4861 et
720 4814 855 4864 summa
877 4818 960 4864 cura
975 4789 1150 4863 adhiben-
1201 4814 1266 4861 nos
1282 4790 1448 4879 deinceps
1461 4812 1602 4881 quoque
1618 4789 1790 4876 gubernet
1816 4803 1849 4858 ct
1872 4802 2030 4875 tueatur,
2056 4805 2090 4861 et
2110 4816 2194 4889 pro·

161 4902 206 4969 da
223 4911 292 4978 est,
319 4910 359 4987 ut
373 4893 505 4964 sanitas
520 4891 655 4976 cordis,
680 4907 851 4985 quantum
869 4897 945 4965 lieri
961 4909 1093 4988 potest,
1115 4908 1151 4965 et
1201 4908 1279 4986 pter
1299 4915 1398 4961 suam
1419 4890 1568 4980 gloriam
1592 4889 1630 4956 in
1656 4883 1711 4958 bis
1735 4890 1939 4978 regionibus
1962 4915 2100 4984 semper
2119 4896 2192 4967 filio
2268 4939 2273 4944 -

161 5002 367 5071 restituatur
390 5010 424 5067 et
445 5007 682 5065 conservetur.
733 4989 780 5062 Et
797 4997 938 5088 quidem
961 5014 1000 5068 ut
1022 4997 1148 5067 sitdo-
1200 5019 1264 5065 suo
1282 4991 1438 5064 Domino
1456 5005 1576 5062 nostro
1594 4989 1672 5059 lesu
1683 4986 1827 5061 Christo
1844 4987 2096 5065 haereditatem
2115 4997 2216 5067 col:

159 5102 330 5172 micilium
345 5096 433 5182 Dei,
457 5098 502 5167 ad
517 5119 623 5189 quem
646 5118 748 5167 usum
770 5097 1014 5189 principaliter
1025 5101 1150 5169 condi·
1200 5098 1305 5188 ligat,
1332 5096 1584 5166 celebraturam
1603 5092 1717 5182 ipsum
1739 5093 1776 5161 in
1794 5096 1890 5164 omni
1912 5097 2128 5168 aeternitate.

159 5220 236 5277 tum
251 5216 313 5274 est.
366 5198 463 5270 Haec
477 5200 582 5281 bona,
606 5213 645 5268 ut
664 5199 918 5286 intelligamus,
945 5204 1149 5291 adpetamus
1302 5196 1599 5268 Honestissimum
1616 5208 1668 5264 est
1681 5209 1796 5264 antem
1820 5197 1856 5265 in
1874 5193 1930 5266 bis
1947 5197 2191 5286 congressibus

160 5320 195 5376 et
210 5325 456 5398 assequamur,·
486 5301 648 5371 doctrina
671 5304 715 5371 de
742 5296 797 5368 bis
817 5302 924 5370 tantis
948 5304 1072 5387 rebus,
1105 5305 1149 5371 de
1200 5300 1271 5371 dici
1293 5300 1428 5393 aliquid
1446 5299 1543 5391 quod
1567 5299 1680 5387 prosit
1700 5300 1744 5365 ad
1768 5299 1983 5368 erudiendos
2000 5297 2190 5382 auditores,

159 5421 285 5478 natura
300 5404 468 5483 hominis,
492 5406 537 5472 de
552 5416 669 5473 nostra
685 5402 937 5485 imbecillitate,
962 5405 1005 5472 de
1021 5405 1149 5474 volun·
1199 5403 1255 5472 vel
1277 5403 1325 5473 ad
1339 5401 1505 5470 virtutem
1531 5399 1743 5472 excitandos.
1796 5398 1880 5469 ldeo
1903 5399 1989 5479 alias
2006 5401 2050 5468 de
2074 5398 2189 5488 legum

154 5522 230 5603 ,tate
243 5507 324 5594 Dei,
340 5507 383 5585 de
397 5504 577 5576 beneficiis
591 5499 748 5590 liliiDei,
762 5503 918 5575 studiose
932 5526 1147 5595 cognoscen-
1197 5518 1399 5578 nostrarum
1421 5499 1594 5593 dignitate
1618 5501 1704 5573 dixi.
1765 5500 1870 5571 Nunc
1893 5522 1977 5571 vero
2002 5495 2189 5574 historiam

1202 3734 1330 3802 Oratio
1352 3727 1399 3798 de
1424 3731 1566 3797 Ioanne
1590 3726 1696 3795 Duce
1710 3726 1849 3797 saraa.
1864 3726 2000 3812 Eiect.;
2024 3720 2192 3801 recitato
