4732 6030
873 304 1033 386 naen
1073 304 1147 383 nn
1177 303 1466 384 Pnaroun.

155 317 232 394 419
2111 317 2189 396 420

159 486 297 562 scholas
312 485 435 566 hahet,
460 496 618 553 versatur
633 504 705 552 una
720 480 836 568 Dion,
859 497 893 553 et
912 484 1017 554 multi
1042 482 1147 554 nobi·
1197 481 1343 570 cogitari
1358 479 1477 571 possit.
1528 476 1668 550 Rursus
1684 481 1814 572 quibus
1830 483 1907 553 vult
1923 485 2054 558 addere
2070 492 2192 581 splen-

159 596 210 663 les
231 593 465 662 adolescentes
478 584 706 678 Syracusani,
732 587 916 679 inquibus
940 586 1008 655 suit
1025 583 1146 656 Eude-
1198 587 1319 653 dorem
1338 597 1372 652 et
1386 595 1613 666 ornamenta,
1645 582 1684 651 in
1698 578 1755 650 his
1773 574 1877 673 longe
1894 584 2004 660 vincit
2020 594 2192 666 varietate

161 720 241 765 mus
257 687 457 762 Aristotelis
480 688 623 758 amicus.
675 685 801 757 Postea
823 711 965 758 excusso
989 686 1147 772 Platone,
1198 684 1512 774 amplificationum
1553 697 1587 753 et
1621 698 1802 753 venustate
1842 686 2032 775 figurarum
2065 720 2192 768 omnes

161 814 331 890 tyrannus
353 788 501 878 grassari
515 789 613 864 omni
630 788 758 858 'scelere
776 791 901 880 coepit.
951 785 1146 878 Coniugem
1200 798 1366 858 oratores.
1423 774 1546 877 ltaque
1575 785 1744 853 nonnulli
1768 787 1953 874 dixerunt,
1986 789 2128 877 lovem,
2161 800 2194 868 si

91 928 94 932 ·
161 893 289 967 Dionis
301 893 440 961 nubere
456 890 677 980 altericogit.
721 889 818 959 Haec
833 891 900 960 suit
918 915 1020 962 causa
1036 889 1148 960 Dioni
1200 886 1334 956 Graece
1349 887 1533 955 locuturus
1544 898 1650 968 esset,
1677 885 1838 958 Platonis
1853 913 2002 961 usurum
2019 899 2194 974 oratione.

161 995 330 1065 movendi
345 993 441 1072 belli,
471 993 594 1083 inquo
611 993 745 1083 egregie
759 992 901 1062 adiutus
915 1006 966 1063 est
981 1017 1000 1061 a
1015 992 1148 1061 nobili·
1199 988 1359 1058 Fuerunt
1373 988 1479 1077 paulo
1496 987 1693 1077 superiores
1709 986 1857 1061 Platone
1873 987 2070 1083 Rhuores,
2095 995 2191 1069 Gor·

161 1101 229 1167 hus
260 1096 415 1177 civibus,
448 1092 607 1162 Platonis
638 1094 876 1163 auditoribus:
916 1094 964 1163 ita
990 1093 1149 1163 Platonis
1199 1090 1283 1178 gias,
1304 1083 1588 1182 Thrasymachus
1604 1089 1713 1161 etalii
1729 1090 1886 1181 quidam,
1909 1095 1971 1186 qui
1989 1099 2192 1170 adolescen-

163 1193 281 1270 schola
305 1197 348 1264 cle
371 1207 523 1288 tyranno
546 1194 655 1263 iustas
680 1218 811 1285 poenas
832 1196 992 1285 sumpsit.
1047 1192 1150 1279 Nam,
1200 1205 1251 1260 tes
1266 1191 1472 1258 exercebant
1486 1190 1523 1257 in
1540 1190 1708 1274 dicend03
1737 1215 1818 1259 nam
1834 1217 1872 1261 ea
1887 1196 2073 1289 disciplina
2088 1225 2190 1292 prae-

128 1314 142 1329 ·
164 1315 203 1370 ut
226 1301 385 1368 futurum
409 1295 509 1363 Plato
532 1288 783 1387 praedixerat,
802 1310 972 1389 tyrannus
1000 1318 1148 1385 regnum
1201 1293 1303 1383 cipue
1336 1305 1422 1360 tunc
1452 1291 1744 1361 existimabantur
1775 1293 1918 1364 iuvenes
1945 1301 1989 1366 ad
2014 1299 2192 1393 Rempub.

165 1401 293 1472 amisit.
344 1395 542 1467 Consenuit
563 1397 691 1465 deinde
708 1396 808 1466 Plato
825 1399 951 1466 nonin
968 1397 1064 1482 ocio,
1090 1398 1150 1465 sed
1201 1392 1435 1485 praeparandi
1458 1415 1542 1464 esse.
1593 1389 1670 1461 Hos
1694 1393 1777 1485 quia
1801 1390 1893 1464 nihil
1919 1400 2106 1472 tradebant
2123 1405 2192 1474 nisi

166 1503 261 1596 quod
278 1515 328 1570 est
344 1494 631 1567 honestissimum
648 1500 808 1569 docendo
823 1521 864 1569 ac
880 1500 1067 1569 scribendo
1091 1522 1150 1567 ex-

166 1605 285 1674 citavit
303 1600 517 1691 optimarum
538 1599 669 1669 artium
691 1600 818 1674 studia.
869 1597 1015 1671 Habetis
1036 1597 1152 1670 histo-

166 1706 254 1774 riam
278 1696 503 1793 philosophi,
534 1725 624 1792 quae
648 1702 807 1773 continet
827 1726 909 1771 vere
930 1694 1153 1794 philosophi-

166 1830 246 1875 cum
270 1804 362 1873 vitae
384 1801 611 1873 curriculum.
662 1801 863 1894 Cupiditate
887 1804 1045 1873 discendi
1066 1802 1153 1871 adiit

167 1906 295 1975 multas
323 1904 482 1992 regiones
508 1902 736 1996 longinquas,
769 1904 903 1974 invexit
923 1905 973 1980 ⁴in
1001 1904 1153 1996 patriam

168 2009 316 2099 optimas
331 2019 430 2088 artes,
446 2004 609 2074 excitavit
620 2006 748 2090 studia,
770 2006 990 2076 conflictatus
1006 2020 1058 2075 cst
1072 2029 1152 2074 cum

94 2110 98 2119 ’
168 2109 346 2202 tyrannis3
378 2130 461 2174 nam
485 2107 521 2172 id
546 2131 687 2199 quoque
709 2109 754 2175 ad
778 2103 1027 2199 philosophum
1043 2105 1154 2196 perti·

167 2225 238 2282 net.
289 2206 452 2300 Reliquit
467 2230 542 2275 non
554 2209 669 2276 solum
685 2209 825 2298 scripta,
851 2209 1029 2279 sedetiam
1046 2206 1153 2276 disci-

168 2311 288 2400 pulos,
324 2312 387 2402 qui
417 2307 653 2399 posteritatem
678 2311 885 2380 erudierunt
914 2324 948 2380 et
967 2333 1155 2380 conserva-

111 2464 119 2475 .
167 2424 254 2480 runt
269 2423 360 2478 artes
374 2408 595 2481 vitae'utiles.
636 2407 743 2497 Quod
759 2409 850 2479 vitae
867 2434 977 2501 genus
991 2406 1076 2481 huic
1089 2434 1155 2479 an-

168 2513 387 2581 teferendum
411 2510 486 2578 est?
518 2523 578 2578 aut
603 2513 699 2602 quod
721 2534 852 2582 munus
875 2512 912 2580 in
934 2513 1007 2582 vita
1030 2512 1154 2582 utilius

95 2647 100 2653 ·
166 2626 217 2682 est
250 2612 406 2681 societati
439 2606 643 2692 hominum,
687 2637 792 2705 quam
826 2637 955 2683 munus
981 2613 1155 2683 docendi?

166 2713 289 2805 ltaque
304 2727 396 2783 recte
415 2713 554 2803 inquit,
580 2707 830 2805 philosophos,
858 2715 924 2785 etsi
939 2738 1012 2783 non
1031 2728 1155 2804 gerant

166 2813 413 2905 Magistratus,
439 2814 683 2884 etabstineant
697 2840 717 2884 a
732 2817 932 2887 forensibus
950 2816 1152 2906 occupatio-

165 2917 282 3000 nibus,
308 2931 425 2986 tamcn
441 2939 482 2984 eo
499 2917 610 2986 iustos
625 2941 715 2997 esse,
743 2919 825 3010 quia
840 2932 930 2988 artes
947 2918 1038 2989 vitae
1049 2917 1154 2987 utiles

165 3017 351 3108 inquirant
372 3031 406 3086 et
421 3021 572 3088 tradant.
624 3016 705 3088 Non
726 3021 882 3110 profecto
899 3020 1024 3088 melius
1039 3042 1154 3089 mere-

165 3130 224 3187 tur
238 3119 280 3185 de
292 3115 435 3206 Repnb.
451 3120 574 3186 aedilis
591 3121 652 3210 qui
675 3121 803 3189 molem
817 3124 973 3215 aliquam
986 3121 1153 3205 aedificat,

1202 1491 1396 1563 rhetoricos
1424 1494 1581 1578 libellos,
1613 1506 1647 1563 et
1675 1497 1949 1568 assuefaciebant
1970 1501 2193 1576 iuventutem

1202 1598 1247 1665 ad
1263 1596 1404 1664 inanem
1422 1594 1662 1684 garrulitatem
1676 1597 1752 1664 sine
1770 1622 1888 1668 rerum
1906 1601 2085 1689 doctrina,
2112 1630 2193 1696 pas-

1203 1698 1270 1766 sim
1284 1695 1385 1766 Plato
1401 1696 1489 1764 salse
1503 1695 1663 1784 exagitat.
1712 1696 1803 1766 Nam
1826 1725 1905 1770 cum
1927 1699 2019 1771 nihil
2040 1707 2086 1775 sit
2103 1705 2191 1777 Rei·

1203 1800 1288 1891 pub.
1309 1797 1561 1888 perniciosius,
1587 1820 1694 1890 quam
1712 1801 1887 1871 assuefieri
1909 1817 2027 1873 tenera
2046 1807 2188 1896 ingenia

1203 1902 1248 1968 ad
1268 1893 1514 1991 Sopbisticen,
1542 1896 1643 1969 Plato
1667 1898 1743 1970 iure
1769 1903 1898 1972 exarsit
1919 1906 2083 1976 adversus
2113 1908 2188 1977 eins

1203 2002 1326 2070 aetatis
1347 1994 1544 2085 Rhetores,
1576 2024 1729 2092 quorum
1756 2003 1928 2093 palestrae
1955 2020 2094 2078 tantum
2120 2010 2192 2078 ale-

1204 2105 1291 2172 bant
1307 2096 1540 2192 Sophisticen.
1585 2099 1770 2192 Repressis
1787 2103 1895 2192 igitur
1911 2102 2040 2178 horum
2057 2111 2194 2196 studiis,

1205 2205 1311 2274 etiam
1347 2225 1406 2271 eos
1432 2205 1493 2296 qui
1518 2197 1736 2273 Rhetoricen
1763 2207 2022 2295 profitebantur
2054 2226 2193 2301 postea,

1205 2305 1300 2375 acuit
1323 2316 1358 2374 et
1379 2304 1559 2385 excitavit,
1585 2303 1740 2396 primum
1762 2319 1801 2376 ut
1822 2307 1996 2399 fugientes
2016 2308 2195 2402 Sopbisti-

1205 2430 1289 2491 cen,
1313 2405 1410 2475 locos
1431 2427 1612 2475 cansarum
1627 2430 1710 2476 vera
1731 2408 1882 2500 quadam
1903 2413 2039 2481 ratione
2059 2414 2192 2483 consti-

1205 2521 1345 2578 tuerent
1366 2519 1400 2576 et
1415 2522 1621 2596 argumenta
1644 2531 1686 2577 ex
1710 2511 1935 2598 negociorum
1954 2513 2113 2584 fontibus
2130 2538 2192 2583 su-

1205 2622 1361 2694 merent,
1393 2633 1467 2678 non
1489 2609 1674 2700 peregrina
1694 2623 1754 2678 aut
1778 2609 1935 2692 Poetica,
1968 2616 2028 2683 sed
2054 2630 2133 2706 apta
2157 2630 2192 2686 et

1205 2723 1438 2781 consentanea
1452 2712 1578 2794 rebus,
1603 2713 1648 2781 de
1668 2710 1794 2804 quibus
1810 2712 1999 2783 dicendum
2018 2730 2099 2784 erat.
2140 2714 2191 2784 Hi

1205 2827 1287 2882 sunt
1301 2812 1471 2882 orationis
1487 2811 1609 2892 nervi,
1642 2811 1718 2880 sine
1731 2811 1860 2903 quibus
1881 2815 1984 2883 etiam
2002 2817 2031 2884 si
2046 2817 2139 2885 bella
2156 2830 2192 2888 et

1205 2915 1301 2983 varie
1328 2913 1421 3005 picta
1448 2916 1633 2999 dicuntur,
1672 2926 1789 2982 tamen
1817 2915 1929 2984 oratio
1959 2929 1993 2986 et
2015 2917 2133 2987 inanis
2157 2931 2192 2989 et

1205 3017 1323 3106 inepta
1340 3030 1402 3133 esp.
1454 3013 1507 3085 Ac
1532 3010 1596 3083 hos
1614 3036 1744 3083 nervos
1763 3030 1898 3086 secutae
1920 3032 2003 3087 sunt
2023 3018 2125 3088 etiam
2149 3019 2190 3087 in

1205 3117 1421 3202 elocutione,
1450 3118 1583 3186 multae
1607 3116 1765 3205 egregiae
1787 3117 1953 3202 virtutes,
1985 3119 2134 3209 gravitas
2155 3134 2192 3191 et

167 3242 271 3310 quam
297 3216 352 3283 vir
370 3218 510 3300 doctus,
537 3220 598 3309 qui
615 3221 703 3308 regit
723 3221 930 3309 religiones,
957 3223 1153 3316 quiosten-
1204 3219 1389 3309 splendor:
1421 3219 1539 3310 itaque
1560 3211 1809 3287 Demosthenis
1838 3220 1952 3287 oratio
1976 3245 2056 3289 cum
2088 3220 2195 3291 rebus

165 3320 237 3403 dit,
263 3318 347 3410 quid
363 3318 409 3388 sit
425 3318 567 3400 iustum,
593 3320 653 3409 qui
671 3333 831 3389 naturam
848 3346 964 3391 rerum
982 3324 1153 3412 patefacit,
1204 3334 1280 3388 tum
1316 3320 1513 3388 elocutione
1538 3319 1642 3408 longe
1665 3330 1818 3408 praestat
1848 3333 2009 3389 veterum
2043 3322 2195 3412 scriptis.

164 3445 204 3489 ac
221 3421 376 3488 remedia
391 3421 582 3488 necessaria
598 3414 802 3489 hominibus
817 3436 999 3500 monstrat.
1033 3422 1153 3510 Quare
1203 3418 1347 3490 Habent
1373 3422 1544 3512 quaedam
1578 3419 1752 3489 lenocinia
1780 3434 1815 3489 et
1842 3419 2011 3490 flosculos
2039 3421 2195 3513 Gorgiae

166 3523 231 3590 etsi
254 3520 355 3590 Plato
379 3545 442 3589 suo
464 3522 617 3613 quodam
640 3521 789 3591 consilio
815 3547 889 3591 non
910 3524 1015 3614 gessit
1036 3523 1153 3613 Magi·
1204 3522 1446 3593 oratiunculae
1473 3522 1551 3591 aine
1581 3521 1672 3590 veris
1697 3518 1933 3610 argumentis,
1966 3522 2042 3592 sine
2072 3526 2194 3615 splen·

148 3636 293 3692 stratus
320 3624 508 3714 lupatria,
534 3637 652 3691 tamen
672 3625 714 3691 de
740 3624 894 3709 civibus,
920 3627 991 3695 imo
1015 3626 1058 3694 de
1079 3638 1152 3695 tota
1204 3626 1313 3709 dore,
1341 3624 1418 3693 sine
1440 3623 1713 3715 compositione;
1746 3621 1873 3715 Lysiae
1888 3647 1971 3693 vero
1985 3639 2191 3713 argumenta

163 3726 378 3815 posteritate,
402 3748 527 3814 genere
540 3725 646 3792 oflicii
664 3728 917 3815 praestantiore
932 3727 1064 3818 optime
1078 3751 1152 3795 me-
1204 3725 1340 3793 etiamsi
1364 3740 1448 3794 sunt
1470 3740 1568 3816 apta,
1603 3738 1725 3794 tamen
1744 3738 1828 3793 sunt
1844 3725 2032 3815 exanguia,
2057 3738 2092 3794 et
2111 3725 2189 3795 siue

165 3827 254 3895 ritus
272 3842 333 3895 cst.
384 3823 437 3895 Ac
454 3841 703 3896 commemorat
722 3827 796 3918 ipse
812 3853 969 3914 causam,
995 3853 1059 3898 cur
1071 3828 1152 3899 abs·
1204 3827 1330 3898 nitore.
1379 3823 1456 3897 Etsi
1486 3840 1603 3895 autern
1631 3826 1839 3917 compositio
1863 3838 1898 3895 et
1918 3827 2007 3898 ratio
2035 3827 2190 3896 ornandi

166 3928 312 3997 tinuerit
342 3929 386 3997 ab
406 3927 713 3999 administratione
736 3930 905 4012 civitatis,
941 3930 1025 4025 quia
1050 3953 1151 4022 prae·
1205 3927 1346 3997 videtur
1367 3929 1413 3997 ab
1437 3925 1589 3997 Isocrate
1612 3928 1765 4019 primum
1790 3939 1965 4014 mutuata,
1995 3929 2056 4021 qui
2081 3928 2188 4018 paulo

165 4043 297 4101 sentem
315 4043 442 4098 statum
460 4055 534 4099 non
551 4033 725 4120 probaret,
746 4043 912 4103 ettamen
928 4033 1151 4103 tolerandum
1202 4029 1270 4099 fuit
1291 4029 1406 4098 maior
1432 4043 1519 4099 natu
1541 4054 1646 4123 quam
1668 4027 1789 4113 Plato,
1819 4042 1937 4099 tamen
1966 4024 2136 4099 nonnihil
2157 4045 2193 4101 et

165 4156 236 4199 esse
252 4132 409 4213 sentiret,
435 4132 517 4220 quia
534 4144 573 4198 ut
593 4143 796 4217 parentum,
822 4133 870 4203 ita
886 4135 1019 4224 patriae
1036 4157 1152 4204 mores
1203 4130 1362 4201 Platonis
1377 4131 1610 4202 elocutionem
1627 4132 1800 4222 profuisse
1814 4131 2069 4221 posterioribus
2082 4154 2195 4222 appa-

165 4232 268 4300 etiam
288 4253 412 4318 parum
432 4231 609 4297 commodi
623 4231 759 4299 serendi
775 4232 856 4300 sint.
900 4230 970 4303 Sed
985 4233 1151 4314 arbitror,
1204 4246 1268 4304 ret.
1306 4230 1476 4304 ,Consilia
1501 4257 1585 4301 vero
1604 4232 1643 4300 in
1659 4230 1875 4301 inveniendo
1892 4233 1993 4302 nervi
2011 4246 2047 4303 et
2063 4233 2193 4325 ampli·

166 4331 319 4422 primum
352 4329 486 4398 cladem
522 4331 654 4420 patriae
688 4347 721 4402 et
753 4332 957 4402 servitutem
983 4333 1022 4400 in
1049 4357 1152 4403 causa
1203 4332 1382 4404 ficationes
1402 4334 1440 4401 iu
1456 4326 1695 4404 Demosthene
1714 4327 1809 4404 haud
1827 4333 1935 4403 dubie
1950 4332 2110 4407 Platonis
2125 4335 2192 4404 do-

164 4433 288 4516 fnisse,
315 4453 386 4523 quo
409 4429 527 4499 minus
543 4433 721 4502 accederet
735 4434 778 4501 ad
795 4431 995 4522 Rempub.,
1024 4434 1152 4504 deinde
1204 4435 1353 4503 ctrinam
1369 4436 1541 4507 redolent.
1592 4431 1683 4503 Nam
1698 4430 1955 4505 Demosthenes
1971 4460 2047 4507 non
2068 4437 2193 4528 procul

166 4534 279 4606 studia
297 4531 480 4601 doctrinae
494 4532 649 4601 animum
666 4533 741 4602 eius
755 4558 774 4603 a
790 4534 933 4605 caeteris
950 4535 1151 4626 occupatio·
1204 4537 1348 4606 accersit
1369 4549 1574 4626 argumenta
1594 4535 1710 4604 aliena
1728 4538 1773 4606 ah
1794 4535 1978 4623 instituto,
2003 4552 2044 4609 ut
2056 4536 2194 4609 faciunt
2258 4608 2259 4611 ,

166 4638 271 4703 uibus
286 4637 525 4720 abduxerunt,
552 4660 619 4727 qua
634 4636 671 4704 iu
687 4660 725 4705 re
742 4637 853 4706 multo
869 4638 1050 4708 meliorem
1066 4661 1152 4728 ope·
1203 4633 1407 4728 Sophistae,
1433 4640 1493 4706 sed
1507 4662 1549 4707 ex
1563 4637 1789 4733 negociorum
1805 4637 1965 4709 lontibus
1980 4641 2088 4711 sumit
2108 4662 2194 4730 pro·

164 4763 239 4805 ram
277 4733 432 4828 Reipuh.
465 4759 505 4806 ac
545 4738 731 4807 universae
766 4739 961 4831 posteritati
998 4739 1152 4809 navavit.
1204 4738 1298 4828 prias
1319 4740 1492 4825 rationes,
1523 4753 1565 4811 ut
1586 4743 1685 4810 decet
1713 4735 1894 4810 hominem
1927 4742 2126 4827 eruditum,
2158 4753 2194 4812 et

163 4837 267 4908 Nunc
289 4838 424 4931 aliquid
447 4840 648 4909 addendum
665 4855 714 4909 est
728 4841 772 4910 de
790 4841 866 4910 eius
887 4841 1044 4932 scriptis:
1071 4838 1152 4910 Pri·
1202 4836 1266 4909 has
1279 4838 1489 4927 Dialectice,
1514 4866 1605 4933 pene
1623 4857 1663 4914 ut
1681 4843 1720 4912 lit
1741 4843 1779 4909 in
1803 4837 1942 4925 schola,
1967 4866 2094 4933 magna
2115 4856 2194 4913 arte

165 4964 260 5008 mum
296 4941 496 5032 eloquentia
529 4955 626 5011 tanta
658 4957 728 5022 est,
771 4955 812 5013 ut
837 4943 943 5030 longe
968 4944 1153 5029 antecedat
1203 4945 1375 5025 contexit,
1406 4968 1446 5013 ac
1474 4945 1673 5039 plerunque
1704 4965 1865 5033 pugnans
1895 4946 2087 5015 sententias
2116 4967 2194 5014 non

164 5063 286 5110 omnes
303 5039 457 5111 Graecos
473 5055 507 5112 ct
519 5041 666 5112 Latinos
680 5057 848 5128 oratores,
865 5067 1018 5136 quorum
1033 5057 1151 5115 extant
1203 5046 1407 5136 populares,
1432 5050 1513 5131 sed,
1539 5062 1577 5118 ut
1591 5048 1641 5118 ita
1656 5045 1781 5128 dicam,
1808 5042 2051 5131 scholasticas,
2074 5046 2111 5115 id
2129 5058 2194 5135 est,
2225 5078 2228 5083 ·

161 5143 299 5213 literae.
349 5140 491 5211 Nullius
505 5157 557 5212 est
577 5144 689 5213 oratio
704 5145 850 5215 uberior
863 5169 903 5214 ac
918 5147 1151 5237 splendidior.
1203 5170 1244 5213 ex
1278 5149 1439 5219 doctrina
1472 5152 1624 5244 quadam
1658 5145 1862 5234 gravissima
1895 5160 2010 5216 erutas
2044 5149 2194 5239 profert.

163 5243 205 5313 ln
222 5246 300 5314 aliis
314 5243 500 5313 laudamus
521 5245 707 5334 praecipue
722 5248 990 5340 proprietatem,
1016 5249 1055 5315 in
1070 5248 1150 5316 aliis
1203 5246 1301 5334 Quid
1315 5250 1518 5320 dubitemus
1531 5243 1937 5339 igiturDemosthenem,
1964 5274 2038 5317 non
2051 5261 2191 5320 tantum
2245 5322 2251 5332 ,

161 5347 332 5427 nitorem,
367 5371 406 5415 ac
428 5345 618 5435 figurarum
640 5348 802 5435 delicias,
839 5347 939 5420 Plato
963 5373 1052 5442 quae
1072 5349 1150 5418 vult
1201 5343 1387 5419 rhetoricis
1428 5352 1577 5435 libellis,
1616 5352 1676 5420 sed
1709 5341 1775 5420 hac
1806 5352 2000 5420 eruditiore
2028 5349 2191 5420 doctriua

159 5451 302 5549 proprie
324 5450 469 5530 efferre,
493 5448 540 5519 ita
563 5448 697 5538 signate
719 5450 827 5543 dicit,
851 5463 891 5522 ut
914 5445 1009 5520 nihil
1033 5451 1150 5541 aptius
1202 5451 1394 5543 expolitum
1415 5452 1550 5523 luisse?
1588 5448 1640 5522 Ac
1664 5452 1838 5542 significat
1867 5453 1941 5544 ipse
1970 5475 2005 5522 se
2029 5451 2193 5523 Platonis
