4732 6030
135 317 242 413 roo,
527 340 530 348 ,
706 299 1586 395 DE·ctsDttL1NGUAHttBttntct.
2080 315 2156 391 πο

136 488 170 565 et
186 513 265 563 curn
288 481 448 559 doctrina
472 480 614 556 coelesti
637 481 827 566 circunfert
846 481 965 556 literas
989 494 1026 553 et
1048 480 1121 551 liu.
1169 482 1235 552 hus
1257 477 1500 550 facultatibus:
1542 478 1592 551 ἢ,
1616 476 1732 551 “qum
1747 473 1778 572 ι)
1799 504 1940 566 omna,
1972 485 2035 580 qui
2052 487 2155 561 sm

137 615 238 684 guas,
266 612 408 679 agamus
425 587 457 657 ei
475 586 624 677 gratias,
655 584 750 677 quod
766 585 926 676 undique
941 597 1121 654 aeternam
1168 580 1428 675 resEpicureos
1443 584 1676 653 detestantur:
1701 607 1776 652 eam
1791 585 2001 672 doctrinam,
2027 588 2066 658 in
2083 614 2154 684 qna

135 691 327 764 Ecclesiam
340 689 493 780 colligit,
515 700 550 758 at
566 709 744 781 quanqam
758 685 906 757 miserae
921 699 1004 758 sunt
1018 705 1121 776 pere-
1168 709 1205 755 se
1220 682 1316 755 Deus
1332 682 1516 774 patefecit,
1541 707 1625 776 prae
1639 685 1806 756 omnibus
1822 687 1903 757 aliis
1922 690 2028 758 rebus
2051 716 2155 785 expe-

134 794 370 885 grinationes,
397 788 568 863 tamenin
583 783 648 858 hae
664 787 790 857 militia
808 787 842 857 ei
856 788 1061 870 serviamus,
1085 796 1120 856 et
1170 788 1311 858 tendam
1329 807 1414 857 esse.

110 930 112 934 >
134 919 257 966 vocem
273 890 461 984 Evangelii
473 904 508 962 et
523 885 588 959 has
601 888 780 973 literulas,
805 912 895 983 qnae
911 899 1061 978 prosunt
1075 886 1120 955 ad
1269 884 1338 958 Sed
1353 887 1476 955 dicunt
1491 883 1622 978 aliqui,
1646 888 1821 958 transfusa
1836 911 1909 959 esse
1925 904 2156 965 monumenta

133 996 382 1069 mmmmm
396 992 594 1067 dfflffimm
606 990 804 1071 melem,
829 991 923 1065 huna
939 991 1119 1060 fidetuea—
1168 982 1429 1079 Prophetarum
1460 986 1499 1054 in
1519 985 1685 1059 Latinam
1715 989 1894 1080 linguam,
1930 1003 1966 1061 et
1991 1015 2087 1064 nun„
2115 995 2157 1064 5„

135 1122 216 1167 mitt
245 1112 278 1167 et
303 1117 547 1187 propagemus.
605 1091 696 1169 Cum
718 1091 827 1181 igitur
849 1087 940 1160 banc
963 1104 1120 1162 nostram
1171 1088 1432 1173 Germanicam,
1457 1109 1651 1179 qnarenon
1665 1089 1828 1163 videatur
1843 1115 1932 1183 opus
1947 1116 2021 1163 esse
2034 1096 2158 1186 lingua

134 1197 299 1267 militiam
315 1214 448 1288 gratam
473 1219 547 1267 csse
563 1192 640 1264 Deo
660 1193 873 1276 existimem,
904 1192 1059 1283 primurn
1081 1190 1125 1259 iu
1169 1188 1307 1262 Ebraea
1327 1187 1367 1282 ⁵).
1417 1185 1515 1259 Haec
1529 1191 1644 1261 oratio
1663 1215 1682 1260 a
1699 1216 1756 1261 me
1772 1216 1845 1265 non
1862 1196 1986 1265 acerbe
2001 1198 2159 1287 exagita-

135 1294 204 1368 hoc
219 1299 363 1368 exordio
380 1299 449 1366 mei
468 1297 641 1366 muneris:
673 1295 802 1363 invoco
818 1288 850 1388 ²)
867 1292 982 1363 Deum
1005 1306 1121 1363 aeter·
1171 1293 1280 1374 bitur,
1305 1314 1387 1361 nam
1402 1303 1435 1358 et
1448 1311 1512 1379 ego
1527 1289 1878 1382 interpretationibus
1891 1295 2044 1369 libenter
2057 1311 2156 1371 utorg

136 1423 223 1469 num
248 1415 380 1490 patrem
397 1396 546 1467 Domini
567 1396 680 1466 nostri
701 1390 780 1467 lesu
801 1392 953 1475 Christi,
984 1417 1023 1463 ac
1045 1414 1123 1476 oro,
1171 1407 1205 1464 et
1212 1391 1289 1464 Deo
1300 1386 1430 1483 ¹gratias
1442 1413 1527 1480 ago,
1553 1394 1649 1483 quod
1665 1395 1827 1464 excitavit
1841 1395 2043 1488 aliquorum
2058 1424 2160 1470 men-

135 1515 175 1571 ut
192 1523 286 1569 meos
300 1501 440 1570 labores
456 1512 553 1588 regat
567 1511 600 1568 et
615 1497 772 1569 adiuvet.
800 1491 939 1565 Deinde
953 1493 1123 1565 illustris-
1171 1507 1244 1578 tes,
1268 1509 1308 1565 ut
1323 1492 1630 1581 interpretationes
1646 1493 1842 1564 luculentas
1858 1498 2012 1569 ederent.
2069 1496 2158 1572 Eri-

135 1598 392 1692 ⁸5¹¹¹⁰Pfi¹¹⁰itli
408 1601 537 1689 dmin
551 1622 635 1689 ⁸8⁰,
659 1599 755 1691 quod
771 1618 851 1667 sues
864 1611 986 1686 gentes
1000 1597 1044 1665 sd
1061 1616 1122 1662 ve-
1171 1597 1276 1666 stimo
1291 1596 1405 1678 enim,
1426 1590 1544 1664 Deum
1557 1594 1637 1663 ideo
1655 1594 1809 1665 voluisse
1822 1596 1880 1665 edi
1893 1595 2160 1690 interpretatio-

136 1726 212 1773 ram
225 1700 302 1773 Deo
318 1700 535 1792 agnitionem
550 1701 697 1783 invitat,
720 1696 808 1769 etin
820 1693 879 1768 his
894 1698 999 1769 terris
1013 1693 1125 1765 mini-
1172 1720 1253 1766 nem
1269 1720 1289 1766 a
1304 1694 1538 1786 septuaginta,
1556 1709 1712 1786 tempore
1719 1694 1913 1767 Ptolemaei
1919 1695 2162 1793 Philadelphi,

135 1803 283 1875 sterium
301 1799 486 1893 Evangelii
502 1815 537 1873 et
551 1797 690 1872 scholas
706 1798 905 1872 constituit:
932 1821 1022 1890 quse
1040 1817 1124 1865 rum
1173 1812 1235 1868 aut
1255 1797 1439 1888 aliquanto
1462 1809 1561 1885 post,
1591 1810 1630 1865 nt
1652 1790 1817 1867 homines
1841 1798 1895 1888 pii
1915 1800 2010 1872 inter
2028 1817 2160 1891 gentes,

134 1905 207 1975 sint
220 1905 408 1996 praecipua
421 1903 510 1973 boni
525 1900 770 1992 gubernatoris
783 1922 901 1989 opera,
925 1893 1125 1981 hortandus
1174 1899 1234 1990 qui
1259 1896 1457 1967 doctrinam
1483 1898 1628 1966 devera
1651 1897 1877 1968 invocatione
1891 1896 1960 1969 Dei
1983 1926 2002 1972 a
2019 1902 2159 1977 ludaeis
2273 1906 2277 1915 ’

135 2020 205 2086 est,
248 2020 309 2089 ut,
348 2004 444 2098 quod
476 2005 581 2087 facit,
626 1998 712 2072 haec
743 2011 841 2072 tanta
872 2000 967 2070 bona
995 2018 1125 2068 ornare
1174 1996 1303 2089 passim
1316 1996 1445 2089 sparsis
1464 2009 1540 2068 toto
1560 1998 1646 2067 orbe
1670 2011 1842 2070 terrarum
1865 2000 2082 2089 didicerant,
2114 2007 2163 2077 li-

133 2119 266 2196 pcrgat.
456 2176 459 2181 ,
1175 2100 1258 2170 bros
1270 2095 1496 2190 propheticos
1510 2092 1540 2192 ⁶)
1554 2120 1676 2187 graece
1686 2101 1804 2190 ¹legera
1817 2117 1981 2192 possent,
2005 2109 2100 2199 quod
2120 2133 2162 2181 ea

238 2204 344 2276 Nune
359 2227 443 2273 vero
467 2200 752 2273 adolescentibus
773 2198 910 2293 aliquid
933 2199 1125 2270 dicendum
1173 2202 1294 2290 lingua
1311 2215 1396 2271 tunc
1409 2200 1560 2275 maxime
1581 2203 1885 2278 communicarat,
1942 2201 2021 2278 Etsi
2044 2222 2163 2282 aurem

136 2307 393 2388 estdecausis,
423 2326 487 2375 cur
507 2304 629 2394 lingua
653 2297 859 2396 prophetica
882 2300 1126 2391 cognoscenda
1174 2326 1213 2373 ea
1229 2301 1472 2392 interpretatio
1488 2324 1608 2392 saepe,
1634 2317 1674 2373 ut
1688 2304 1728 2372 in
1742 2304 1880 2396 pictura
1905 2330 1995 2398 quae
2015 2312 2161 2381 umbras

136 2408 198 2492 sit,
223 2421 266 2477 ut
289 2429 432 2498 operam
459 2416 495 2476 et
516 2418 656 2497 tempus
677 2402 813 2474 utiliter
833 2402 1067 2474 collocaturos
1088 2423 1126 2471 se
1174 2418 1313 2484 tantum
1329 2402 1490 2472 imitatur
1506 2426 1715 2493 corporum,
1741 2406 1930 2479 obscurius
1946 2410 2064 2480 reddit
2079 2435 2162 2481 sen.

135 2530 209 2579 esse
227 2507 438 2596 intelligant.
477 2503 568 2577 Nam
583 2506 623 2574 iu
639 2518 736 2583 tauta
753 2505 846 2577 vitae
863 2505 1050 2595 fugacitate
1065 2526 1125 2573 cs-
1173 2505 1321 2584 sentias,
1346 2516 1465 2575 tamen
1482 2503 1585 2575 lectio
1603 2518 1675 2575 tota
1694 2506 1883 2578 mediocris
1898 2522 1971 2592 est,
1997 2534 2106 2603 quare
2126 2524 2162 2582 et

136 2611 291 2679 vandum
308 2621 378 2694 est,
404 2631 448 2677 ne
462 2607 569 2678 rebus
583 2606 773 2679 inutilibus
787 2605 1037 2690 immoremur,
1061 2605 1123 2674 sed
1174 2605 1338 2698 Apostoli
1356 2628 1395 2675 ea
1411 2603 1466 2675 usi
1483 2618 1578 2683 sript.
1635 2603 1761 2677 Postea
1776 2604 1988 2703 Hieronymi
2010 2611 2165 2701 diligen-

135 2725 175 2780 nt
192 2732 400 2802 quaeramus
417 2722 452 2780 et
466 2730 630 2800 paremus
651 2703 756 2802 ω’),
788 2731 879 2802 qnae
899 2707 1036 2779 aditum
1057 2730 1125 2775 no·
1174 2709 1243 2793 tia,
1280 2702 1478 2796 Prophetae
1502 2707 1588 2777 satis
1612 2708 1795 2801 perspicue
1823 2710 1923 2803 loqui
1958 2727 2161 2802 coeperunt.

135 2812 191 2882 bis
215 2812 429 2902 patefaciunt
449 2811 494 2879 ad
524 2824 704 2881 aeternam
724 2806 792 2878 Dei
819 2809 1125 2880 consuetudinem.
1177 2807 1389 2880 Germanice
1415 2830 1497 2878 vero
1524 2831 1620 2879 nuuc
1642 2803 1837 2882 aLuthero
1863 2814 1978 2883 multo
1998 2815 2163 2885 foelicius

135 2912 191 2986 Sit
210 2927 327 2984 autem
351 2910 515 2979 omnium
539 2909 616 2985 vita¹
632 2908 766 2977 directa
791 2909 836 2977 ad
858 2902 924 2976 hos
947 2908 1054 2989 lines,
1084 2921 1127 2977 nt
1175 2910 1305 2981 redditi
1320 2909 1417 2987 sint.¹
1453 2905 1528 2978 Has
1542 2910 1849 3001 interpretationes
1866 2906 1989 3006 etipse
2004 2915 2103 3005 lego,
2128 2929 2164 2987 et

133 3010 230 3085 Deus
248 3026 340 3082 recte
355 3009 561 3090 celebretur,
584 3003 783 3077 etEcelesia
798 3020 957 3078 ornetur.
982 3005 1126 3078 Postre-
1176 3026 1216 3087 ut
1230 3012 1371 3083 assidue
1385 3010 1477 3096 legat
1491 3011 1661 3103 populus,
1688 3026 1784 3105 opto.
1838 3012 1976 3086 interea
1990 3028 2108 3088 tamen
2123 3018 2164 3105 ip

134 3139 195 3187 mo
221 3125 262 3181 ut
289 3132 357 3179 nos
384 3107 452 3198 ipsi
480 3107 520 3175 in
540 3103 700 3179 Ecclesia
719 3106 797 3181 Deo
827 3107 1038 3188 serviamus,
1086 3128 1126 3177 ac
1176 3108 1306 3181 scholis
1321 3112 1436 3180 fontes
1452 3112 1530 3180 noti
1546 3126 1640 3183 sunt.
1691 3109 1839 3182 Necesse
1853 3130 1907 3188 est
1919 3116 2026 3205 igitur
2041 3120 2163 3188 erudi-

135 3225 276 3282 aeterua
305 3209 460 3299 praemia
488 3222 717 3299 expectamus,
775 3206 925 3300 Propter
952 3202 1019 3279 hos
1037 3208 1127 3277 fines
1176 3213 1294 3292 tiores,
1321 3225 1357 3281 et
1371 3200 1625 3304 qsiosEcclcsia
1639 3213 1717 3282 vult
1734 3218 1896 3285 custodes
1912 3239 2038 3287 esseae
2052 3221 2165 3290 inter-

135 3310 233 3383 Deus
257 3333 424 3380 arcanum
447 3310 627 3380 decretum
653 3311 699 3378 de
720 3308 795 3378 filio
823 3310 985 3400 patefecit
1004 3307 1127 3399 generi
1176 3326 1480 3404 pretessacmrum
1497 3312 1670 3398 codicum,
1694 3336 1796 3384 nosse
1812 3315 1970 3406 linguam
1980 3315 2166 3408 Ehraeam,

135 3408 313 3495 humano,
344 3409 441 3479 misit
456 3409 589 3493 tilium,
619 3424 656 3482 et
680 3408 920 3483 ministerium
936 3406 1124 3500 Evangelii
1174 3426 1215 3483 ut
1229 3426 1363 3484 certum
1380 3411 1425 3481 sit
1440 3411 1747 3505 interpretationes
1763 3438 1957 3505 congruere
1981 3443 2059 3489 crim
2081 3423 2164 3491 fon'-

136 3513 314 3591 instituit,
339 3514 384 3581 ad
401 3511 497 3602 quod
512 3512 740 3581 retinendum
757 3534 846 3602 opus
859 3523 910 3581 est
932 3510 1122 3601 multiplici
1174 3515 1280 3586 tibus.
1334 3511 1472 3581 Deinde
1489 3516 1587 3583 nulla
1609 3529 1680 3584 tam
1703 3516 1808 3585 foelix
1832 3518 2074 3606 interpretatio
2097 3524 2166 3597 erit

136 3614 355 3698 eruditione,
379 3614 442 3681 sed
459 3626 577 3685 tamen
592 3610 778 3701 praecipue
802 3611 1003 3699 linguarum
1027 3607 1124 3681 noti·
1174 3638 1350 3706 unquam,
1375 3627 1416 3682 ut
1431 3634 1505 3682 non
1520 3614 1638 3709 aliqua
1660 3615 1848 3687 'occurrant
1873 3616 2096 3714 σφάλματα,
2129 3640 2165 3696 et

135 3716 201 3786 cia.
254 3715 338 3799 ldeo
360 3734 498 3801 semper
511 3708 610 3781 Deus
631 3725 747 3781 servat
770 3722 807 3781 et
826 3710 979 3781 subinde
999 3709 1126 3781 eretur
1175 3715 1425 3784 inlocisrecte
1444 3716 1623 3785 conversis
1640 3732 1757 3788 tamen
1775 3719 1928 3789 multum
1948 3722 2036 3791 lucis
2051 3725 2165 3795 adfert

136 3819 297 3888 doctores
316 3813 480 3885 etstudia
496 3812 712 3902 linguarum.
1074 3815 1077 3822 '
1175 3814 1333 3887 collatio.
1428 3840 1431 3846 ·
1817 3820 1820 3825 ’
1856 3814 1859 3819 ’
2022 3832 2025 3837 ·

213 3976 217 3981 .
237 3914 292 3997 Ac
307 3916 352 3985 de
370 3912 515 3985 caeteris
528 3914 663 3991 artibus
678 3925 713 3985 et
727 3910 860 4004 linguis
871 3910 932 3981 alii
948 3910 1125 4003 professo·
1277 3913 1420 3983 Possem
1438 3910 1595 4002 exempla
1610 3912 1756 3982 recitare
1772 3915 2059 3994 innumerabilia.
2093 3923 2165 3996 Sed

135 4040 271 4089 ressuo
290 4018 370 4088 loco
387 4015 522 4090 dicunt.
568 4012 707 4085 Multae
723 4036 1008 4104 maguaeeausae
1031 4025 1127 4095 sunt,
1176 4038 1255 4085 cum
1269 4037 1383 4083 unum
1400 4027 1504 4106 atque
1517 4012 1666 4109 alterum
1685 4014 1895 4103 recitavero,
1921 4045 1976 4091 res
1994 4028 2165 4112 ostendet,

137 4117 335 4189 crsrLatine
350 4113 530 4187 etGraece
545 4116 753 4185 discendum
769 4116 826 4198 sit,
840 4114 978 4207 quiaiis
993 4112 1124 4202 linguis
1176 4138 1281 4210 quam
1306 4114 1393 4184 utile
1416 4115 1459 4184 sit
1485 4135 1588 4184 nosse
1611 4114 1737 4185 fontes.
1790 4114 1830 4187 lu
1851 4120 1910 4190 illa
1929 4127 2165 4198 vetustissima

137 4241 221 4289 uon.
239 4229 377 4287 tantum
400 4228 795 4309 proptermonumenta
826 4215 1007 4301 doctrinae
1038 4238 1127 4305 apo·
1176 4217 1349 4288 concione
1374 4218 1418 4285 ad
1441 4214 1549 4300 Cain,
1589 4214 1627 4284 in
1652 4240 1722 4311 qna
1748 4223 1960 4312 proponitur
1982 4229 2097 4297 statim
2119 4230 2165 4300 ab

137 4320 300 4403 stolicae,
323 4320 385 4389 sed
402 4331 436 4397 et
456 4331 600 4410 propter
623 4317 797 4410 reliquam
820 4318 932 4403 vitum¹
952 4329 986 4387 et
1000 4309 1126 4385 Philo-
1178 4317 1283 4388 initio
1300 4318 1461 4388 doctriua
1477 4316 1657 4390 defuturo
1673 4320 1823 4407 iudicio,
1851 4328 1942 4394 etde
1958 4324 2164 4418 poenishu.

138 4413 299 4511 sophiam
332 4440 423 4510 opos
454 4433 517 4494 est.
596 4416 701 4495 Hane
733 4430 848 4489 autem
883 4411 1126 4510 propheticam
1177 4442 1364 4503 manorum
1382 4420 1565 4506 scelerum,
1582 4423 1753 4497 sententia
1768 4423 1976 4497 insontibus
1990 4430 2170 4515 illustrior,

138 4533 405 4613 propterunsm
422 4540 562 4591 caumm
582 4521 684 4589 vobis
700 4521 931 4606 commendo,
962 4518 1128 4589 videlicet
1177 4537 1239 4606 est,
1263 4523 1326 4591 n‘bi
1343 4523 1393 4590 sic
1407 4522 1551 4610 legitur:
1577 4520 1748 4621 Sibonus
1761 4524 1881 4609 fueris,
1901 4530 1969 4597 eris
1986 4548 2164 4624 acceptus:

138 4636 179 4692 ut
200 4621 319 4695 nativa
345 4621 520 4701 sententia
534 4615 791 4710 Prophetarum
814 4635 849 4692 et
871 4617 1125 4711 Apostolorum
1177 4625 1360 4699 sinautem
1380 4625 1514 4703 maittS,
1540 4636 1717 4711 peccatum
1732 4637 1832 4694 tuum
1852 4618 1993 4701 cubabit
2009 4649 2047 4704 ut
2064 4658 2164 4704 reve.

137 4725 344 4795 retineatur.
596 4740 600 4747 '
962 4800 965 4805 ,
1179 4728 1280 4813 letus.
1342 4722 1381 4791 ln
1406 4717 1471 4790 hac
1493 4721 1664 4803 brevitate
1687 4723 1775 4795 mira
1797 4722 1953 4817 emphasi
1976 4758 2030 4802 res
2053 4737 2164 4817 mari.

158 4891 161 4895 ,
239 4823 344 4895 Hanc
357 4842 498 4893 causam
515 4821 716 4910 omnes-qui
729 4823 912 4897 coelestem
925 4823 1124 4909 doctrinam
1177 4834 1256 4895 mae
1270 4825 1427 4914 signatae
1441 4818 1470 4916 ²)
1491 4822 1592 4906 snut,
1611 4825 1874 4915 ,discernuntur
1895 4832 1980 4901 boni
2005 4849 2041 4905 et
2062 4839 2162 4906 mali:

138 4940 281 5011 amant,
314 4938 448 4996 tantam
471 4919 792 5010 esseioteltigunc,
829 4925 961 5009 utalia
982 4949 1056 5011 non
1081 4924 1128 4995 sit
1177 4941 1211 4997 et
1234 4928 1346 5007 bonos
1368 4924 1528 4995 adfirmat
1542 4921 1639 4995 Deus
1658 4940 1817 5016 acceptos
1838 4926 1924 5003 esse.
1983 4933 2037 5005 De
2060 4940 2164 5009 malis
2197 4958 2200 4966 ·
2245 4926 2248 4931 ¹

138 5027 351 5118 quaerenda.
403 5020 451 5094 Ut
466 5021 561 5095 enim
581 5021 677 5105 lilius
693 5022 765 5095 Dei
779 5022 900 5116 inquit
920 5028 1127 5116 demerga-
1688 5030 1690 5035 '
2089 5048 2092 5053 ·

138 5129 218 5213 rito,
237 5129 334 5222 quod
348 5127 537 5197 emendum
553 5122 600 5195 sit
609 5122 763 5199 venditis
771 5121 957 5215 praesidiis
967 5140 1002 5198 et
1009 5127 1127 5198 omni-

139 5272 357 5300 -3--00-1-1-

1180 5102 1383 5115 ffl—

1210 5164 1242 5261 si
1259 5190 1331 5261 esa.
1350 5190 1461 5249 nosse
1475 5190 1521 5247 ss.
1537 5193 1641 5259 uuas.

1212 5277 1238 5342 5)
1259 5266 1388 5340 fibram]
1408 5275 1472 5328 cod.
1487 5276 1598 5331 Monac.
1614 5275 1658 5329 88.
1675 5281 1837 5347 peregrino.

172 5369 203 5434 1)
221 5369 289 5428 coa.
307 5369 422 5427 Mense.
435 5369 477 5425 88.
495 5369 636 5425 muodo.
682 5372 685 5379 '
1211 5362 1240 5427 6)
1257 5363 1342 5413 libros
1359 5359 1538 5424 propbets'eos
1556 5378 1612 5414 uon
1633 5361 1732 5417 babent
1750 5354 1813 5418 libri
1830 5367 1963 5437 impressi.

173 5454 202 5522 ⁸)
218 5454 289 5541 cot.
305 5456 420 5515 Menae
434 5456 477 5514 88.
496 5474 532 5511 ra
548 5457 633 5510 ὸοω.
669 5476 683 5513 .·
753 5482 757 5489 ’
1075 5456 1078 5509 ζ
1213 5447 1245 5515 7)
1261 5446 1406 5512 sienem]
1423 5441 1617 5592 wdiggigm
1633 5445 1678 5502 88.
1693 5450 1878 5535 ssknfisasor.
