4732 6030
71 213 121 290 57

68 411 137 458 nec
160 398 253 456 recte
274 373 416 455 dicendi
432 378 664 479 archetypum
680 385 782 455 facile
797 408 947 478 usquam
964 409 1066 478 repe-

70 491 145 559 rias
162 482 229 557 hoc
248 488 326 558 loco
342 486 615 572 absolutiorem,
641 488 741 557 cuius
764 488 972 576 elegantiam
991 489 1066 556 vir-

70 605 232 682 tutesque
245 611 370 659 omnes
384 589 413 656 is
428 589 571 657 demum
585 589 735 683 propius
752 603 881 673 cernet,
906 589 968 681 qui
982 589 1065 657 imi-

71 692 137 761 tari
154 703 188 761 et
204 691 398 780 exprimere
413 689 503 784 stylo
520 691 718 763 conabitur.
771 689 865 760 Cave
884 690 978 758 enim
997 715 1064 781 pu-

71 807 122 863 tes
137 791 335 863 Homerum
358 805 490 863 temere
514 813 537 860 a
549 790 601 861 M.
619 789 787 864 Cicerone
799 793 913 882 ¹plane
930 787 1064 862 Orato-

70 917 147 964 rem
162 894 299 979 vocari,
325 906 386 963 aut
404 893 604 962 inconsulte
621 894 798 984 scripsisse
816 893 978 978 Fabium,
1005 919 1062 962 ex-

70 995 197 1066 cellere
211 989 307 1066 hunc
321 993 467 1066 Poiitam
490 995 653 1065 oratoriis
676 997 844 1064 omnibus
859 995 1061 1066 virtutibus.

69 1094 146 1166 lam
162 1120 252 1190 quae
267 1120 370 1167 scena
388 1119 443 1164 res
459 1092 630 1167 humanas
645 1098 762 1167 verius
777 1099 1062 1188 repraesentavit,

69 1223 177 1292 quam
192 1197 343 1268 Homeri
359 1222 518 1281 carmen,
544 1212 583 1268 ut
598 1199 673 1266 lieri
690 1212 851 1293 nequeat,
878 1200 964 1291 quin
982 1200 1060 1268 obi-

10 1305 17 1331 ‘·
68 1312 125 1370 ter
138 1312 174 1370 et
184 1318 308 1369 'rerum
327 1300 559 1369 admiratione
573 1313 779 1390 tangamur,
807 1326 916 1394 quum
933 1301 1061 1370 dictio-

68 1424 154 1471 nem
170 1401 442 1474 consideramus.
481 1397 651 1473 Offerunt
668 1427 740 1472 sese
759 1404 855 1472 ultro
873 1405 1059 1493 spectanda

68 1527 212 1572 morum
247 1503 421 1594 exempla,
460 1501 667 1595 Principum
698 1506 863 1598 vulgique
893 1507 1061 1589 adlectus,

69 1604 169 1672 varia
195 1618 509 1694 rerumgestarum
537 1606 702 1674 consilia:
737 1608 865 1701 quibus
889 1608 958 1676 nisi
978 1631 1061 1677 eru-

69 1705 140 1774 diri
161 1705 297 1775 animos
318 1706 520 1776 Arcesilaus
544 1709 727 1794 sensisset,
761 1733 944 1798 nunquam
964 1732 1061 1778 ama-

68 1805 160 1876 sium
194 1830 297 1877 suum
329 1804 525 1891 Homerum
560 1823 727 1882 vocasset.
787 1807 882 1878 Mihi
915 1810 1058 1902 quidem

68 1908 228 1976 omnium
247 1931 337 2000 quae
353 1903 541 1977 hominum
557 1910 698 1999 ingenia
715 1934 894 2001 peperere,
918 1910 1059 1976 nullum

67 2007 480 2100 prudentiusHomerico
495 2011 664 2099 scriptum
682 2024 797 2079 extare
807 2010 958 2081 videtur.
986 2008 1059 2078 Nec

66 2109 263 2180 dubitarim
280 2110 481 2193 adfirmare,
506 2113 599 2201 quod
614 2109 786 2181 Horatius
801 2112 953 2195 censuit,
977 2111 1060 2179 Ho-

64 2234 218 2294 merum,
243 2210 329 2302 quid
346 2222 492 2294 rectum,
515 2211 601 2302 quid
618 2213 705 2280 utile
720 2212 775 2297 sit,
799 2212 926 2281 melius
941 2208 1057 2305 Chry-

65 2312 169 2403 sippo
186 2323 221 2380 et
233 2309 406 2383 Crantore
420 2312 554 2381 docere.
609 2311 749 2400 Quaeso
771 2315 833 2407 qui
855 2316 970 2405 potuit
985 2311 1058 2384 Re-

65 2435 150 2502 gum
176 2413 352 2481 temeritas
376 2413 534 2516 festivius
559 2416 690 2501 notari,
724 2440 932 2508 quomrum
958 2416 1058 2504 fingit

65 2513 206 2584 somnio
239 2525 453 2584 commotum
487 2509 810 2605 Agamemnonem,
850 2518 1056 2587 universum

67 2615 259 2684 exercitum
276 2613 451 2685 Graecum
467 2616 506 2684 in
523 2618 712 2687 discrimen
729 2620 928 2688 adducere?
959 2619 1058 2689 Con-

64 2729 133 2786 stat
155 2717 249 2785 euim
270 2740 376 2810 quam
404 2718 451 2787 ob
481 2719 625 2789 lrivolas
650 2743 770 2791 causas
796 2744 1054 2813 nonnunquam

63 2817 184 2887 omnia
208 2818 377 2889 misceant
393 2817 585 2911 Principes.
640 2819 737 2908 Quid
760 2823 798 2888 in
814 2819 966 2897 Achillis
983 2823 1057 2914 cly-

63 2920 156 3012 peo?
182 2942 303 2988 nonne
316 2942 434 2988 rerum
450 2915 640 2999 elementa,
656 2920 700 2988 'et
720 2922 912 2987 clarissima
930 2923 1056 3003 sidera,

62 3033 243 3113 praeterea
260 3015 391 3088 horum
407 3018 541 3107 positus
557 3019 661 3103 etiam
684 3041 723 3086 ac
738 3032 873 3088 meatus
891 3018 1056 3111 graphice

63 3121 269 3211 descripsit,
302 3117 398 3185 unde
420 3129 538 3207 postea
563 3133 597 3189 et
615 3113 825 3211 Philosophi
848 3122 1055 3192 dimetiendi

61 3225 154 3294 coeli
168 3214 342 3289 rationem
359 3219 544 3309 accepere?
593 3218 683 3289 Nam
701 3234 735 3290 et
752 3213 874 3290 eodem
893 3224 971 3293 loco
986 3225 1056 3292 cir-

60 3322 205 3410 cumagi
227 3318 361 3388 Arcton
386 3319 520 3412 inquit,
548 3327 613 3390 nec
636 3346 794 3414 unquam
817 3325 994 3408 occidere,
1021 3339 1054 3394 et

59 3451 82 3495 e
93 3423 237 3512 regione
251 3419 304 3488 illi
320 3421 519 3510 oppositum
535 3419 772 3494 esscOriona:
799 3449 866 3517 qua
881 3428 1052 3495 sententia

60 3528 194 3596 bonam
212 3518 462 3592 Astronomiae
479 3536 613 3614 partem
629 3528 829 3616 complexus
844 3540 906 3599 est.
942 3527 1053 3616 Quid,

62 3627 158 3721 quod
183 3625 316 3699 ibidem
338 3636 371 3693 et
392 3624 486 3714 pacis
508 3628 690 3696 commoda
711 3643 744 3697 et
767 3629 851 3697 belli
868 3653 1053 3698 aerumnas

61 3730 157 3799 inter
184 3749 219 3795 se
242 3725 395 3810 confert,
428 3748 507 3794 cum
530 3728 617 3796 duas
647 3729 768 3815 urbes,
798 3732 942 3800 alteram
969 3756 1051 3823 pace

61 3831 268 3910 florentem,
295 3827 439 3895 alteram
463 3828 557 3896 bello
581 3842 749 3899 vastatam
773 3833 955 3922 depingit?
980 3859 1050 3926 quo

60 3931 172 4018 magis
190 3929 361 4012 invisum,
386 3928 540 4027 opinor,
557 3930 691 3998 bellum
707 3956 779 4001 rem
796 3934 1051 4025 perniciosissi-

62 4056 177 4114 mam,
209 4032 344 4120 optimo
376 4029 504 4123 cuique
534 4032 671 4099 laceret.
734 4031 774 4101 ln
810 4048 929 4122 pacata
961 4038 1050 4103 urbe

61 4133 196 4221 urrptiis
210 4134 309 4202 locus
325 4145 387 4212 est,
413 4146 619 4201 exercentur
634 4133 775 4216 iudicia,
800 4148 954 4222 aguntur
968 4157 1050 4203 cau-

62 4258 138 4318 sae,
164 4233 392 4303 admirationi
416 4247 499 4302 suut
514 4229 695 4303 Oratores.
749 4232 789 4302 ln
815 4236 922 4303 altera
946 4236 1050 4324 iugu-

61 4338 183 4407 lantur
196 4336 317 4420 liberi,
344 4336 448 4403 silent
464 4335 572 4424 leges,
599 4350 736 4404 mutum
752 4350 803 4405 est
817 4339 956 4420 forum,
985 4363 1049 4428 po-

60 4452 192 4508 stremo
209 4438 405 4505 miseranda
426 4449 478 4506 est
501 4437 660 4504 omnium
677 4439 835 4505 civilium
853 4463 971 4506 rerum
987 4464 1050 4505 va-

60 4540 175 4609 stitas.
221 4537 315 4624 Quid
332 4540 416 4607 cedo
434 4539 546 4628 potuit
564 4534 630 4634 hoc
647 4554 845 4609 commento
859 4540 1046 4629 excogitari

59 4639 297 4732 prudentius?
327 4640 449 4733 Neque
466 4640 560 4707 enim
579 4638 697 4730 plures
712 4639 859 4710 Homeri
876 4643 971 4721 loros
990 4638 1047 4713 hic

60 4744 236 4830 attingere
261 4740 371 4807 visum
397 4754 457 4813 est.
518 4740 675 4811 Tantum
706 4738 769 4812 hos
799 4743 972 4826 indicavi,
1007 4759 1045 4815 ut

60 4844 229 4915 studiosis
249 4843 529 4912 adulescentibus
549 4845 654 4911 fidem
675 4845 844 4935 facerem,
869 4847 1045 4915 bonorum

59 4946 271 5035 scriptorum
289 4943 489 5031 cognitione
510 4969 583 5013 non
604 4958 797 5015 ostentum
819 4972 858 5016 ac
876 4949 1046 5037 linguam,

59 5048 118 5116 sed
146 5060 264 5137 pectus
283 5046 390 5114 etiam
416 5046 570 5117 formari.
627 5045 664 5114 ld
689 5049 818 5136 opinor
841 5049 878 5117 in
897 5051 1045 5119 consilio

59 5151 238 5240 quondam
256 5144 401 5216 Graecis
425 5147 509 5230 fuit,
535 5172 597 5217 cur
613 5146 808 5219 Homerum
833 5152 1046 5226 familiariss.

57 5265 183 5320 notum
201 5273 273 5318 esse
290 5251 363 5319 suis
380 5244 586 5319 hominihus
600 5252 787 5320 voluerint.
824 5250 935 5322 Solon
952 5255 1044 5321 enim

60 5365 92 5423 et
106 5351 310 5422 Pisistratus
326 5352 402 5442 lege
422 5352 697 5439 constituerunt,
724 5367 763 5422 ut
786 5354 882 5425 illius
905 5378 1055 5441 carmen,

562 206 721 285 onon.
754 208 828 285 ou
860 204 1136 286 uucoum
1168 209 1613 307 unoounurmu.

2059 207 2110 283 58

1115 386 1242 455 ordine
1259 385 1487 476 digereretur.
1508 408 1512 415 ·
1539 386 1630 456 Nam
1649 408 1755 456 aureo
1773 385 1835 454 illo
1855 385 1973 454 seculo
1990 378 2108 453 adhuc

1114 509 1259 557 suarum
1282 489 1435 578 partium
1459 487 1641 577 Principes
1666 511 1738 556 esse
1763 489 1978 569 sentiebant,
2004 509 2106 577 prae-

1113 603 1221 674 stare,
1246 593 1404 683 nequod
1423 591 1509 660 utile
1527 591 1694 678 scriptum
1713 590 1949 658 intercideret.
2003 571 2107 656 Nune

1113 692 1248 780 regium
1263 688 1356 786 nihil
1373 704 1442 776 est,
1467 693 1537 761 nisi
1554 694 1648 760 idem
1662 691 1707 761 sit
1725 689 1906 782 ἄμουσον.
1943 687 2029 758 Mox
2050 688 2108 755 in-

1113 794 1276 863 stitutum
1291 806 1361 878 est,
1386 807 1427 864 ut
1446 818 1465 861 a
1481 789 1683 884 Rhapsodis
1705 816 1765 861 seu
1781 787 2012 873 Homeristis,
2040 813 2106 880 pu-

1113 895 1204 963 blice
1227 895 1266 961 in
1292 889 1438 965 theatris
1456 899 1701 965 decantaretur
1713 892 1943 962 Homericum
1968 906 2105 982 poema,
2196 914 2199 918 ·

1113 1010 1152 1065 ut
1171 996 1295 1064 divino
1317 999 1472 1065 carmine
1495 997 1663 1066 iuvenum
1689 1019 1789 1064 aures
1806 994 1955 1062 adsiduo
1980 1015 2105 1083 perso-

1113 1111 1257 1182 narent,
1280 1111 1438 1189 essetque
1454 1120 1591 1189 semper
1606 1100 1643 1165 in
1661 1112 1825 1188 promptu
1844 1110 1937 1165 recte
1951 1095 2105 1174 dicendi,

1112 1201 1364 1291 iudicandique
1389 1200 1520 1288 regula.
1576 1198 1816 1267 Foelicissime
1840 1223 1919 1266 cum
1945 1195 2104 1264 Homero

1111 1301 1257 1371 certavit
1279 1325 1320 1369 ex
1338 1300 1476 1370 Latinis
1497 1299 1691 1390 Vergilius,
1725 1299 1898 1391 planeque
1924 1322 2006 1388 par,
2033 1296 2102 1364 uisi

1110 1403 1233 1485 fallor,
1258 1403 1399 1496 utrique
1418 1403 1512 1485 laus,
1538 1404 1611 1475 sive
1635 1400 1828 1470 dictionem
1853 1412 2003 1489 spectes,
2028 1399 2105 1465 sive¹

1112 1506 1365 1574 sententiarum
1383 1505 1608 1593 gravitatem,
1635 1503 1795 1576 debetur.
1835 1498 1932 1587 Quid
1949 1498 2104 1588 Tragici,

1109 1631 1214 1699 quam
1237 1606 1359 1674 multis
1385 1606 1550 1696 exemplis
1574 1621 1807 1698 tyrannorum
1829 1625 1944 1669 mores
1970 1614 2002 1668 et
2030 1600 2102 1668 fata

1111 1707 1346 1800 proposuere?
1383 1706 1480 1796 Quid
1505 1707 1704 1785 comoedia,
1736 1705 1806 1773 nisi
1830 1706 1987 1793 privatae
2008 1701 2101 1769 vitae

1109 1809 1314 1899 speculum?
1340 1808 1381 1877 In
1406 1809 1611 1877 universum
1627 1807 1712 1899 quid
1738 1817 1915 1895 praestare
1935 1802 2102 1872 studiosis
2135 1881 2144 1890 ,

1110 1911 1247 2001 poetica
1269 1909 1395 1997 possit,
1421 1909 1592 1978 iudicavit
1614 1907 1756 1976 Fabius.
1806 1903 1883 1993 Ego
1909 1906 2099 1993 figurarum

1109 2011 1245 2102 copiam
1267 2009 1455 2101 praecipuo
1474 2025 1615 2079 nostrae
1637 2007 1790 2078 orationi
1807 2008 2031 2098 suppeditare
2046 2005 2102 2071 vi-

1107 2114 1186 2196 deo,
1205 2111 1446 2205 varietateque
1462 2136 1582 2181 rerum
1599 2112 1736 2180 animos
1754 2123 1829 2178 tum
1846 2111 1999 2193 erudire,
2021 2121 2097 2176 tum

1108 2214 1291 2286 delectare.

1212 2312 1370 2384 Historia
1388 2315 1559 2384 iudicium
1576 2315 1734 2399 formari,
1761 2313 1972 2405 dicendique
1986 2309 2099 2377 facul-

1108 2429 1212 2487 tatem
1230 2418 1350 2507 augeri
1365 2414 1622 2486 Demosthenes
1638 2418 1792 2500 censuit,
1815 2440 1894 2484 eum
1911 2407 2098 2502 Thucydi·
2130 2484 2133 2489 ,

1108 2520 1187 2586 dem
1203 2519 1289 2585 adeo
1306 2518 1517 2586 familiarem
1533 2520 1601 2587 sibi
1616 2519 1710 2601 fecit,
1736 2530 1777 2585 ut
1791 2517 1899 2584 octies
1914 2514 2018 2580 etiam
2034 2511 2097 2577 de-

1106 2619 1295 2710 scripserit.
1346 2615 1491 2689 Amavit
1514 2636 1547 2691 et
1568 2614 1842 2710 Xenophontem
1859 2613 1997 2684 Cicero.
2048 2606 2097 2679 Et

1106 2746 1187 2789 cum
1202 2718 1365 2789 universa
1380 2716 1526 2791 historia
1543 2717 1704 2793 πολιτεία
1719 2719 1890 2812 quaedam
1909 2717 1966 2801 sit,
1981 2713 2096 2780 varias

1106 2823 1433 2892 constituendarum
1450 2847 1568 2892 rerum
1585 2825 1806 2913 publicarum
1821 2821 1953 2889 formas
1968 2818 2094 2884 adum-

1108 2925 1196 2996 brat.
1247 2921 1336 2994 Nam
1352 2937 1393 2992 ut
1408 2918 1466 2990 hic
1481 2920 1571 2991 nihil
1593 2925 1690 2991 aliud
1709 2923 1844 3004 dicam,
1871 2919 1956 3011 quid
1981 2913 2096 2982 admi-

1106 3025 1254 3093 rabilius
1276 3039 1327 3092 est
1345 3028 1424 3093 τῶν
1445 3027 1637 3093 πολιτειῶν
1658 3023 1846 3091 collatione
1869 3021 1961 3110 apud
1978 3015 2093 3085 Hero-

1106 3126 1247 3208 dotum,
1278 3124 1341 3192 ubi
1373 3123 1559 3193 Persarum
1583 3125 1749 3214 Satrapae
1781 3123 1840 3190 alii
1867 3113 2092 3215 δημαρχίαν,

1105 3225 1167 3292 alii
1190 3219 1424 3321 ὀλιγαρχίαν,
1455 3227 1517 3294 alii
1547 3221 1759 3320 μοναρχίαν
1782 3222 1958 3315 probant?
2011 3217 2093 3306 Quo

1104 3327 1182 3395 loco
1198 3327 1295 3396 vides
1310 3327 1555 3414 gravissimum
1573 3329 1779 3419 scriptorem
1795 3326 1939 3394 morbos
1960 3342 2095 3402 omnes,

1106 3428 1260 3520 vitiaque
1291 3429 1492 3513 civitatum,
1528 3430 1624 3500 velut
1656 3431 1694 3496 in
1728 3427 1849 3498 tabula
1882 3422 2092 3514 depinxisse.

1107 3527 1238 3599 Verum
1254 3554 1359 3598 nemo
1375 3544 1446 3599 tarn
1462 3532 1667 3620 imprudens
1684 3544 1744 3611 est,
1762 3528 1910 3621 quinon
1926 3521 1993 3594 hoc
2006 3546 2093 3592 con-

1102 3631 1182 3699 silio
1203 3632 1493 3702 animadverterit
1516 3633 1729 3723 conscriptas
1750 3653 1823 3698 esse
1845 3623 2028 3707 historias,
2053 3637 2094 3692 ut

1102 3733 1261 3801 omnium
1279 3727 1519 3802 humanorum
1537 3735 1734 3801 officiorum
1751 3732 1906 3819 exempla
1922 3743 2092 3816 tanquam

1104 3834 1141 3901 in
1163 3834 1294 3902 illustri
1318 3837 1432 3924 posita
1450 3835 1527 3902 loco
1543 3845 1779 3901 cernerentur.
1835 3829 1935 3913 Quae
1951 3828 1978 3893 si
1998 3818 2092 3893 nihil

1102 3936 1146 4002 ad
1175 3934 1389 4003 erudiendos
1423 3935 1694 4022 excitandosque
1723 3928 1927 3997 mortalium
1956 3927 2092 3995 animos

1102 4036 1318 4113 conducunt,
1344 4032 1428 4124 quid
1444 4032 1529 4114 fuit,
1551 4056 1614 4100 cur
1627 4031 1746 4121 Scipio
1763 4033 1912 4098 senserit
1928 4053 1964 4099 se
1976 4029 2091 4101 claro-

1103 4158 1181 4201 rum
1214 4133 1373 4201 virorum
1407 4134 1577 4221 imagines
1606 4135 1819 4213 intuentem,
1853 4134 1895 4200 ad
1923 4132 2092 4199 virtulem

1101 4226 1269 4303 accendi?
1309 4229 1478 4303 Oratores
1503 4259 1582 4303 cum
1604 4233 1836 4324 Respublicas
1865 4232 2092 4301 administra-

1100 4338 1186 4420 rint,
1212 4349 1245 4404 et
1261 4335 1300 4403 in
1314 4336 1453 4405 iudiciis
1470 4337 1608 4422 versati,
1635 4339 1678 4404 de
1696 4338 1784 4416 iure,
1811 4360 1923 4428 aequo
1939 4359 1978 4402 ac
1993 4335 2089 4402 bono

1099 4453 1170 4508 tam
1185 4437 1295 4507 multa
1316 4437 1564 4521 disseruerint,
1590 4452 1862 4507 consentaneum
1880 4450 1946 4518 est,
1973 4436 2089 4525 plera-

1099 4564 1167 4632 que
1184 4539 1318 4609 utiliter
1331 4563 1486 4608 monere.
1525 4538 1616 4628 Quis
1632 4540 1726 4607 enim
1743 4534 1995 4628 Philosophiae
2011 4560 2088 4601 mo-

1098 4642 1182 4710 ralis
1204 4642 1301 4710 locus
1322 4655 1391 4726 est,
1414 4666 1518 4734 quem
1539 4665 1613 4710 non
1634 4641 1813 4730 attigerint
1836 4633 2087 4708 Demosthenes

1099 4769 1138 4812 ac
1159 4742 1308 4813 Cicero?
1344 4738 1528 4834 Optimam
1551 4738 1755 4820 πολιτείαν,
1790 4766 1895 4809 nemo
1920 4735 2086 4809 Philoso-

1098 4840 1251 4936 phorum
1267 4845 1317 4913 sic
1330 4838 1587 4944 ἐζωγράφησε,
1612 4870 1652 4913 ac
1667 4842 1719 4912 illi
1736 4845 1775 4911 in
1789 4843 1988 4911 actionibus
2002 4841 2085 4921 suis,

1098 4972 1176 5015 cum
1195 4948 1236 5014 in
1250 4946 1432 5036 improbos
1445 4971 1484 5017 ac
1501 4947 1684 5016 seditiosos
1702 4946 1813 5027 cives,
1829 4960 1996 5036 tanquam
2013 4944 2086 5010 fer-

1096 5073 1193 5130 rum,
1224 5049 1353 5142 stylum
1383 5049 1580 5138 stringunt,
1613 5070 1692 5117 cum
1722 5049 1889 5116 adversus
1917 5040 2083 5113 hostilem
2186 5141 2188 5145 ι

1097 5151 1168 5218 vim
1185 5147 1417 5240 Respublicas
1432 5151 1578 5220 consilio
1597 5150 1776 5220 muniunt.
1830 5148 1926 5236 Quid
1942 5150 1986 5215 de
2002 5169 2084 5236 pace

1096 5253 1302 5343 popularius
1318 5253 1504 5344 veriusque
1519 5252 1706 5341 excogitari
1723 5252 1849 5342 potuit,
1867 5273 1971 5343 quam
1987 5248 2082 5337 quod

1095 5355 1133 5422 in
1152 5379 1190 5423 ea
1208 5355 1366 5424 oratione
1391 5379 1459 5446 qua
1484 5356 1594 5445 legem
1610 5355 1780 5444 agrariam
1800 5352 1996 5428 dissuadet,
2019 5344 2082 5411 Ci-

1425 5608 1459 5680 δ.
