4732 6030
161 326 239 401 943
720 305 880 384 DECL.
921 304 996 383 DE
1028 303 1334 385 DOCTRlNA
1370 305 1636 383 aaaron
2120 310 2200 386 ott

165 499 206 569 in
237 493 409 586 θυμικῷ,
456 481 646 556 horrendis
676 482 802 575 poenis
832 480 953 553 delens
988 494 1151 550 naturam
1306 479 1397 554 Cum
1420 496 1538 554 autem
1561 481 1783 572 agnoscimus
1802 477 1896 552 hanc
1923 480 2127 551 mirandam
2152 483 2204 553 si-

166 611 312 692 propter
326 593 475 674 scelera,
501 600 534 658 et
549 610 750 679 quanquam
772 585 924 655 nuncin
947 579 1013 654 hac
1038 582 1155 675 pravi·
1206 584 1447 654 militudinem
1465 584 1679 657 noticiarum
1704 586 1744 653 in
1768 583 1947 654 mentibus
1974 578 2147 655 humanis
2168 600 2206 659 et

167 715 240 773 tate
262 709 427 776 naturae,
451 689 513 761 alii
539 690 643 758 etiam
666 687 785 757 vitiosi
810 686 962 775 impetus
985 687 1024 755 in
1049 687 1155 755 corde
1208 688 1244 756 in
1263 687 1397 771 divina,
1422 687 1612 776 cogitemus
1624 708 1691 756 nos
1706 683 1873 755 vereDeo
1885 708 1990 754 curae
2003 707 2093 764 esse,
2119 712 2204 758 cum

168 799 425 872 accenduntur,
452 806 569 862 tamen
585 791 689 860 etiam
704 814 783 859 cum
800 789 838 855 id
855 786 911 871 fit,
937 811 1075 878 semper
1094 810 1156 854 ex·
1207 812 1263 858 res
1287 789 1325 856 in
1350 789 1426 880 ipso
1450 790 1620 879 optimas,
1658 788 1792 857 scilicet
1818 786 2013 878 sapientiae
2038 809 2124 857 suae
2144 813 2206 859 ra-

168 917 302 972 tremus
318 912 353 967 et
368 893 626 965 valentissimus
642 914 758 960 comes
777 902 828 959 est
844 882 902 959 bic
920 890 1069 972 vindex,
1095 886 1155 979 qui
1209 892 1306 974 dios,
1332 890 1369 957 in
1387 915 1452 960 nos
1469 891 1707 959 transfuderit.
1759 888 1852 960 Sunt
1868 902 1902 958 et
1919 884 1985 956 hae
2000 889 2205 961 divinitatis

167 1017 221 1074 est
235 999 351 1072 divini
367 995 490 1067 iudicii
506 1005 622 1064 custos
638 1006 671 1061 et
686 1005 860 1064 executor.
911 990 1006 1061 Haec
1016 989 1083 1059 Dei
1097 1012 1157 1057 ve·
1210 993 1355 1061 umbrae
1371 991 1408 1060 in
1423 993 1544 1070 uobis,
1569 994 1664 1084 quod
1684 1006 1825 1061 nostrae
1839 1003 1973 1059 mentes
1987 991 2203 1079 cogitatione

169 1104 271 1193 stigia
286 1102 326 1171 in
341 1098 446 1169 nohis
463 1099 551 1166 adeo
566 1117 724 1185 expressa
741 1107 776 1163 et
789 1094 977 1184 conspicua
992 1106 1093 1176 sunt,
1119 1102 1158 1159 ut
1210 1095 1364 1164 formant
1383 1094 1572 1182 imagines,
1597 1108 1632 1163 et
1650 1095 1746 1186 quod
1767 1091 1912 1182 spiritus
1936 1092 2012 1161 nati
2034 1093 2074 1160 in
2098 1097 2200 1164 corde

169 1209 357 1298 plusquam
383 1198 581 1293 cyclopicus
598 1197 698 1266 furor
714 1196 775 1279 sit,
798 1195 893 1263 nolle
908 1217 947 1263 ea
961 1215 1158 1282 agnoscere,
1211 1197 1412 1266 adfectuum
1445 1196 1604 1264 flammas
1640 1207 1820 1285 spargunt.
1889 1190 1967 1262 Hae
2001 1196 2201 1286 propositae

171 1306 293 1398 etqui
317 1327 390 1374 sese
412 1301 607 1391 aspiciunt,
634 1298 737 1367 fateri
760 1310 936 1384 coguntur
959 1291 1046 1365 baec
1071 1316 1159 1387 quae
1212 1309 1313 1381 sunt,
1333 1310 1373 1367 ut
1394 1321 1473 1366 cum
1497 1296 1659 1366 audimus
1677 1297 1787 1365 lilium
1804 1294 1873 1365 Dei
1893 1295 2073 1364 nominari
2095 1298 2205 1388 patris

170 1407 325 1479 dicimus
343 1403 523 1473 verissima
541 1422 625 1470 esse.
1212 1400 1345 1468 aeterni
1369 1399 1577 1487 imaginem,
1602 1393 1664 1468 καὶ
1683 1390 1814 1495 λόγον,
1841 1396 1940 1485 gigni
1965 1420 2045 1466 eum
2068 1399 2207 1488 cogita-

274 1503 339 1577 Esi
368 1518 485 1575 aulem
515 1501 552 1570 in
571 1498 647 1570 1³²⁰
678 1511 712 1567 ⁸1
739 1494 807 1567 h0⁰
830 1500 955 1581 dewi,
988 1498 1084 1589 quod
1110 1508 1160 1564 est
1213 1500 1308 1595 tione
1332 1502 1529 1584 discamus,
1555 1499 1718 1588 spiritum
1742 1521 1826 1565 vero
1848 1497 2025 1568 flammam
2050 1522 2126 1570 esse
2150 1501 2209 1570 di·

173 1632 279 1700 agens
294 1608 461 1683 liberum,
484 1604 558 1671 eius
575 1600 659 1669 boui
675 1600 864 1688 imaginem
882 1600 920 1668 in
937 1601 1041 1669 nohis
1055 1597 1160 1668 etiam
1214 1602 1447 1675 viniamoris.
1498 1597 1682 1669 luliarum
1698 1600 1928 1668 maximarum
1947 1623 2065 1669 rerum
2085 1603 2209 1671 consi-

172 1711 332 1800 couspici
354 1706 488 1788 voluit,
521 1704 616 1796 quod
642 1704 745 1799 etad
770 1702 1061 1791 gubernationem
1084 1722 1163 1768 mo-
1214 1703 1397 1773 deratione
1414 1725 1478 1771 nos
1495 1702 1658 1771 adiuvari
1672 1699 1896 1790 adspectione
1914 1713 2061 1771 naturae
2084 1698 2208 1773 homi-

174 1836 255 1884 rum
275 1810 362 1880 utile
379 1819 451 1889 est,
474 1807 720 1894 obtemperant
744 1807 798 1897 τῷ
817 1797 1028 1900 ἡγεμονικῷ
1048 1799 1162 1880 nervi,
1214 1805 1271 1874 nis
1299 1805 1482 1873 fatendum
1512 1816 1578 1872 est:
1610 1803 1690 1871 ideo
1714 1802 1810 1871 enim
1838 1802 1978 1890 vestigia
2001 1802 2205 1874 divinitatis

174 1930 210 1984 et
239 1926 357 1982 motus
389 1906 581 1977 voluntarii
618 1905 870 1988 instrumenta,
918 1904 967 1974 ita
1002 1916 1042 1974 ut
1071 1902 1162 1972 ciere
1216 1907 1326 1976 multa
1349 1905 1453 1973 nobis
1472 1905 1638 1995 impressa
1656 1919 1757 1981 sunt,
1783 1915 1823 1971 ut
1838 1924 2063 1991 agnoscamus
2080 1899 2202 1973 archi-

173 2014 334 2085 membra
361 2024 505 2080 externa
536 2031 600 2077 suo
629 2005 778 2076 arbitrio
812 2006 932 2097 possit.
999 1998 1163 2075 Retrahit
1215 2022 1367 2092 tectum,
1398 2021 1432 2077 et
1462 2019 1534 2077 tota
1565 2019 1685 2074 nostra
1709 2005 1779 2075 vita
1805 2005 1850 2073 ad
1875 2027 2035 2074 normam
2058 2005 2204 2076 divinae

174 2111 354 2188 Achillem
375 2107 418 2181 τὸ
440 2103 681 2206 ἡγεμονικὸν,
718 2122 750 2176 et
773 2130 897 2176 manus
920 2101 1078 2188 cohibet,
1118 2127 1163 2174 ne
1216 2109 1343 2179 mentis
1363 2122 1550 2195 congruat,
1582 2107 1683 2176 cuius
1708 2107 1748 2174 in
1770 2128 1835 2174 nos
1858 2105 2057 2177 similitudo
2088 2121 2206 2178 trans-

175 2215 391 2286 interbciant
414 2210 737 2300 Agamemnonem,
768 2211 828 2277 sed
855 2207 1012 2297 gladium
1041 2226 1163 2275 rursus
1215 2212 1290 2280 fusa
1304 2222 1364 2278 est.
1416 2206 1590 2278 Additum
1608 2222 1725 2277 autem
1749 2218 1800 2275 est
1815 2204 2021 2300 θρεπτικὸν
2043 2211 2207 2301 superio·
2246 2290 2251 2297 „

175 2320 218 2388 in
233 2317 395 2405 vaginam
415 2312 581 2381 condant.
632 2308 728 2380 Haec
743 2310 885 2379 libertas
904 2310 942 2378 in
958 2307 1062 2377 nobis
1080 2306 1165 2376 reli·
1216 2312 1315 2382 ribus
1337 2311 1490 2393 viribus,
1525 2333 1596 2400 quo
1618 2331 1723 2399 opere
1750 2321 1898 2377 testatur
1926 2305 2141 2383 architectus
2170 2335 2209 2382 se

175 2430 329 2513 quaest,
351 2429 386 2485 et
400 2427 441 2484 ut
456 2414 502 2484 sit
516 2412 687 2482 frenatris
704 2410 898 2481 errantium
920 2409 1165 2501 cupiditatum,
1216 2413 1320 2485 etiam
1347 2413 1438 2482 vitae
1460 2434 1648 2500 corporum
1673 2410 1874 2494 consulere,
1902 2434 1938 2480 se
1956 2413 2048 2480 velle
2069 2414 2205 2482 nutrire

178 2536 212 2591 et
227 2515 545 2590 commonefaciant
559 2536 643 2597 nos,
669 2513 792 2583 Deum'
805 2535 887 2581 vere
903 2534 976 2580 esse
997 2533 1103 2598 agens
1117 2509 1164 2576 li·
1216 2530 1249 2585 et
1264 2515 1383 2582 fovere
1399 2507 1595 2580 humanum
1612 2533 1733 2598 genus.
1775 2509 1825 2579 lta
1843 2513 2062 2601 providentia
2077 2513 2204 2583 divina

176 2625 322 2704 berum,
347 2642 423 2688 non
448 2615 542 2685 enim
565 2639 584 2683 a
609 2637 708 2683 serva
735 2626 881 2695 natura,
908 2612 1010 2706 quale
1030 2633 1163 2681 numen
1216 2630 1251 2686 et
1279 2637 1379 2683 amor
1408 2635 1489 2701 erga
1518 2635 1584 2681 nos
1612 2612 1652 2680 in
1684 2611 1849 2685 omnibus
1869 2613 2020 2683 aedificii
2040 2614 2206 2705 partibus

177 2726 316 2814 fingunt
333 2718 463 2802 Stoici,
486 2716 639 2786 liberum
656 2737 761 2804 agens
777 2714 883 2783 condi
901 2713 1083 2803 potuisset.
1215 2714 1441 2805 conspicitur.
1518 2769 1521 2774 .

279 2821 463 2896 Praeterea
480 2832 563 2888 sunt
580 2830 614 2887 et
631 2818 719 2886 aliae
733 2817 771 2884 in
787 2816 890 2885 nobis
908 2815 1079 2903 imagines
1094 2813 1163 2884 Dei
1317 2813 1532 2887 Confirmata
1548 2825 1664 2883 autem
1683 2814 1881 2885 assensione
1897 2816 1939 2884 de
1964 2816 2206 2903 providentia,

178 2929 368 3018 impressae
390 2920 517 3004 nobis,
547 2933 586 2989 nt
610 2919 683 2990 sint
697 2934 734 2989 et
755 2917 1100 2987 commonefactrices
1121 2917 1166 2984 de
1217 2931 1335 3010 postea
1357 2929 1556 3008 sequuntur
1579 2929 1732 2985 caeterae
1758 2918 1925 3001 virtutes,
1950 2940 2094 3008 quarum
2113 2941 2204 2986 nor-

180 3030 278 3118 ipso,
304 3023 610 3096 etsintvirtutum
628 3021 761 3090 semina
777 3034 810 3090 et
826 3017 979 3100 stimuli,
1002 3017 1167 3087 videlicet
1216 3018 1481 3090 maelucentin
1495 3017 1686 3090 mentibus.
1738 3016 1849 3087 Tueri
1869 3015 1936 3089 boc
1951 3013 2018 3087 Dei
2030 3019 2202 3109 templum

180 3121 355 3223 στοργαὶ,
384 3147 482 3194 amor
499 3123 632 3193 sobolis
648 3122 687 3190 in
708 3121 933 3213 parentibus,
959 3133 995 3191 et
1010 3121 1166 3190 benevo·
1218 3123 1438 3201 studeamus,
1463 3141 1536 3186 non
1552 3119 1717 3203 cedibus,
1743 3143 1815 3186 non
1841 3120 2112 3208 intemperantia
2128 3119 2207 3189 vio-

180 3228 291 3300 lentia
315 3228 354 3293 in
377 3223 498 3292 sobole
520 3244 601 3308 erga
622 3237 802 3312 parentes,
827 3221 1069 3291 misericordia
1085 3244 1165 3309 erga
1218 3223 1350 3304 lemus,
1382 3244 1457 3291 non
1480 3218 1679 3307 polluamus
1706 3220 1900 3290 libidinum
1927 3221 2209 3296 confusionibus.

180 3328 414 3408 calamitosos,
439 3322 597 3391 defensio
612 3321 823 3410 supplicum,
848 3323 1023 3391 amicitiae
1038 3346 1168 3413 aequa·
1221 3322 1391 3392 Videmus
1415 3321 1570 3408 singulas
1589 3335 1702 3411 partes
1721 3321 1764 3387 ad
1788 3321 1973 3404 ordinem,
2002 3335 2036 3392 et
2060 3324 2206 3393 modum

180 3434 270 3503 lium
295 3442 330 3498 et
354 3422 510 3497 honestis
531 3423 656 3493 officiis
671 3422 953 3491 coniunctorum.
1005 3416 1082 3490 Etsi
1102 3446 1167 3490 au·
1220 3437 1355 3493 certum
1371 3423 1477 3492 factas
1493 3446 1575 3491 esse.
1624 3418 1698 3488 Has
1714 3419 1761 3488 ita
1777 3442 1915 3509 regere,
1941 3435 1982 3490 ut
1999 3446 2122 3494 earum
2144 3447 2208 3492 na-

179 3548 251 3607 tem
262 3529 390 3603 Stoicis
405 3524 594 3597 ridiculum
608 3520 831 3592 videturDeo
846 3523 1000 3593 tribuere
1015 3522 1169 3606 affectus,
1220 3541 1298 3594 tura
1319 3525 1490 3614 postulat,
1530 3522 1704 3594 iusticiam
1729 3543 1801 3590 esse
1823 3521 2079 3611 intelligamus.
2137 3523 2207 3594 Hic

181 3651 303 3709 tamen
327 3629 466 3725 quoties
489 3627 528 3695 in
551 3624 748 3695 calamitate
773 3624 906 3694 sobolis
930 3638 1091 3715 parentes
1113 3624 1168 3693 sui
1219 3627 1249 3696 si
1272 3628 1316 3695 de
1338 3625 1486 3715 singulis
1507 3625 1667 3715 partibus
1690 3623 1880 3693 dicendum
1899 3638 2010 3708 esset,
2036 3649 2126 3717 quae
2149 3626 2207 3695 di·

180 3737 312 3810 amoris
329 3747 363 3804 et
379 3729 514 3802 doloris
532 3728 678 3796 vulnera
696 3725 874 3809 sentiunt,
898 3726 1051 3814 cogitent
1070 3725 1169 3794 simi·
1219 3751 1401 3797 versatum
1430 3727 1599 3795 virtutum
1621 3724 1745 3795 officiis
1768 3725 1942 3810 serviunt,
1968 3727 2076 3794 nimis
2099 3727 2206 3814 longa

181 3842 252 3912 lem
274 3857 430 3908 amorem
449 3853 523 3903 esse
543 3829 582 3897 in
594 3826 670 3898 Deo
692 3848 772 3916 erga
794 3827 907 3899 filium
935 3841 969 3899 et
989 3849 1070 3916 erga
1092 3848 1169 3911 nos,
1219 3830 1337 3898 sutura
1355 3841 1443 3897 esset
1460 3828 1584 3896 oratio.
1636 3825 1705 3897 Sed
1724 3840 1839 3897 tamen
1866 3850 1929 3896 vos
1950 3823 2132 3907 adhortor,
2160 3839 2204 3897 ut

182 3963 266 4014 nam
283 3940 328 4008 de
341 3936 414 4005 lilio
431 3954 588 4025 expresse
603 3930 704 4001 dicit:
731 3926 801 3998 Hic
817 3941 868 3998 est
888 3928 982 4000 filius
997 3952 1097 3999 meus
1111 3927 1169 3996 di·
1220 3931 1290 3999 iam
1304 3943 1439 3997 mentes
1452 3943 1585 3999 vestrae
1600 3927 1715 4019 ipsum
1731 3922 1910 3997 bominem
1925 3929 2140 4010 intueantur,
2169 3941 2208 3997 et

182 4044 312 4120 lectus,
337 4062 409 4132 quo
424 4035 596 4116 delector,
619 4027 865 4104 huncaudite,
906 4029 1002 4118 Vera
1014 4054 1088 4101 non
1103 4029 1169 4098 fri·
1221 4032 1259 4099 in
1284 4032 1437 4122 partium
1463 4031 1669 4100 substantiis
1695 4028 2015 4100 dissimilitudinem
2038 4040 2208 4097 contem-

129 4214 132 4219 ,
182 4145 284 4233 gida,
308 4163 381 4210 non
399 4136 563 4208 simulata
580 4133 722 4203 dilectio
744 4146 795 4201 cat
819 4133 858 4200 in
872 4130 947 4201 Deo
972 4155 1053 4221 erga
1076 4145 1168 4200 recte
1221 4133 1380 4223 plamini.
1440 4131 1516 4203 Stat
1541 4131 1674 4202 cerebri
1703 4130 1896 4219 fastigium,
1933 4142 1968 4198 et
1992 4151 2074 4198 suas
2095 4122 2209 4201 babet

182 4245 389 4314 invocantes
405 4240 533 4328 ipsum,
557 4250 590 4307 et
607 4258 706 4313 vera,
732 4248 768 4304 et
781 4233 905 4323 ingens
917 4234 987 4317 ira,
1011 4245 1170 4325 quaeest
1221 4234 1386 4304 cavitates
1403 4234 1590 4324 spirituum
1605 4233 1743 4324 plenas,
1769 4231 1913 4322 perinde
1930 4244 1969 4300 ut
1985 4224 2052 4299 boc
2066 4232 2208 4301 coelum

182 4343 343 4416 iustitiae
364 4339 495 4410 vindex
515 4349 549 4406 et
570 4348 698 4406 custos.
749 4333 843 4405 Sunt
859 4335 897 4402 in
912 4334 1109 4427 aliquibus,
1135 4346 1169 4402 et
1220 4336 1379 4406 ambiens
1396 4336 1525 4404 molem
1542 4335 1715 4428 reliquam
1735 4334 1950 4403 universam.

181 4444 346 4518 heroicae
363 4440 535 4535 quaedam
556 4436 736 4517 flammae,
761 4435 817 4502 vel
838 4436 1047 4525 sapientiae,
1071 4447 1110 4504 ut
1129 4432 1168 4503 in
1322 4434 1469 4508 Natura*
1478 4439 1583 4507 etiam
1607 4434 1743 4507 cerebri
1757 4435 1883 4504 similis
1897 4448 1949 4504 est
1964 4434 2116 4505 coelesti.
2160 4430 2209 4507 Et

180 4543 459 4620 vaticinantibus
487 4553 521 4610 et
553 4536 804 4608 excellentibus
832 4536 1046 4618 artificibus,
1078 4559 1170 4628 quo-
1219 4539 1310 4607 fiunt
1342 4538 1378 4607 in
1407 4563 1448 4608 eo
1473 4540 1629 4609 actiones
1653 4538 1853 4621 mirandae,
1887 4535 2063 4626 cognitio,
2095 4537 2208 4607 ratio·

181 4675 263 4722 rum
280 4646 412 4720 iudicia
429 4642 558 4713 similia
583 4653 665 4710 sunt
687 4637 883 4724 vaticiniis,
909 4638 965 4710 vel
986 4637 1169 4708 fortitudi·
1221 4640 1372 4724 cinatio,
1404 4638 1623 4711 conservatio
1650 4639 1844 4727 imaginum
1868 4637 1907 4706 in
1928 4637 2121 4722 memoria,
2152 4663 2209 4708 re-

182 4744 257 4831 nis',
282 4751 378 4822 utin
394 4742 609 4818 Alexandro.
660 4739 709 4812 Hi
724 4754 841 4811 motus
855 4742 958 4813 etiam
976 4740 1169 4812 ostendunt
1220 4743 1389 4814 cordatio.
1443 4740 1541 4828 Quas
1555 4740 1711 4810 actiones
1735 4740 1811 4809 fieri
1831 4738 2022 4830 spirituum
2044 4763 2113 4830 ope
2135 4764 2209 4812 non

180 4850 454 4924 familiaritatem
479 4845 547 4918 Dei
570 4869 651 4916 cum
672 4837 890 4913 hominibus.
945 4843 1035 4914 Tam
1055 4842 1169 4911 multa
1220 4844 1369 4914 dubium
1394 4857 1463 4926 est,
1497 4855 1532 4912 et
1556 4865 1630 4912 esse
1652 4842 1754 4935 quasi
1775 4841 1994 4934 pulsationes
2016 4840 2210 4930 spirituum

180 4951 382 5027 testimonia
397 4953 441 5020 de
457 4950 558 5034 Deo,
582 4971 663 5017 cum
680 4945 719 5014 in
738 4945 843 5015 nobis
864 4945 1061 5027 cernimus,
1082 4966 1169 5013 con·
1220 4947 1263 5016 ad
1288 4944 1422 5016 cerebri
1446 4968 1584 5035 corpus.
1652 4942 1818 5013 Nascitur
1844 4956 1961 5014 autem
1991 4941 2142 5032 spiritus
2172 4944 2212 5011 in

179 5051 315 5126 firmari
338 5051 575 5121 assensionem
599 5050 645 5119 de
664 5046 887 5138 providentia
905 5041 997 5117 nihil
1017 5045 1167 5115 dubium
1220 5049 1344 5130 corde,
1370 5061 1404 5117 et
1418 5060 1538 5135 postea
1563 5068 1672 5115 novas
1691 5045 1801 5129 vires,
1823 5068 1954 5115 novam
1976 5042 2092 5114 lucem
2120 5045 2213 5116 acci·

178 5173 243 5234 est
294 5150 392 5225 Haec
405 5164 522 5222 autem
537 5151 691 5222 assensio
707 5150 789 5218 fons
804 5161 858 5218 est
870 5150 1062 5219 multarum
1078 5147 1168 5216 alia·
1219 5149 1330 5241 pitin
1352 5149 1506 5219 cerebro.
1559 5145 1654 5218 Haec
1670 5146 1735 5217 etsi
1751 5147 1913 5221 nondum
1931 5145 2215 5237 introspicimus,

178 5284 259 5332 rum
276 5258 461 5328 virtutum.
509 5250 559 5323 Ut
573 5265 690 5321 autem
707 5243 792 5319 baec
807 5250 1008 5322 testimonia
1028 5261 1168 5321 utcum-
1219 5264 1335 5319 tamen
1353 5251 1477 5320 existat
1495 5250 1533 5318 in
1551 5248 1657 5318 nobis
1679 5260 1861 5320 tantorum
1882 5271 2030 5338 operum
2053 5249 2216 5322 admira·

175 5359 359 5454 querani
381 5369 416 5428 et
439 5351 592 5442 intelligi
613 5351 767 5443 possint,
787 5351 986 5425 aedificium
1009 5346 1167 5425 hominis
1219 5351 1289 5434 tio,
1314 5363 1348 5422 et
1363 5352 1470 5422 simul
1487 5350 1620 5443 opificii
1637 5363 1671 5422 et
1684 5349 1881 5422 conditoris
1897 5349 2098 5420 reverentia
2122 5352 2216 5423 exci-

176 5463 286 5565 aspici
302 5471 452 5554 oportet.
1220 5466 1324 5530 tetur,
1375 5452 1458 5526 Non
1478 5452 1567 5523 coeli
1591 5452 1743 5545 puritas,
1776 5475 1852 5526 non
1874 5452 2057 5523 stellarum
2082 5453 2215 5546 fulgor,
