4732 6030
168 348 245 429 aas
455 401 458 406 .
765 340 1049 463 nunno-u
1075 339 1220 419 v1ra
1252 340 1627 425 umronvur.
1884 383 1890 398 ·
2088 308 2204 422 'vsa

171 521 285 594 cernit
301 520 396 593 mitti
411 520 457 591 ab
478 534 541 605 eo,
573 531 608 590 et
630 517 823 612 sapientiae
854 518 999 590 divinae
1024 532 1058 591 et
1078 540 1163 608 ope-
1211 529 1264 587 est
1279 514 1504 608 ingeniorum
1522 516 1734 608 petulantia,
1760 540 1850 610 quae
1871 520 2077 610 praesertim
2102 535 2200 613 post·

170 622 465 695 rumdiviuorum
480 619 762 693 consideratione
774 644 846 691 uua
861 643 942 690 cum
957 619 1007 692 eis
1020 619 1163 694 fruitur.
1211 642 1317 712 quam
1339 610 1490 690 Luthe'ri
1513 642 1696 689 censuram
1722 620 1837 689 vereri
1858 619 2038 707 desinent,
2071 623 2201 696 maiori

270 721 503 793 Meminimus
522 734 653 815 quanta
673 746 753 793 cum
771 723 952 813 voluptate
965 716 1162 813 Propheta·
1209 721 1356 791 audacia
1372 721 1570 791 doctrinam
1589 734 1682 791 recte
1697 722 1863 792 traditam
1880 737 2118 814 corrumpent.

169 847 249 894 rum
265 825 446 916 politiam,
470 822 636 908 consilia,
659 823 834 915 pericula,
854 823 1082 895 liberationes
1104 845 1162 892 re-
1311 818 1406 890 Haec
1427 821 1518 890 mala
1543 835 1583 891 ut
1598 818 1695 893 Deus
1715 834 1870 908 avertat,
1894 823 2135 912 diligentiores
2149 825 2200 893 si-

132 935 135 938 ’
168 925 316 1012 citabat,
343 939 377 998 et
392 948 497 1018 quam
514 925 652 995 erudite
667 924 787 996 omnia
804 919 982 995 Ecclesiae
1004 937 1161 1015 tempora
1208 945 1288 993 mus
1305 922 1343 992 in
1357 922 1519 1012 regendis
1533 921 1693 994 moribus
1707 937 1741 994 et
1757 924 1897 1010 studiis,
1921 941 2127 1017 semperque
2140 924 2199 993 in·
2227 971 2234 979 -

169 1027 391 1110 conferebat,
417 1041 459 1096 ut
478 1025 626 1114 flagrare
650 1047 686 1094 se
706 1025 853 1101 illorum
871 1048 1090 1096 summorum
1106 1025 1161 1094 vi·
1208 1016 1312 1093 fliam
1329 1019 1421 1093 hanc
1435 1024 1644 1095 sententiam
1660 1023 1788 1096 animis
1804 1038 2001 1111 teneamus,
2027 1025 2199 1117 tantisper

169 1151 289 1200 rorum
306 1127 482 1197 desiderio
498 1149 571 1195 non
587 1125 723 1216 vulgari
741 1126 961 1218 significaret.
1209 1125 1324 1195 donec
1354 1148 1479 1217 puram
1509 1121 1695 1216 Evangelii
1727 1124 1926 1196 doctrinam
1957 1126 2200 1214 retinebimus,

272 1226 349 1298 Hos
372 1250 468 1298 nuuc
492 1228 755 1319 complectitur,
781 1241 815 1298 et
837 1230 965 1318 gaudet
979 1225 1079 1300 vivas
1096 1249 1161 1297 au·
1208 1225 1410 1312 audiemus,
1436 1225 1620 1313 discemus,
1645 1227 1856 1314 amabimus,
1879 1229 1955 1297 lore
1971 1225 2116 1298 nosDei
2132 1229 2199 1298 do·

168 1330 265 1414 dire,
289 1342 324 1400 et
347 1330 493 1400 reddere
513 1351 628 1399 voces.
677 1326 728 1398 Hi
750 1322 847 1400 hunc
868 1352 971 1400 suum
997 1350 1160 1425 συμφοι-
1208 1327 1381 1397 micilium
1399 1339 1434 1397 et
1448 1323 1660 1414 Ecclesiam,
1685 1330 1773 1401 sicut
1793 1328 1912 1423 inquit
1932 1328 2025 1400 lilius
2040 1326 2125 1399 Dei:
2157 1328 2198 1402 Si

167 1426 283 1525 τητὴν
312 1430 395 1500 laeti
423 1430 595 1514 salutant,
632 1442 667 1500 et
689 1451 762 1500 uua
784 1428 913 1521 gratias
934 1429 1011 1503 Deo
1037 1442 1159 1522 agunt,
1208 1428 1289 1522 quis
1306 1427 1421 1517 diligit
1435 1450 1512 1512 me,
1535 1451 1734 1499 sermonem
1749 1453 1865 1500 meum
1882 1429 2051 1516 servabit,
2078 1447 2112 1502 et
2129 1429 2198 1501 Pa·

168 1531 349 1622 colligenti
366 1544 401 1603 et
416 1530 571 1601 servanti
587 1524 795 1606 Ecclesiam.
1208 1543 1263 1602 ter
1275 1551 1377 1602 meus
1391 1526 1516 1618 diliget
1530 1552 1622 1615 eum,
1647 1530 1740 1601 etad
1755 1555 1836 1600 cum
1850 1531 2033 1602 veniemus
2047 1544 2082 1602 et
2094 1555 2198 1601 mau-

269 1631 389 1726 lpsum
407 1631 516 1722 igitur
528 1626 726 1702 Lutberum
745 1631 888 1706 beatum
904 1655 979 1705 esse
1001 1655 1076 1704 non
1090 1633 1160 1703 du·
1207 1631 1345 1702 sionem
1362 1631 1455 1723 apud
1472 1653 1555 1700 eum
1572 1630 1753 1704 faciemus.
1803 1628 1881 1700 Hac
1896 1655 1962 1702 nos
1982 1632 2196 1724 amplissima

167 1733 332 1806 bitemus.
383 1732 511 1805 Nostra
533 1754 618 1804 veru
634 1734 786 1805 orbitate
801 1757 990 1826 angamur:
1016 1749 1052 1805 et
1066 1757 1158 1828 quo-
1206 1732 1441 1824 promissione
1474 1730 1519 1800 ad
1555 1729 1757 1802 discendam
1788 1732 1986 1802 doctrinam
2013 1733 2196 1806 coelestem

166 1836 264 1905 niam
277 1833 347 1906 Dei
358 1831 554 1918 voluntati,
578 1848 766 1929 postquam
781 1858 862 1906 eum
886 1831 971 1905 hinc
988 1834 1159 1917 evocavit,
1207 1833 1457 1916 accendamus,
1479 1845 1514 1903 et
1528 1831 1676 1903 sciamus
1697 1845 1840 1924 propter
1852 1827 2045 1903 Ecclesiam
2065 1834 2197 1904 servari

165 1961 233 2007 nos
254 1960 396 2030 quoque
414 1936 657 2026 obtemperare
676 1949 901 2016 recenseat,
923 1935 1074 2005 sciamus
1090 1930 1159 2003 hoc
1207 1956 1317 2023 genus
1331 1928 1528 2002 humanum
1543 1943 1578 2002 et
1592 1933 1754 2024 politiae,
1778 1944 1814 2004 et
1837 1932 1936 2003 illam
1955 1934 2197 2006 aeternitatem

167 2060 309 2130 quoque
322 2036 414 2107 velle
428 2036 556 2115 Deum,
581 2049 622 2106 ut
635 2035 843 2107 memoriam
858 2034 1032 2106 virtutum
1047 2034 1159 2127 ipsius
1206 2036 1361 2104 futuram
1384 2032 1564 2103 mentibus
1587 2033 1809 2119 intueamur,
1833 2034 2000 2128 adquam
2023 2035 2197 2107 nosDeus

166 2149 204 2209 et
215 2138 467 2208 beneficiorum
483 2134 708 2206 retineamus.
745 2134 786 2206 ld
800 2137 870 2207 iarn
885 2136 1042 2208 officium
1056 2159 1160 2228 prae-
1207 2133 1362 2205 vocavit:
1397 2131 1471 2222 Qui
1493 2133 1637 2227 quidem
1661 2160 1727 2207 uec
1749 2134 1878 2205 frustra
1902 2148 2029 2206 setam
2049 2136 2197 2207 illustri·

166 2251 309 2311 stemus.
351 2236 593 2328 Agnoscamus
608 2260 690 2307 eum
705 2237 814 2307 fuisse
829 2260 1003 2328 organum
1018 2237 1089 2310 Dei
1102 2261 1159 2308 sa·
1205 2236 1274 2305 bus
1299 2234 1508 2305 testimoniis
1528 2236 1709 2325 patefecit,
1736 2259 1802 2306 nec
1818 2235 1946 2307 frustra
1964 2237 2076 2308 filium
2090 2238 2197 2320 misit,

165 2337 301 2419 lutare,
326 2353 362 2411 et
377 2338 452 2408 eius
467 2337 665 2409 doctrinam
679 2337 836 2410 studiose
847 2339 1036 2415 discamus.
1073 2338 1158 2408 Vir-
1205 2336 1266 2407 sed
1288 2360 1369 2406 vere
1391 2335 1509 2426 diligit
1531 2349 1566 2408 et
1593 2353 1692 2412 curat
1720 2335 1807 2409 baec
1827 2338 1996 2409 beneficia
2024 2338 2197 2430 magnila-
2268 2430 2271 2434 ἱ

166 2450 258 2509 tutes
279 2439 382 2508 etiam
399 2438 503 2508 nobis
524 2439 736 2508 necessarias
748 2463 814 2530 pro
831 2452 951 2511 nostra
967 2439 1158 2511 mediocri·
1205 2437 1348 2512 cientes.
1399 2434 1494 2507 Diri.

166 2552 237 2612 tate
250 2538 448 2610 imitemur:
474 2540 639 2610 timorem
652 2537 736 2625 Dei,
760 2541 865 2611 fidem
881 2553 917 2612 et
938 2544 1103 2612 ardorem
1117 2541 1157 2610 in

165 2640 410 2721 invocatione,
442 2640 679 2730 integritatem
702 2641 741 2711 in
764 2641 984 2730 ministerio,
1017 2643 1158 2715 castita·

164 2755 257 2825 tem,
282 2741 502 2832 diligentiam
517 2742 655 2812 vitandi
675 2743 841 2814 seditiosa
863 2744 1029 2830 consilia,
1053 2743 1157 2837 cupi-

164 2834 309 2913 ditatem
323 2843 495 2915 discendi.
546 2841 665 2932 thue
680 2845 724 2911 de
739 2843 886 2914 caeteris
900 2844 968 2934 piis
981 2846 1157 2932 guberna·
1204 2831 1273 2906 No·
1296 2831 1359 2906 90·

164 2944 303 3015 toribus
317 2941 513 3026 Ecclesiae,
539 2965 692 3032 quorum
708 2954 827 3011 extant
841 2935 1029 3026 historiae,
1055 2968 1157 3036 saepe
1206 2929 1347 2966 ’θ’
1978 2930 2190 2971 Μ

163 3044 388 3135 multumque
401 3039 626 3127 cogitandum
639 3052 701 3122 est,
727 3041 772 3110 de
787 3038 947 3126 Ieremia,
971 3043 1014 3112 de
1030 3040 1156 3135 Bapti-
1487 3033 1533 3117 V
1529 3036 1597 3118 ila
1622 3033 1912 3151 Hieronymi·

163 3156 234 3227 sta,
266 3144 312 3211 de
331 3140 463 3224 Paulo,
496 3137 544 3209 ita
565 3160 668 3231 saepe
691 3133 799 3211 buius
815 3141 884 3210 viri
901 3144 1098 3215 doctrinam
1121 3157 1156 3215 et
1273 3200 1286 3256 Ι
1359 3201 1368 3257 1
1444 3202 1471 3258 D
1506 3203 1514 3256 Ι
1612 3203 1703 3260 ,ΗΠ
1773 3207 1792 3261 7
1923 3207 1932 3224 .

164 3265 306 3313 cursum
336 3238 615 3326 consideremus,
640 3254 676 3311 et
700 3242 891 3344 'gratiarum
917 3243 1094 3315 actionem
1120 3259 1155 3317 et
1288 3222 1305 3257 ⁰
1326 3209 1604 3340 fitf‘infffltl.
1618 3206 2196 3349 nitardiiio¹niid','t.¹2es:1iid⁸litilailis

162 3341 402 3434 precationem
423 3341 674 3431 adiungamus,
706 3344 802 3434 quod
830 3366 928 3414 nuuc
949 3369 1092 3439 qnoque
1114 3346 1153 3415 in
1304 3287 1395 3397 Μ·
1408 3339 1509 3412 pm.

163 3441 230 3514 hac
244 3441 440 3536 frequentia
455 3441 531 3511 lieri
546 3445 659 3515 decet.
694 3442 835 3516 Mecum
852 3443 961 3537 igitur
978 3469 1060 3517 vera
1075 3446 1154 3540 pie-

161 3557 232 3617 tate
247 3545 447 3614 animorum
464 3541 582 3617 dicite.

261 3643 405 3718 Gratias
419 3643 556 3734 agimus
571 3644 637 3715 tibi
650 3644 876 3737 omnipotens
882 3643 992 3733 Deus,
1013 3661 1153 3719 aeterne

160 3744 266 3819 Pater
279 3743 428 3830 Domini
450 3745 562 3815 nostri
580 3743 658 3815 lesu
673 3741 826 3832 Christi,
850 3746 1015 3819 conditor
1029 3744 1153 3818 Eccle·
1203 3729 1303 3819 (ium
1319 3770 1384 3838 per
1397 3751 1472 3817 sese'
1487 3740 1628 3818 bonesti
1643 3762 1727 3821 sunt
1748 3743 1788 3818 bi
1809 3772 2035 3842 congressus,
2060 3752 2194 3825 doctri·

160 3846 233 3920 siae
248 3861 343 3932 tuae,
365 3869 438 3917 una
452 3870 534 3921 cum
547 3846 621 3917 filio
636 3859 698 3917 tuo
712 3860 898 3919 coaeterno
912 3843 1071 3919 Domino
1084 3872 1152 3920 no·
1202 3860 1327 3918 uacet
1349 3846 1559 3939 disciplinae
1584 3871 1688 3919 causa
1712 3848 1885 3938 instituti,
1916 3865 1993 3924 tum
2018 3876 2102 3924 vero
2125 3849 2193 3927 boc

161 3962 235 4022 stro
250 3948 329 4021 lesu
338 3943 496 4035 Christo,
516 3961 552 4019 et
565 3945 704 4040 Spiritu
717 3961 851 4029 sancto,
872 3949 1023 4042 sapiens,
1048 3951 1152 4037 bone,
1202 3962 1361 4038 tempore
1399 3946 1615 4016 levationem
1653 3948 1810 4042 aliquam
1848 3952 2048 4024 moesticiae
2087 3956 2194 4030 bouis

160 4050 372 4132 misericors.
396 4050 504 4122 iudex
521 4072 639 4133 verax,
662 4047 766 4119 fortis
778 4060 814 4120 et
825 4047 1029 4137 liberrime,
1053 4052 1151 4145 quod
1189 4048 1383 4143 mentibus
1395 4047 1571 4128 adferunt,
1589 4049 1687 4142 quod
1700 4049 1821 4123 multis
1832 4052 1878 4124 de
1892 4054 2006 4125 caude
2019 4055 2066 4128 fic
2099 4053 2192 4127 Nam

162 4149 301 4240 colligis
323 4152 397 4222 blio
421 4163 485 4223 tuo
503 4145 755 4223 haereditatem
777 4173 820 4220 ex
837 4172 965 4240 genere
979 4146 1151 4240 humanu,
1201 4160 1408 4242 conspectus
1422 4146 1498 4240 ipse
1511 4149 1857 4224 bonorumvirorum
1871 4169 1991 4244 gratus
2002 4169 2069 4228 est:
2088 4156 2192 4238 dein-

161 4265 197 4324 et
220 4271 339 4321 servas
357 4246 544 4342 Evangelii
561 4250 817 4337 ministerium,
841 4264 875 4322 et
897 4275 993 4324 nunc
1008 4276 1151 4348 quoque
1201 4252 1247 4322 de
1267 4249 1441 4321 sermonis
1471 4250 1744 4324 communicatio
1769 4254 2027 4346 aegritudinem
2051 4259 2192 4331 animo-

161 4345 429 4444 perLutberum
444 4352 663 4424 instaurasti:
688 4374 729 4423 ac
743 4352 951 4425 ardentibus
963 4355 1054 4427 votis
1068 4377 1151 4445 pre-
1201 4376 1282 4425 rum
1298 4350 1404 4436 lenit,
1429 4363 1464 4421 et
1479 4352 1614 4424 mutuis
1634 4354 1801 4447 exemplis
1817 4358 2023 4430 accenditur
2045 4359 2189 4432 invoca·
2250 4404 2264 4425 .

161 4475 304 4536 camur,
330 4464 373 4524 ut
393 4449 560 4544 deinceps
579 4450 774 4525 Ecclesiam
795 4466 829 4525 et
852 4477 970 4526 serves
985 4468 1020 4526 et
1039 4477 1151 4546 regas,
1200 4452 1265 4529 tio.
1316 4450 1425 4542 Quod
1442 4452 1555 4543 igitur
1564 4466 1600 4526 et
1612 4455 1799 4549 praecipue
1813 4459 2047 4531 necessarium
2063 4474 2132 4548 est,
2156 4478 2191 4536 et

161 4568 198 4625 et
218 4552 382 4644 obsignes
402 4552 440 4623 in
466 4553 572 4623 nobis
593 4578 710 4624 veram
734 4555 953 4646 doctrinam,
982 4556 1073 4642 sieut
1093 4554 1151 4628 le·
1200 4555 1352 4627 maxime
1365 4553 1470 4645 erigit
1483 4555 1633 4641 animoa,
1656 4556 1812 4648 primum
1826 4560 1872 4630 sit
1886 4559 1926 4629 in
1942 4555 2010 4631 hoc
2025 4586 2189 4653 congres-

160 4655 251 4726 saias
266 4656 312 4726 de
327 4653 401 4726 suis
415 4652 597 4746 discipulis
612 4669 785 4745 precatur,
811 4670 847 4728 et
863 4670 1001 4729 nostras
1013 4670 1150 4728 mentes
1201 4679 1255 4743 su,
1277 4655 1443 4726 videlicet
1456 4667 1497 4724 ut
1510 4656 1618 4726 simul
1632 4671 1713 4729 vota
1727 4658 1907 4745 faciamus,
1931 4675 1971 4733 ut
1984 4658 2080 4733 Deus
2094 4680 2190 4755 regat

161 4755 303 4849 Spiritu
326 4768 445 4827 sancto
467 4768 529 4826 tuo
554 4755 737 4836 accendas,
768 4772 809 4830 ut
836 4772 870 4830 te
891 4773 985 4831 recte
1005 4759 1150 4830 invoce-
1200 4781 1241 4829 ac
1254 4769 1368 4829 servet
1382 4751 1574 4825 Ecclesiam
1599 4768 1635 4826 et
1653 4753 1829 4846 scholam,
1854 4774 1890 4832 et
1905 4755 2099 4854 hospitium
2119 4762 2189 4838 boc

160 4880 243 4930 mus
259 4873 294 4929 et
310 4880 425 4928 mores
440 4870 579 4926 nostros
596 4854 653 4947 pie
665 4879 839 4944 regamus.
1200 4872 1374 4941 nostrum,
1392 4868 1426 4926 et
1440 4850 1507 4926 hos
1521 4856 1672 4948 parietes
1685 4859 1746 4952 qui
1762 4862 2035 4935 adolescentiam
2049 4866 2188 4938 discen-

262 4950 402 5030 Deinde
415 4959 498 5052 quia
512 4979 721 5047 magnorum
737 4959 1012 5047 gubernatorum
1024 4958 1150 5030 interi·
1200 4974 1271 5032 tem
1286 4958 1406 5030 literas
1419 4970 1453 5029 et
1466 4958 1665 5030 doctrinam
1681 4960 1878 5045 coelestem,
1901 4976 1935 5034 et
1949 4979 2087 5038 nostras
2101 4994 2188 5039 con-

160 5072 218 5132 tus
241 5084 344 5153 saepe
366 5058 584 5130 denunciant
608 5058 805 5150 posteritati
829 5085 977 5150 poenas,
1003 5085 1067 5132 vos
1082 5062 1149 5132 ob-
1201 5061 1299 5150 iuges
1323 5073 1359 5130 et
1380 5082 1509 5150 parvos
1533 5059 1666 5131 liberos
1686 5077 1827 5134 nostros
1844 5076 1985 5156 tegunt,
2009 5068 2189 5144 defendat.

158 5174 346 5248 testamur,
375 5175 412 5234 et
433 5183 556 5231 ornnes
576 5160 707 5255 quibus
727 5158 877 5231 docendi
900 5187 1029 5234 munus
1051 5185 1149 5233 corn-
1199 5160 1273 5233 Nec
1301 5159 1445 5234 inanem
1469 5184 1542 5232 esse
1567 5160 1804 5251 precationem
1830 5181 1987 5238 nostram
2011 5169 2188 5242 existime-

158 5264 366 5336 mendatum
381 5276 453 5348 est,
477 5275 517 5335 ut
533 5264 577 5332 de
596 5260 762 5355 periculis
778 5261 876 5333 orbis
896 5276 1071 5349 terrarum
1087 5288 1148 5335 co-
1199 5284 1292 5338 mus.
1331 5261 1423 5337 Cum
1439 5262 1535 5332 enim
1549 5262 1629 5334 ideo
1646 5265 1798 5336 exerceri
1811 5264 1907 5339 Deus
1922 5264 2112 5351 Ecclesiam
2130 5271 2187 5340 in-

1204 3495 2195 3596 Oratiodeoitcll.Hieronymistridoneusis,

1366 3607 1535 3673 recitato
1561 3622 1587 3673 o
1611 3606 1792 3675 Ioanne
1816 3607 2032 3702 Stigcta‘o.

158 5364 288 5453 gitctis.
339 5361 442 5437 Alibi
462 5361 575 5436 Turci
596 5376 820 5455 grassantur,
854 5363 941 5435 alibi
962 5365 1149 5437 minantur
1199 5362 1544 5457 gentibuspcriculis
1557 5364 1670 5453 sinat,
1694 5380 1735 5439 ut
1757 5368 1985 5442 liberationes
1999 5373 2188 5445 ostendunt
2296 5360 2303 5388 ““

157 5466 253 5538 bella
273 5468 464 5540 domestica
484 5466 547 5537 alii
570 5459 705 5553 hostes,
733 5464 863 5557 passim
884 5460 991 5539 etiam
1019 5489 1146 5559 magna
1197 5462 1266 5563 Dei
1287 5465 1520 5561 praesentiam
1543 5464 1584 5537 in
1596 5464 1776 5556 Ecclesia,
1799 5471 1877 5543 vult
1893 5492 1930 5540 se
1944 5471 2123 5561 invocari,
2146 5491 2188 5548 ut
