4732 6030
161 396 240 474 287
599 370 761 458 DECL.
810 372 886 454 DE
924 370 1132 455 autur.
1166 373 1225 453 IN
1257 369 1740 458 Aulrnuurtcutt.
2115 390 2194 469 288

164 597 241 647 non
265 570 344 641 dico
361 555 485 651 ‚magni
507 567 699 639 mercatus,
725 563 787 624 sut
809 572 978 623 venarum
996 547 1149 620 metalli·
1201 546 1331 644 species
1344 538 1469 622 inerte
1485 551 1700 624 numerandi
1714 550 1861 629 discere.
1909 549 1980 630 His
1995 560 2188 636 mediocri.

165 695 308 754 carum,
331 665 391 737 sed
408 659 558 732 alieuius
571 654 757 726 mediocris
773 653 1025 725 oeconomiae?
1061 647 1151 723 Exi·
1201 665 1256 724 ter
1269 651 1438 744 cognitis,
1461 655 1720 748 propemodum
1737 668 1811 727 toti
1824 651 2055 735 Astronsmia
2072 666 2193 738 statim

162 758 346 850 'sitmemus
371 790 416 834 ne
444 787 465 833 a
485 760 617 833 talibus
642 779 743 850 posse
774 756 930 827 rationes
964 752 1151 846 paululum
1200 755 1335 850 percipi
1351 755 1515 827 sineulla
1529 756 1736 827 difficultate
1753 770 1879 850 potest

163 877 272 950 modo
287 867 471 943 intricatas
486 860 604 934 evolvi
618 873 654 933 et
667 857 859 950 explicari?
907 854 1152 952 Nequaquam.
1289 851 1393 929 Plato
1409 855 1450 926 in
1462 851 1626 928 Phaedro
1643 856 1744 949 tingit
1758 858 1919 953 duplices
1932 860 2088 949 animas,
2102 890 2192 961 qua.

164 977 236 1054 Sed
250 972 379 1047 horum
396 961 578 1039 Thracum
593 961 726 1035 similes
739 973 823 1032 sunt
837 956 876 1030 in
891 960 1028 1051 maguis
1041 957 1152 1030 ratio·
1200 981 1283 1028 rum
1304 957 1431 1031 alteras
1454 959 1503 1031 ait
1525 959 1636 1031 alatas
1655 982 1746 1048 esse,
1770 959 1910 1052 alteris,
1930 961 2069 1060 inquit,
2093 968 2193 1039 deci-

163 1082 273 1152 nibus
287 1089 321 1147 et
335 1068 494 1144 obscuris
508 1088 652 1150 omnes,
676 1061 738 1158 qui
757 1061 917 1134 destituti
933 1073 1015 1131 sunt
1037 1052 1147 1130 huius
1203 1058 1296 1130 disse
1314 1060 1401 1131 slas
1458 1056 1573 1133 Porro
1598 1059 1708 1133 alatas
1735 1062 1785 1135 ait
1806 1062 1957 1137 volitare
1975 1066 2016 1136 iri
2037 1070 2191 1167 eoeluip,

164 1183 252 1255 artis
275 1172 461 1270 praesidio.
511 1167 594 1238 Nou
617 1166 731 1235 solum
753 1165 792 1232 iii
816 1176 989 1243 mereatu,
1014 1162 1054 1229 in
1075 1183 1152 1230 me-
1200 1160 1358 1234 sruentes
1375 1184 1564 1253 congressu
1586 1162 1836 1258 colloquioque
1851 1162 1941 1255 Dei,
1966 1180 2002 1241 st
2021 1164 2189 1263 pulcher.

164 1281 311 1361 tallieis‚
344 1278 384 1345 in
408 1271 569 1344 cudenda
594 1278 755 1351 moneta,
785 1265 845 1334 sed
865 1263 903 1333 in
929 1263 1051 1334 multis
1072 1260 1151 1332 aliis
1201 1260 1295 1335 rimo
1319 1263 1516 1355 spectaculo
1539 1287 1706 1335 cursuum
1724 1266 1949 1352 coelestium,
1976 1283 2011 1342 et
2026 1270 2187 1343 conside-

164 1382 319 1480 pnblieis
343 1391 378 1448 et
401 1371 549 1466 privatis
570 1370 676 1441 rebus
690 1364 954 1458 computandis,
983 1377 1059 1435 arte
1075 1364 1151 1456 ipsa
1200 1387 1281 1435 rsre
1302 1367 1423 1436 causas
1443 1363 1605 1435 omnium
1625 1366 1865 1439 mutationum
1883 1368 1924 1439 in
1938 1369 2106 1443 interiore
2123 1396 2188 1444 ns-

164 1509 254 1581 opus
270 1495 333 1553 est.
385 1475 460 1566 Qiii
476 1468 712 1544 versanturin
727 1464 867 1558 Repub
892 1466 1018 1538 aerarii
1041 1467 1151 1537 ratio·
1202 1478 1299 1552 tura,
1326 1466 1365 1537 iii
1382 1481 1478 1553 aere,
1499 1465 1539 1537 iii
1556 1465 1792 1539 animantium
1809 1471 2035 1563 corporibus,
2060 1473 2099 1544 in
2121 1470 2190 1546 ho-

164 1613 227 1663 nes
249 1605 353 1655 nosse
373 1581 513 1650 debent.
570 1573 683 1663 Saepe
703 1571 742 1638 iri
762 1568 906 1640 iudiciis
927 1568 1151 1664 quaestiones
1184 1567 1340 1639 ¹minum
1360 1566 1486 1640 studiis
1507 1580 1540 1638 et
1564 1568 1745 1657 moribus,
1770 1571 1809 1639 in
1827 1570 1936 1642 variis
1954 1572 2187 1666 imperiorum

163 1690 349 1768 incidunt,
389 1703 478 1773 qnae
505 1675 693 1770 requirunt
722 1671 895 1741 eruditam
916 1669 1151 1760 eomputatio-
1201 1681 1237 1740 et
1253 1666 1435 1742 civitatum
1449 1670 1597 1740 casibus.
1648 1667 1767 1765 Atque
1788 1666 1855 1742 hae
1867 1671 2007 1744 animae
2030 1687 2105 1746 toto
2122 1701 2189 1746 vo-

165 1817 261 1865 nem.
315 1787 399 1856 ldco
423 1805 496 1852 non
521 1779 605 1849 satis
630 1788 682 1845 est
701 1794 805 1842 nosse
818 1795 986 1841 numeros
1002 1785 1150 1842 naturae
1200 1769 1343 1843 litantes
1364 1771 1464 1842 coelo
1487 1784 1608 1864 captae
1628 1768 1895 1864 pulchritudine
1910 1773 2113 1845 divinarum
2128 1800 2188 1846 re·

163 1888 354 1967 beneficio,
385 1883 446 1953 sed
470 1903 527 1951 ars
554 1876 713 1949 addenda
739 1886 809 1959 est,
834 1873 911 1943 sine
935 1896 1005 1967 qua
1029 1872 1150 1942 nullae
1201 1894 1302 1957 rum,
1327 1884 1362 1941 et
1378 1872 1690 1944 illiusadmiriudi
1713 1874 1851 1944 ordinis
1868 1886 1907 1946 et
1926 1876 2096 1948 suavitate
2118 1878 2187 1948 do-

165 1993 325 2070 difficiles
347 1986 503 2058 rationes
519 1977 686 2073 explicari
707 1988 802 2046 certo
818 1987 978 2066 possunt.
1030 1972 1151 2063 Quare
1202 1958 1336 2043 ctrinae
1366 1986 1400 2045 et
1422 1973 1584 2061 virtutis,
1619 1968 1780 2045 hacona
1804 1975 1984 2070 voluptate
2015 1991 2188 2071 perpetuo

165 2097 327 2173 Socrates
341 2088 434 2181 apud
451 2084 635 2155 Platonem
653 2079 691 2147 iii
708 2077 846 2167 legibus
865 2075 972 2146 etiam
989 2073 1080 2145 banc
1092 2089 1151 2145 tu·
1200 2073 1274 2145 frui
1289 2075 1455 2167 cupiunt,
1481 2099 1546 2145 nee
1561 2088 1713 2148 onerant
1729 2077 1869 2148 animds
1883 2077 2068 2150 obscoenis
2082 2079 2187 2150 voln-

163 2200 226 2279 tii,
252 2193 400 2267 utcives
414 2199 585 2277 cogantur
599 2180 733 2253 discere
746 2172 1027 2249 Arithmetic'am.
1078 2173 1148 2247 Sed
1200 2175 1374 2267 ptatibus,
1399 2201 1489 2270 quae
1508 2176 1719 2269 perturbant
1741 2172 1966 2252 harmoniam
1982 2180 2123 2252 virtutis
2148 2181 2188 2251 iii

164 2299 252 2395 quid
277 2293 402 2366 attinet
425 2292 470 2360 de
492 2310 530 2356 re
554 2297 637 2355 nota
654 2279 827 2373 prolixius
843 2278 985 2350 dicere?
1034 2274 1148 2349 Nemo
1200 2276 1349 2358 animis,
1375 2291 1409 2348 et
1431 2276 1607 2350 obiiciunt
1623 2278 1828 2369 caliginem,
1852 2304 1899 2352 ne
1914 2281 2077 2354 coelestia
2092 2282 2187 2376 aspi·

164 2403 261 2472 enim
277 2417 353 2466 non
369 2391 467 2462 videt
480 2389 519 2457 in
534 2384 632 2456 omni
648 2382 720 2451 vita
732 2379 927 2450 maximnm
946 2401 1051 2449 usum
1076 2401 1150 2448 esse
1200 2402 1277 2449 cere
1294 2378 1441 2471 possint.
1493 2373 1640 2450 Atillae
1660 2379 1818 2463 animae,
1842 2382 1974 2476 quibus
1995 2383 2070 2453 alae
2093 2383 2190 2454 deci-

163 2495 434 2575 Arithmetices,
459 2489 530 2559 nisi
545 2487 591 2556 sit
604 2483 770 2554 stolidior
786 2478 1053 2551 'l'hracensibus
1067 2479 1150 2565 illis,
1200 2481 1349 2565 derunt,
1378 2474 1480 2550 humi
1509 2493 1702 2572 vagantur,
1733 2497 1769 2554 et
1790 2497 1965 2577 quaerunt
1989 2484 2187 2576 voluptates

74 2645 79 2650 ·
161 2603 225 2698 qui
244 2620 319 2669 non
341 2602 476 2664 iiorunt
498 2596 685 2659 numerate
699 2581 851 2674 amplius
866 2597 1028 2676 quatuor.
1080 2578 1149 2652 At·
1201 2581 1358 2671 impuras
1381 2605 1423 2650 er
1440 2582 1546 2652 rebus
1568 2581 1736 2668 terrenis,
1768 2608 1832 2653 nee
1862 2585 1959 2655 enim
1983 2585 2079 2655 illam
2103 2586 2187 2677 pul-

164 2729 234 2799 que
255 2695 324 2770 has
346 2695 509 2784 vulgares
527 2688 698 2762 utilitates
714 2683 866 2754 invitare
879 2683 1012 2775 pariter
1026 2704 1149 2752 omnes
1201 2677 1412 2752 clierrimam
1450 2683 1566 2752 lucem
1606 2706 1723 2754 rerum
1759 2683 1963 2756 coelestium
1997 2685 2186 2777 aspiciunt.

142 2805 402 2878 ‘adolescentes
418 2789 569 2865 adhaiie
584 2802 695 2860 artem
712 2785 913 2855 discendam
938 2798 1150 2855 etexmeen-
1199 2779 1278 2854 Etsi
1300 2797 1417 2854 autem
1440 2781 1543 2855 Plato
1564 2784 1636 2856 alas
1660 2783 1824 2875 intelligit
1846 2781 2008 2857 heroicos
2032 2786 2185 2878 impetus

163 2908 246 2980 dam
265 2900 461 2981 debebant;
511 2892 617 2963 multi
640 2888 735 2959 enim
760 2885 918 2958 incidere
939 2908 1038 2956 casus
1066 2909 1149 2976 pos·
1199 2884 1451 2974 ingeniorum,
1483 2900 1600 2957 tamem
1625 2909 1670 2954 ne
1692 2885 1750 2954 illi
1772 2886 1916 2980 quidem
1941 2887 2092 2981 impetus
2115 2889 2184 2958 soli

164 3021 267 3086 sunt,
299 3002 362 3073 ubi
391 2995 540 3086 singulis
563 3014 692 3082 magno
715 2988 796 3058 usui
816 2981 1052 3058 Arithmetica
1076 3007 1149 3055 esse
1200 2985 1341 3057 animos
1360 2978 1580 3069 subvehunt,
1615 2988 1675 3056 sed
1706 3010 1796 3078 opus
1820 3001 1873 3060 est
1901 2987 2006 3062 etiam
2036 2990 2185 3076 artibus,

162 3120 290 3205 potest.
338 3099 496 3172 Proinde
519 3111 553 3168 et
578 3090 752 3166 Romanis
773 3111 922 3180 magnae
945 3111 1049 3159 curae
1070 3087 1150 3171 luit,
1201 3089 1331 3181 quibus
1355 3087 1409 3156 illi
1431 3088 1499 3180 ipsi
1522 3087 1673 3178 impetus
1696 3089 1916 3163 attollantur.
1965 3088 2058 3162 Sunt
2075 3093 2186 3182 igitur

163 3225 208 3283 nt
223 3205 329 3278 liberi
341 3224 464 3273 eornm
478 3222 557 3267 euin
576 3191 702 3287 primis
718 3191 830 3263 literis
844 3190 948 3261 etiam
964 3184 1150 3259 Arithme-
1200 3190 1277 3258 alae
1292 3189 1419 3258 mentis
1438 3182 1633 3274 humanae,
1659 3183 1893 3262 Arithmetiea
1916 3205 1951 3265 et
1972 3189 2189 3269 Geometria.

163 3311 260 3386 picen
282 3303 514 3399 perciperent.
571 3292 789 3367 Meministis
812 3291 905 3361 enim
928 3313 1049 3361 versus
1071 3287 1150 3358 Ho·
1200 3286 1276 3359 llas
1298 3289 1326 3358 si
1356 3289 1553 3377 alligaverit
1575 3290 1643 3358 sibi
1666 3290 1794 3384 aliquis
1826 3293 2009 3382 praeditus
2041 3296 2185 3385 ingenio

161 3412 259 3487 mii:
404 3421 407 3425 ·
1201 3416 1274 3459 iion
1290 3391 1451 3474 sordido,
1475 3390 1628 3462 facilime
1643 3392 1841 3483 penetrabit
1857 3393 1895 3462 in
1919 3396 2058 3467 coelum
2081 3424 2121 3469 ae
2140 3401 2188 3470 li·
2257 3467 2260 3471 .

1200 3493 1284 3560 bere
1299 3491 1337 3560 in
1353 3492 1554 3562 coelestium
1570 3505 1671 3563 coetu
1685 3494 1886 3584 vagabitur,
1910 3510 1945 3568 et
1957 3497 2020 3569 illa
2042 3499 2121 3570 luce
2143 3525 2186 3573 ac

215 3554 349 3622 Romani
364 3549 450 3634 pueri
463 3544 563 3626 longis
578 3539 744 3602 redonibus
757 3555 852 3596 misni
1265 3594 1274 3611 .
1341 3592 1350 3610 ι

1200 3607 1370 3685 sapientia
1384 3594 1533 3665 fruetur.

215 3656 507 3820 Βψὲιῗῐζψ
521 3635 934 3808 ῗᾚῖἴῗῶοἲῖἲ
1303 3692 1423 3782 Quare
1446 3696 1502 3764 illi
1526 3694 1588 3788 qui
1611 3709 1695 3766 sunt
1715 3696 1866 3787 ingeniis
1884 3719 1956 3767 non
1973 3706 2184 3779 monstrosis

216 3762 314 3884 ΒΒΒ
392 3776 455 3919 {¹3¹²
481 3773 508 3813 ⁸¹
547 3769 597 3912 :2
1201 3796 1371 3886 praediti,
1402 3809 1435 3866 et
1459 3820 1515 3866 res
1538 3796 1689 3888 optimas
1710 3796 1930 3893 maximeque
1944 3801 2185 3891 admirandas,

213 3864 329 3940 ΒΜ,
351 3881 417 4006 (ΙΨ.
444 3872 551 3937 ’ΨΒ
574 3897 581 3913 ·
665 3976 674 3996 ·
783 3971 820 3991 ..
1201 3911 1233 3967 ct
1248 3897 1580 3987 cognitionedignas
1595 3899 1750 3990 aspicere
1764 3901 1925 3991 eupiunt,
1951 3896 2014 3971 lias
2027 3906 2100 3975 alas
2110 3908 2184 3980 sibi

163 3986 356 4088 Multiplex
371 4002 477 4059 etiam
494 3980 720 4093 Geometriaq
740 3974 876 4092 utilitas
899 3983 969 4091 5³2,
995 3992 1149 4087 11⁰⁰}0·
1200 3998 1352 4084 addant,
1383 3999 1563 4084 videlicet,
1594 3994 1853 4070 Arithmeticen
1875 4014 1909 4072 et
1933 3999 2188 4083 Geometriam.

163 4104 240 4172 lum
256 4097 296 4169 iii
311 4086 573 4167 aedificatione,
586 4081 624 4150 1¹¹
638 4077 825 4193 menium}
838 4096 957 4185 ΨΜ,
967 4074 1025 4141 ⁸‘d
1039 4084 1148 4190 ‚emm
1199 4097 1338 4170 Harum
1355 4125 1421 4191 ope
1434 4101 1562 4172 sublati
1579 4101 1617 4169 in
1635 4102 1789 4185 coelum,
1808 4102 1957 4175 lustrare
1971 4107 2084 4179 oculis
2097 4111 2185 4184 uui·

163 4202 243 4270 viro
258 4193 404 4287 politico
427 4186 466 4256 in
481 4171 778 4293 cosmographus
802 4198 840 4242 ¹¹¹
856 4174 1016 4290 ¹⁰⁰⁰¹J¹¹¹¹¹
1038 4187 1148 4290 ΒΨ·
1199 4225 1336 4271 versam
1360 4225 1478 4272 rerum
1503 4214 1685 4286 naturam,
1711 4227 1855 4274 cernere
1874 4206 1990 4298 spacia
2003 4223 2185 4306 metasque

164 4299 269 4370 vallis
291 4285 541 4378 intelligendis.
591 4278 663 4352 Sed
683 4276 825 4347 discedo
847 4275 892 4343 ab
914 4267 970 4340 liis
992 4272 1147 4362 vulgari·
1199 4303 1434 4373 maximorum
1468 4325 1675 4394 corporum,
1711 4304 1832 4375 videre
1864 4309 2031 4402 syderum
2058 4312 2184 4385 fatal„

165 4404 233 4475 bus
251 4391 475 4468 utilitatibus.
1200 4427 1421 4494 congressus,
1452 4403 1607 4497 denique
1635 4427 1756 4474 causas
1787 4430 1906 4477 rernm
1937 4411 2184 4501 maximarum,

265 4531 314 4604 ffi
333 4526 394 4622 quq
410 4524 447 4596 ᾖ,
466 4515 591 4590 studii,
610 4523 804 4593 vergantur-i,
828 4521 861 4578 et
878 4505 1066 4598 perlectam
1081 4510 1148 4579 do-
1199 4528 1290 4598 quae
1311 4506 1350 4574 in
1376 4502 1442 4575 liae
1456 4502 1643 4603 herpinum
1663 4506 1734 4576 vita
1750 4508 1935 4596 accidunt,
1960 4513 2186 4586 animadver-

165 4639 313 4713 fflquam
329 4636 515 4721 expetunt,
531 4620 627 4688 illam
644 4616 712 4687 sibi
727 4612 917 4684 utilitatem
935 4624 1147 4699 proponant,
1199 4619 1273 4676 tere
1302 4607 1474 4698 poteritis,
1530 4601 1705 4677 Existimo
1729 4630 1914 4698 generosas
1947 4628 2082 4685 mentes
2115 4611 2185 4687 liae

165 4741 262 4838 quod
295 4738 337 4807 ad
370 4727 569 4801 doctrinam
592 4722 636 4788 de
664 4718 768 4787 rebus
793 4713 1001 4782 coelestibus
1026 4711 1148 4780 nullus
1199 4720 1296 4776 tanta
1315 4707 1467 4777 utilitate
1482 4709 1576 4799 capi,
1603 4721 1637 4778 et
1651 4710 1791 4780 incitari
1816 4735 1916 4802 posse
1935 4716 1978 4783 ad
2003 4711 2067 4785 has
2089 4732 2185 4790 artes

164 4845 281 4916 aditus
312 4847 425 4929 patet,
455 4825 526 4896 nisi
554 4845 618 4914 per
642 4813 912 4888 Arithmeticam
936 4828 969 4883 et
994 4808 1147 4882 Geome-
1202 4810 1385 4879 discendas
1407 4822 1441 4879 et
1465 4810 1643 4879 amandas.
1694 4809 1775 4883 Scio
1795 4812 1890 4881 enim
1912 4817 2014 4885 vobis
2034 4819 2184 4913 quidem

162 4946 281 5020 triam.
331 4933 379 5007 Et
399 4929 543 5027 quidem
565 4933 663 4994 tanta
682 4919 736 4986 vis
763 4929 814 4985 est
837 4909 1087 4985 Arithmetices
1108 4914 1146 4983 in
1200 4912 1283 4981 satis
1298 4933 1501 5003 persuasum
1516 4934 1609 4997 esse,
1636 4933 1800 5001 magnam
1821 4914 2029 5005 dignitatem
2052 4933 2087 4990 et
2108 4921 2186 4992 uti·

164 5044 326 5120 doctrina
349 5040 394 5106 de
412 5031 518 5101 rebus
532 5020 762 5102 coelestibus,
782 5029 822 5085 ut
836 5016 1005 5086 mediocri
1022 5010 1148 5086 Aiiih-
1200 5012 1332 5083 litatem
1357 5035 1429 5082 esse
1454 5014 1637 5085 doctrinae
1659 5013 1703 5082 de
1724 5015 1830 5086 rebus
1845 5018 2073 5106 coelestibus,
2099 5047 2185 5093 vos-

164 5146 292 5220 metieo
312 5160 403 5231 pene
425 5129 545 5203 omnia
567 5127 606 5195 iii
629 5119 789 5193 doctrina
811 5140 928 5186 rerum
944 5117 1146 5189 coelestium
1199 5137 1286 5207 qne,
1322 5127 1363 5185 ut
1385 5115 1502 5200 decet,
1533 5115 1680 5186 auribus
1706 5130 1812 5210 atque
1841 5118 1970 5190 animis
1990 5117 2187 5195 abhorrere

161 5253 232 5323 sint
251 5239 386 5337 pervia:
411 5246 502 5304 certe
528 5248 692 5316 magnam
715 5234 849 5314 partem
872 5219 947 5288 eius
966 5219 1147 5289 doctrinae
1199 5215 1243 5285 ab
1275 5210 1420 5307 Epicuri
1455 5217 1713 5298 deliramentis,
1745 5219 1808 5312 qui
1837 5220 1974 5294 deridet
2006 5221 2187 5296 Astrnno·

162 5349 240 5424 ,ἤιε
256 5346 329 5417 „110
344 5335 489 5426 negocio
504 5326 643 5422 assequi
666 5337 788 5417 potest.
840 5319 915 5391 lam
937 5320 1019 5390 vide
1040 5343 1144 5413 quani
1199 5317 1323 5400 roiam,
1349 5332 1383 5388 et
1399 5319 1553 5389 somniat
1568 5315 1688 5389 Solem
1704 5342 1776 5390 esse
1790 5346 1974 5412 vaporem,
2000 5327 2061 5419 qui
2078 5352 2186 5399 mane

162 5454 286 5542 exiguo
312 5444 617 5529 laboreqiiaiitum
639 5425 795 5521 precium
814 5446 940 5515 operae
957 5421 1068 5514 possis
1091 5421 1145 5491 sa-
1198 5421 1411 5490 aecendatur
1443 5430 1560 5505 motu,
1591 5434 1710 5511 postea
1744 5435 1805 5492 aut
1836 5423 2022 5514 deflagret,
2053 5442 2117 5501 aut
2143 5431 2183 5500 iii

162 5579 250 5626 cere.
303 5540 400 5618 Nihil
422 5537 560 5609 facilius
587 5546 654 5619 est,
686 5553 792 5624 quam
827 5521 909 5614 has,
933 5539 974 5598 ut
1005 5536 1145 5610 vocant,
1197 5545 1287 5617 aqua
1317 5520 1557 5612 extinguatur:
1609 5521 1657 5594 its
1685 5536 1719 5593 et
1748 5523 1866 5595 stellas
1895 5548 1969 5597 esse
1988 5530 2187 5604 nubeculas
