<?xml version="1.0" encoding="UTF-8"?>
<!DOCTYPE html PUBLIC "-//W3C//DTD XHTML 1.0 Transitional//EN"
    "http://www.w3.org/TR/xhtml1/DTD/xhtml1-transitional.dtd">
<html xmlns="http://www.w3.org/1999/xhtml" xml:lang="en" lang="en">
 <head>
  <title>
</title>
<meta http-equiv="Content-Type" content="text/html;charset=utf-8" />
  <meta name='ocr-system' content='tesseract 3.04.00' />
  <meta name='ocr-capabilities' content='ocr_page ocr_carea ocr_par ocr_line ocrx_word'/>
</head>
<body>
  <div class='ocr_page' id='page_1' title='image "./philippimelanth21melagoog/philippimelanth21melagoog_0434.png"; bbox 0 0 4732 6030; ppageno 0'>
   <div class='ocr_carea' id='block_1_1' title="bbox 176 271 1852 390">
    <p class='ocr_par' dir='ltr' id='par_1_1' title="bbox 176 271 1852 390">
     <span class='ocr_line' id='line_1_1' title="bbox 176 271 1852 390; baseline -0.003 -38"><span class='ocrx_word' id='word_1_1' title='bbox 176 279 247 353; x_wconf 82' lang='lat' dir='ltr'><strong>stt</strong></span> <span class='ocrx_word' id='word_1_2' title='bbox 333 290 338 302; x_wconf 80' lang='grc'><em>“</em></span> <span class='ocrx_word' id='word_1_3' title='bbox 699 276 860 351; x_wconf 74' lang='lat' dir='ltr'><strong>nuel.</strong></span> <span class='ocrx_word' id='word_1_4' title='bbox 892 274 975 348; x_wconf 64' lang='lat' dir='ltr'><strong>&#39;DE</strong></span> <span class='ocrx_word' id='word_1_5' title='bbox 1007 271 1204 348; x_wconf 89' lang='lat' dir='ltr'><strong>DlCTO:</strong></span> <span class='ocrx_word' id='word_1_6' title='bbox 1240 273 1429 347; x_wconf 71' lang='lat' dir='ltr'>TYPUS</span> <span class='ocrx_word' id='word_1_7' title='bbox 1460 271 1615 390; x_wconf 62' lang='lat' dir='ltr'><strong>Esto</strong></span> <span class='ocrx_word' id='word_1_8' title='bbox 1642 295 1727 350; x_wconf 79' lang='lat' dir='ltr'><strong>arc,</strong></span> <span class='ocrx_word' id='word_1_9' title='bbox 1846 290 1852 298; x_wconf 87' lang='grc'><em>“</em></span> 
     </span>
    </p>
   </div>
   <div class='ocr_carea' id='block_1_2' title="bbox 122 436 2235 2978">
    <p class='ocr_par' dir='ltr' id='par_1_2' title="bbox 122 436 2235 2978">
     <span class='ocr_line' id='line_1_2' title="bbox 176 436 2199 537; baseline -0.002 -15"><span class='ocrx_word' id='word_1_10' title='bbox 176 452 271 522; x_wconf 92' lang='lat' dir='ltr'><strong>dinis</strong></span> <span class='ocrx_word' id='word_1_11' title='bbox 293 450 332 519; x_wconf 92' lang='lat' dir='ltr'><strong>in</strong></span> <span class='ocrx_word' id='word_1_12' title='bbox 353 444 510 519; x_wconf 80' lang='lat' dir='ltr'><strong>Ecclesia</strong></span> <span class='ocrx_word' id='word_1_13' title='bbox 534 449 686 520; x_wconf 88' lang='lat' dir='ltr'><strong>coelesti.</strong></span> <span class='ocrx_word' id='word_1_14' title='bbox 735 445 804 517; x_wconf 87' lang='lat' dir='ltr'><strong>Die</strong></span> <span class='ocrx_word' id='word_1_15' title='bbox 828 461 924 519; x_wconf 79' lang='lat' dir='ltr'><strong>sexto</strong></span> <span class='ocrx_word' id='word_1_16' title='bbox 948 445 1160 519; x_wconf 86' lang='lat' dir='ltr'><strong>Novembris</strong></span> <span class='ocrx_word' id='word_1_17' title='bbox 1213 446 1328 516; x_wconf 91' lang='lat' dir='ltr'><strong>clesiis</strong></span> <span class='ocrx_word' id='word_1_18' title='bbox 1343 446 1469 515; x_wconf 90' lang='lat' dir='ltr'><strong>vicinis</strong></span> <span class='ocrx_word' id='word_1_19' title='bbox 1493 447 1718 516; x_wconf 91' lang='lat' dir='ltr'><strong>retinendum</strong></span> <span class='ocrx_word' id='word_1_20' title='bbox 1739 436 1891 537; x_wconf 88' lang='lat' dir='ltr'><strong>profuit,</strong></span> <span class='ocrx_word' id='word_1_21' title='bbox 1917 448 2199 531; x_wconf 75' lang='lat' dir='ltr'>convenerimus,</span> 
     </span>
     <span class='ocr_line' id='line_1_3' title="bbox 175 548 2198 644; baseline -0.003 -20"><span class='ocrx_word' id='word_1_22' title='bbox 175 549 326 624; x_wconf 90' lang='lat' dir='ltr'><strong>Chasma</strong></span> <span class='ocrx_word' id='word_1_23' title='bbox 344 552 383 619; x_wconf 91' lang='lat' dir='ltr'><strong>in</strong></span> <span class='ocrx_word' id='word_1_24' title='bbox 396 550 494 621; x_wconf 89' lang='lat' dir='ltr'><strong>coelo</strong></span> <span class='ocrx_word' id='word_1_25' title='bbox 508 551 613 621; x_wconf 88' lang='lat' dir='ltr'><strong>valde</strong></span> <span class='ocrx_word' id='word_1_26' title='bbox 626 550 855 642; x_wconf 88' lang='lat' dir='ltr'><strong>conspicuum</strong></span> <span class='ocrx_word' id='word_1_27' title='bbox 869 548 988 632; x_wconf 87' lang='lat' dir='ltr'><strong>lulsit,</strong></span> <span class='ocrx_word' id='word_1_28' title='bbox 1012 551 1059 622; x_wconf 82' lang='lat' dir='ltr'><strong>ab</strong></span> <span class='ocrx_word' id='word_1_29' title='bbox 1079 564 1160 622; x_wconf 89' lang='lat' dir='ltr'><strong>ortu</strong></span> <span class='ocrx_word' id='word_1_30' title='bbox 1211 572 1285 618; x_wconf 92' lang='lat' dir='ltr'><strong>non</strong></span> <span class='ocrx_word' id='word_1_31' title='bbox 1300 561 1339 618; x_wconf 95' lang='lat' dir='ltr'><strong>ut</strong></span> <span class='ocrx_word' id='word_1_32' title='bbox 1354 561 1477 618; x_wconf 91' lang='lat' dir='ltr'><strong>contra</strong></span> <span class='ocrx_word' id='word_1_33' title='bbox 1492 548 1700 643; x_wconf 89' lang='lat' dir='ltr'><strong>cuiusquam</strong></span> <span class='ocrx_word' id='word_1_34' title='bbox 1717 549 1941 619; x_wconf 78' lang='lat' dir='ltr'><strong>autoritatem</strong></span> <span class='ocrx_word' id='word_1_35' title='bbox 1966 551 2102 644; x_wconf 92' lang='lat' dir='ltr'><strong>aliquid</strong></span> <span class='ocrx_word' id='word_1_36' title='bbox 2125 548 2198 631; x_wconf 87' lang='lat' dir='ltr'><strong>fiat,</strong></span> 
     </span>
     <span class='ocr_line' id='line_1_4' title="bbox 175 651 2199 746; baseline -0.001 -22"><span class='ocrx_word' id='word_1_37' title='bbox 175 656 306 724; x_wconf 89' lang='lat' dir='ltr'><strong>aestivo</strong></span> <span class='ocrx_word' id='word_1_38' title='bbox 326 675 446 721; x_wconf 90' lang='lat' dir='ltr'><strong>versos</strong></span> <span class='ocrx_word' id='word_1_39' title='bbox 461 653 660 723; x_wconf 85' lang='lat' dir='ltr'><strong>brumalem</strong></span> <span class='ocrx_word' id='word_1_40' title='bbox 677 674 838 722; x_wconf 88' lang='lat' dir='ltr'><strong>occasum</strong></span> <span class='ocrx_word' id='word_1_41' title='bbox 855 675 1034 742; x_wconf 90' lang='lat' dir='ltr'><strong>sparsum,</strong></span> <span class='ocrx_word' id='word_1_42' title='bbox 1064 654 1160 746; x_wconf 91' lang='lat' dir='ltr'><strong>quod</strong></span> <span class='ocrx_word' id='word_1_43' title='bbox 1211 651 1271 720; x_wconf 88' lang='lat' dir='ltr'><strong>sed</strong></span> <span class='ocrx_word' id='word_1_44' title='bbox 1287 664 1327 720; x_wconf 92' lang='lat' dir='ltr'><strong>ut</strong></span> <span class='ocrx_word' id='word_1_45' title='bbox 1343 651 1402 741; x_wconf 88' lang='lat' dir='ltr'><strong>pie</strong></span> <span class='ocrx_word' id='word_1_46' title='bbox 1417 664 1450 720; x_wconf 89' lang='lat' dir='ltr'><strong>et</strong></span> <span class='ocrx_word' id='word_1_47' title='bbox 1468 665 1626 720; x_wconf 85' lang='lat' dir='ltr'><strong>amanter</strong></span> <span class='ocrx_word' id='word_1_48' title='bbox 1650 653 1694 719; x_wconf 91' lang='lat' dir='ltr'><strong>de</strong></span> <span class='ocrx_word' id='word_1_49' title='bbox 1718 654 1841 720; x_wconf 91' lang='lat' dir='ltr'><strong>eodem</strong></span> <span class='ocrx_word' id='word_1_50' title='bbox 1866 676 2040 724; x_wconf 90' lang='lat' dir='ltr'><strong>consensu</strong></span> <span class='ocrx_word' id='word_1_51' title='bbox 2066 653 2199 722; x_wconf 90' lang='lat' dir='ltr'><strong>tuendo</strong></span> 
     </span>
     <span class='ocr_line' id='line_1_5' title="bbox 173 749 2200 847; baseline -0 -23"><span class='ocrx_word' id='word_1_52' title='bbox 173 757 243 826; x_wconf 90' lang='lat' dir='ltr'><strong>late</strong></span> <span class='ocrx_word' id='word_1_53' title='bbox 260 767 486 847; x_wconf 88' lang='lat' dir='ltr'><strong>conspectum</strong></span> <span class='ocrx_word' id='word_1_54' title='bbox 507 767 579 835; x_wconf 89' lang='lat' dir='ltr'><strong>est,</strong></span> <span class='ocrx_word' id='word_1_55' title='bbox 606 767 641 823; x_wconf 90' lang='lat' dir='ltr'><strong>et</strong></span> <span class='ocrx_word' id='word_1_56' title='bbox 656 754 818 823; x_wconf 90' lang='lat' dir='ltr'><strong>flammae</strong></span> <span class='ocrx_word' id='word_1_57' title='bbox 831 754 962 824; x_wconf 92' lang='lat' dir='ltr'><strong>alicubi</strong></span> <span class='ocrx_word' id='word_1_58' title='bbox 977 755 1015 822; x_wconf 93' lang='lat' dir='ltr'><strong>in</strong></span> <span class='ocrx_word' id='word_1_59' title='bbox 1030 767 1158 824; x_wconf 91' lang='lat' dir='ltr'><strong>terram</strong></span> <span class='ocrx_word' id='word_1_60' title='bbox 1211 752 1472 844; x_wconf 84' lang='lat' dir='ltr'><strong>colloquamur:</strong></span> <span class='ocrx_word' id='word_1_61' title='bbox 1498 770 1651 842; x_wconf 69' lang='lat' dir='ltr'><strong>‘agamus</strong></span> <span class='ocrx_word' id='word_1_62' title='bbox 1672 754 1814 834; x_wconf 90' lang='lat' dir='ltr'><strong>eadem,</strong></span> <span class='ocrx_word' id='word_1_63' title='bbox 1842 777 1932 845; x_wconf 90' lang='lat' dir='ltr'><strong>quae</strong></span> <span class='ocrx_word' id='word_1_64' title='bbox 1954 768 2056 822; x_wconf 91' lang='lat' dir='ltr'><strong>antea</strong></span> <span class='ocrx_word' id='word_1_65' title='bbox 2083 754 2121 820; x_wconf 92' lang='lat' dir='ltr'><strong>in</strong></span> <span class='ocrx_word' id='word_1_66' title='bbox 2142 749 2200 823; x_wconf 93' lang='lat' dir='ltr'><strong>his</strong></span> 
     </span>
     <span class='ocr_line' id='line_1_6' title="bbox 174 854 1930 948; baseline -0.002 -20"><span class='ocrx_word' id='word_1_67' title='bbox 174 858 354 948; x_wconf 83' lang='lat' dir='ltr'><strong>delapsae,</strong></span> <span class='ocrx_word' id='word_1_68' title='bbox 396 879 519 926; x_wconf 88' lang='lat' dir='ltr'><strong>rursus</strong></span> <span class='ocrx_word' id='word_1_69' title='bbox 540 857 580 923; x_wconf 91' lang='lat' dir='ltr'><strong>in</strong></span> <span class='ocrx_word' id='word_1_70' title='bbox 602 861 719 926; x_wconf 69' lang='lat' dir='ltr'><strong>aerem</strong></span> <span class='ocrx_word' id='word_1_71' title='bbox 748 857 945 926; x_wconf 85' lang='lat' dir='ltr'><strong>evolarunt.</strong></span> <span class='ocrx_word' id='word_1_72' title='bbox 1013 854 1054 924; x_wconf 93' lang='lat' dir='ltr'><strong>ld</strong></span> <span class='ocrx_word' id='word_1_73' title='bbox 1085 857 1160 948; x_wconf 89' lang='lat' dir='ltr'><strong>ipse</strong></span> <span class='ocrx_word' id='word_1_74' title='bbox 1209 855 1538 946; x_wconf 73' lang='lat' dir='ltr'><strong>piiscongressibus</strong></span> <span class='ocrx_word' id='word_1_75' title='bbox 1554 877 1654 944; x_wconf 90' lang='lat' dir='ltr'><strong>agere</strong></span> <span class='ocrx_word' id='word_1_76' title='bbox 1672 855 1930 927; x_wconf 83' lang='lat' dir='ltr'><strong>consuevimus.</strong></span> 
     </span>
     <span class='ocr_line' id='line_1_7' title="bbox 172 955 2199 1048; baseline -0.002 -20"><span class='ocrx_word' id='word_1_77' title='bbox 172 960 277 1029; x_wconf 89' lang='lat' dir='ltr'><strong>etiam</strong></span> <span class='ocrx_word' id='word_1_78' title='bbox 290 972 398 1029; x_wconf 92' lang='lat' dir='ltr'><strong>noctu</strong></span> <span class='ocrx_word' id='word_1_79' title='bbox 415 958 561 1042; x_wconf 90' lang='lat' dir='ltr'><strong>viderat,</strong></span> <span class='ocrx_word' id='word_1_80' title='bbox 587 958 634 1027; x_wconf 92' lang='lat' dir='ltr'><strong>ita</strong></span> <span class='ocrx_word' id='word_1_81' title='bbox 652 958 797 1041; x_wconf 90' lang='lat' dir='ltr'><strong>cubans,</strong></span> <span class='ocrx_word' id='word_1_82' title='bbox 822 971 862 1026; x_wconf 94' lang='lat' dir='ltr'><strong>ut</strong></span> <span class='ocrx_word' id='word_1_83' title='bbox 878 982 954 1026; x_wconf 90' lang='lat' dir='ltr'><strong>eam</strong></span> <span class='ocrx_word' id='word_1_84' title='bbox 972 958 1062 1026; x_wconf 91' lang='lat' dir='ltr'><strong>coeli</strong></span> <span class='ocrx_word' id='word_1_85' title='bbox 1078 982 1161 1048; x_wconf 84' lang='lat' dir='ltr'><strong>par·</strong></span> <span class='ocrx_word' id='word_1_86' title='bbox 1311 955 1364 1025; x_wconf 91' lang='lat' dir='ltr'><strong>Ac</strong></span> <span class='ocrx_word' id='word_1_87' title='bbox 1388 957 1541 1045; x_wconf 84' lang='lat' dir='ltr'><strong>primum</strong></span> <span class='ocrx_word' id='word_1_88' title='bbox 1566 956 1695 1045; x_wconf 85' lang='lat' dir='ltr'><strong>gratias</strong></span> <span class='ocrx_word' id='word_1_89' title='bbox 1718 955 1853 1044; x_wconf 81' lang='lat' dir='ltr'><strong>agimus</strong></span> <span class='ocrx_word' id='word_1_90' title='bbox 1876 957 1943 1025; x_wconf 92' lang='lat' dir='ltr'><strong>tibi</strong></span> <span class='ocrx_word' id='word_1_91' title='bbox 1971 955 2199 1046; x_wconf 90' lang='lat' dir='ltr'><strong>omnipotens</strong></span> 
     </span>
     <span class='ocr_line' id='line_1_8' title="bbox 172 1053 2200 1152; baseline -0.001 -22"><span class='ocrx_word' id='word_1_92' title='bbox 172 1074 242 1130; x_wconf 91' lang='lat' dir='ltr'><strong>tem</strong></span> <span class='ocrx_word' id='word_1_93' title='bbox 259 1061 392 1129; x_wconf 90' lang='lat' dir='ltr'><strong>intueri</strong></span> <span class='ocrx_word' id='word_1_94' title='bbox 410 1073 538 1148; x_wconf 91' lang='lat' dir='ltr'><strong>posset.</strong></span> <span class='ocrx_word' id='word_1_95' title='bbox 572 1056 628 1129; x_wconf 89' lang='lat' dir='ltr'><strong>Eo</strong></span> <span class='ocrx_word' id='word_1_96' title='bbox 643 1072 760 1128; x_wconf 89' lang='lat' dir='ltr'><strong>motus</strong></span> <span class='ocrx_word' id='word_1_97' title='bbox 775 1059 956 1149; x_wconf 90' lang='lat' dir='ltr'><strong>prodigio,</strong></span> <span class='ocrx_word' id='word_1_98' title='bbox 981 1083 1062 1130; x_wconf 91' lang='lat' dir='ltr'><strong>cum</strong></span> <span class='ocrx_word' id='word_1_99' title='bbox 1078 1059 1160 1152; x_wconf 90' lang='lat' dir='ltr'><strong>qui·</strong></span> <span class='ocrx_word' id='word_1_100' title='bbox 1209 1055 1323 1139; x_wconf 91' lang='lat' dir='ltr'><strong>Deus,</strong></span> <span class='ocrx_word' id='word_1_101' title='bbox 1350 1070 1488 1126; x_wconf 87' lang='lat' dir='ltr'><strong>aeterne</strong></span> <span class='ocrx_word' id='word_1_102' title='bbox 1510 1075 1544 1128; x_wconf 89' lang='lat' dir='ltr'><strong>et</strong></span> <span class='ocrx_word' id='word_1_103' title='bbox 1565 1058 1670 1128; x_wconf 90' lang='lat' dir='ltr'><strong>unice</strong></span> <span class='ocrx_word' id='word_1_104' title='bbox 1695 1073 1794 1148; x_wconf 89' lang='lat' dir='ltr'><strong>pater</strong></span> <span class='ocrx_word' id='word_1_105' title='bbox 1811 1058 1959 1128; x_wconf 89' lang='lat' dir='ltr'><strong>Domini</strong></span> <span class='ocrx_word' id='word_1_106' title='bbox 1981 1058 2094 1125; x_wconf 88' lang='lat' dir='ltr'><strong>nostri</strong></span> <span class='ocrx_word' id='word_1_107' title='bbox 2120 1053 2200 1127; x_wconf 91' lang='lat' dir='ltr'><strong>lesu</strong></span> 
     </span>
     <span class='ocr_line' id='line_1_9' title="bbox 172 1152 2202 1249; baseline -0.001 -18"><span class='ocrx_word' id='word_1_108' title='bbox 172 1164 251 1232; x_wconf 89' lang='lat' dir='ltr'><strong>dem</strong></span> <span class='ocrx_word' id='word_1_109' title='bbox 268 1176 353 1231; x_wconf 86' lang='lat' dir='ltr'><strong>tunc</strong></span> <span class='ocrx_word' id='word_1_110' title='bbox 371 1160 462 1229; x_wconf 89' lang='lat' dir='ltr'><strong>vires</strong></span> <span class='ocrx_word' id='word_1_111' title='bbox 476 1160 552 1230; x_wconf 91' lang='lat' dir='ltr'><strong>eius</strong></span> <span class='ocrx_word' id='word_1_112' title='bbox 567 1162 669 1230; x_wconf 89' lang='lat' dir='ltr'><strong>valde</strong></span> <span class='ocrx_word' id='word_1_113' title='bbox 685 1161 924 1249; x_wconf 82' lang='lat' dir='ltr'><strong>languelactae</strong></span> <span class='ocrx_word' id='word_1_114' title='bbox 940 1173 1071 1246; x_wconf 88' lang='lat' dir='ltr'><strong>essent,</strong></span> <span class='ocrx_word' id='word_1_115' title='bbox 1096 1163 1159 1229; x_wconf 90' lang='lat' dir='ltr'><strong>ad·</strong></span> <span class='ocrx_word' id='word_1_116' title='bbox 1209 1152 1363 1238; x_wconf 88' lang='lat' dir='ltr'><strong>Christi,</strong></span> <span class='ocrx_word' id='word_1_117' title='bbox 1390 1160 1554 1228; x_wconf 91' lang='lat' dir='ltr'><strong>conditor</strong></span> <span class='ocrx_word' id='word_1_118' title='bbox 1576 1160 1662 1228; x_wconf 90' lang='lat' dir='ltr'><strong>coeli</strong></span> <span class='ocrx_word' id='word_1_119' title='bbox 1688 1174 1722 1230; x_wconf 91' lang='lat' dir='ltr'><strong>et</strong></span> <span class='ocrx_word' id='word_1_120' title='bbox 1742 1175 1873 1244; x_wconf 89' lang='lat' dir='ltr'><strong>terrae,</strong></span> <span class='ocrx_word' id='word_1_121' title='bbox 1899 1173 1934 1229; x_wconf 89' lang='lat' dir='ltr'><strong>ct</strong></span> <span class='ocrx_word' id='word_1_122' title='bbox 1958 1154 2145 1228; x_wconf 92' lang='lat' dir='ltr'><strong>hominum</strong></span> <span class='ocrx_word' id='word_1_123' title='bbox 2167 1171 2202 1228; x_wconf 90' lang='lat' dir='ltr'><strong>et</strong></span> 
     </span>
     <span class='ocr_line' id='line_1_10' title="bbox 171 1257 2199 1353; baseline -0.002 -20"><span class='ocrx_word' id='word_1_124' title='bbox 171 1264 318 1333; x_wconf 92' lang='lat' dir='ltr'><strong>modum</strong></span> <span class='ocrx_word' id='word_1_125' title='bbox 344 1275 473 1331; x_wconf 88' lang='lat' dir='ltr'><strong>moesta</strong></span> <span class='ocrx_word' id='word_1_126' title='bbox 497 1263 676 1345; x_wconf 88' lang='lat' dir='ltr'><strong>oratione,</strong></span> <span class='ocrx_word' id='word_1_127' title='bbox 715 1262 987 1353; x_wconf 80' lang='lat' dir='ltr'><strong>cum-postridie</strong></span> <span class='ocrx_word' id='word_1_128' title='bbox 1010 1264 1055 1331; x_wconf 90' lang='lat' dir='ltr'><strong>ad</strong></span> <span class='ocrx_word' id='word_1_129' title='bbox 1079 1287 1158 1333; x_wconf 90' lang='lat' dir='ltr'><strong>eum</strong></span> <span class='ocrx_word' id='word_1_130' title='bbox 1209 1257 1386 1330; x_wconf 84' lang='lat' dir='ltr'><strong>Ecclesiae</strong></span> <span class='ocrx_word' id='word_1_131' title='bbox 1404 1276 1501 1345; x_wconf 88' lang='lat' dir='ltr'><strong>tuae,</strong></span> <span class='ocrx_word' id='word_1_132' title='bbox 1526 1284 1596 1329; x_wconf 89' lang='lat' dir='ltr'><strong>una</strong></span> <span class='ocrx_word' id='word_1_133' title='bbox 1620 1286 1701 1330; x_wconf 91' lang='lat' dir='ltr'><strong>cum</strong></span> <span class='ocrx_word' id='word_1_134' title='bbox 1724 1263 1798 1330; x_wconf 88' lang='lat' dir='ltr'><strong>lilio</strong></span> <span class='ocrx_word' id='word_1_135' title='bbox 1820 1275 1881 1331; x_wconf 94' lang='lat' dir='ltr'><strong>tuo</strong></span> <span class='ocrx_word' id='word_1_136' title='bbox 1899 1259 2056 1330; x_wconf 89' lang='lat' dir='ltr'><strong>Domino</strong></span> <span class='ocrx_word' id='word_1_137' title='bbox 2075 1275 2199 1331; x_wconf 92' lang='lat' dir='ltr'><strong>nostro</strong></span> 
     </span>
     <span class='ocr_line' id='line_1_11' title="bbox 170 1357 2199 1456; baseline -0.001 -24"><span class='ocrx_word' id='word_1_138' title='bbox 170 1365 405 1443; x_wconf 86' lang='lat' dir='ltr'><strong>venissemus,</strong></span> <span class='ocrx_word' id='word_1_139' title='bbox 432 1364 629 1453; x_wconf 91' lang='lat' dir='ltr'><strong>deploravit</strong></span> <span class='ocrx_word' id='word_1_140' title='bbox 640 1359 818 1433; x_wconf 87' lang='lat' dir='ltr'><strong>Ecclesiae</strong></span> <span class='ocrx_word' id='word_1_141' title='bbox 833 1364 1099 1455; x_wconf 89' lang='lat' dir='ltr'><strong>dissipationes,</strong></span> <span class='ocrx_word' id='word_1_142' title='bbox 1126 1377 1160 1432; x_wconf 91' lang='lat' dir='ltr'><strong>et</strong></span> <span class='ocrx_word' id='word_1_143' title='bbox 1211 1360 1290 1430; x_wconf 90' lang='lat' dir='ltr'><strong>lesu</strong></span> <span class='ocrx_word' id='word_1_144' title='bbox 1310 1357 1453 1432; x_wconf 89' lang='lat' dir='ltr'><strong>Christo</strong></span> <span class='ocrx_word' id='word_1_145' title='bbox 1480 1376 1514 1431; x_wconf 91' lang='lat' dir='ltr'><strong>et</strong></span> <span class='ocrx_word' id='word_1_146' title='bbox 1540 1361 1680 1453; x_wconf 91' lang='lat' dir='ltr'><strong>Spiritu</strong></span> <span class='ocrx_word' id='word_1_147' title='bbox 1712 1377 1852 1447; x_wconf 91' lang='lat' dir='ltr'><strong>sancto,</strong></span> <span class='ocrx_word' id='word_1_148' title='bbox 1886 1364 1981 1456; x_wconf 91' lang='lat' dir='ltr'><strong>quod</strong></span> <span class='ocrx_word' id='word_1_149' title='bbox 2008 1387 2083 1431; x_wconf 90' lang='lat' dir='ltr'><strong>non</strong></span> <span class='ocrx_word' id='word_1_150' title='bbox 2111 1363 2199 1432; x_wconf 91' lang='lat' dir='ltr'><strong>sinis</strong></span> 
     </span>
     <span class='ocr_line' id='line_1_12' title="bbox 171 1459 2200 1558; baseline 0 -26"><span class='ocrx_word' id='word_1_151' title='bbox 171 1481 339 1537; x_wconf 91' lang='lat' dir='ltr'><strong>venturos</strong></span> <span class='ocrx_word' id='word_1_152' title='bbox 357 1477 474 1533; x_wconf 89' lang='lat' dir='ltr'><strong>motus</strong></span> <span class='ocrx_word' id='word_1_153' title='bbox 494 1466 682 1556; x_wconf 88' lang='lat' dir='ltr'><strong>praedixit:</strong></span> <span class='ocrx_word' id='word_1_154' title='bbox 709 1489 748 1534; x_wconf 90' lang='lat' dir='ltr'><strong>ac</strong></span> <span class='ocrx_word' id='word_1_155' title='bbox 765 1467 884 1534; x_wconf 88' lang='lat' dir='ltr'><strong>decem</strong></span> <span class='ocrx_word' id='word_1_156' title='bbox 902 1466 976 1534; x_wconf 91' lang='lat' dir='ltr'><strong>dies</strong></span> <span class='ocrx_word' id='word_1_157' title='bbox 993 1466 1159 1558; x_wconf 92' lang='lat' dir='ltr'><strong>reliquos,</strong></span> <span class='ocrx_word' id='word_1_158' title='bbox 1211 1464 1368 1553; x_wconf 82' lang='lat' dir='ltr'><strong>extingui</strong></span> <span class='ocrx_word' id='word_1_159' title='bbox 1385 1465 1498 1532; x_wconf 90' lang='lat' dir='ltr'><strong>lucem</strong></span> <span class='ocrx_word' id='word_1_160' title='bbox 1514 1464 1696 1533; x_wconf 84' lang='lat' dir='ltr'><strong>doctrinae</strong></span> <span class='ocrx_word' id='word_1_161' title='bbox 1712 1479 1809 1545; x_wconf 89' lang='lat' dir='ltr'><strong>tuae,</strong></span> <span class='ocrx_word' id='word_1_162' title='bbox 1837 1478 1870 1534; x_wconf 88' lang='lat' dir='ltr'><strong>et</strong></span> <span class='ocrx_word' id='word_1_163' title='bbox 1890 1466 2064 1534; x_wconf 90' lang='lat' dir='ltr'><strong>internos</strong></span> <span class='ocrx_word' id='word_1_164' title='bbox 2081 1459 2200 1534; x_wconf 88' lang='lat' dir='ltr'><strong>hacte-</strong></span> 
     </span>
     <span class='ocr_line' id='line_1_13' title="bbox 171 1557 2199 1660; baseline -0.001 -23"><span class='ocrx_word' id='word_1_165' title='bbox 171 1568 301 1660; x_wconf 89' lang='lat' dir='ltr'><strong>quibus</strong></span> <span class='ocrx_word' id='word_1_166' title='bbox 328 1580 500 1656; x_wconf 91' lang='lat' dir='ltr'><strong>superstes</strong></span> <span class='ocrx_word' id='word_1_167' title='bbox 530 1568 617 1650; x_wconf 90' lang='lat' dir='ltr'><strong>fuit,</strong></span> <span class='ocrx_word' id='word_1_168' title='bbox 657 1568 894 1658; x_wconf 90' lang='lat' dir='ltr'><strong>consumpsit,</strong></span> <span class='ocrx_word' id='word_1_169' title='bbox 933 1580 973 1637; x_wconf 90' lang='lat' dir='ltr'><strong>ut</strong></span> <span class='ocrx_word' id='word_1_170' title='bbox 1011 1568 1159 1652; x_wconf 88' lang='lat' dir='ltr'><strong>solebat,</strong></span> <span class='ocrx_word' id='word_1_171' title='bbox 1209 1587 1278 1634; x_wconf 88' lang='lat' dir='ltr'><strong>nus</strong></span> <span class='ocrx_word' id='word_1_172' title='bbox 1292 1566 1484 1634; x_wconf 87' lang='lat' dir='ltr'><strong>clementer</strong></span> <span class='ocrx_word' id='word_1_173' title='bbox 1497 1567 1643 1634; x_wconf 91' lang='lat' dir='ltr'><strong>servasti</strong></span> <span class='ocrx_word' id='word_1_174' title='bbox 1658 1562 1719 1634; x_wconf 90' lang='lat' dir='ltr'><strong>has</strong></span> <span class='ocrx_word' id='word_1_175' title='bbox 1736 1557 1905 1659; x_wconf 90' lang='lat' dir='ltr'><strong>reliquias</strong></span> <span class='ocrx_word' id='word_1_176' title='bbox 1920 1581 1999 1635; x_wconf 89' lang='lat' dir='ltr'><strong>tuae</strong></span> <span class='ocrx_word' id='word_1_177' title='bbox 2011 1563 2199 1650; x_wconf 85' lang='lat' dir='ltr'><strong>Ecclesiae,</strong></span> 
     </span>
     <span class='ocr_line' id='line_1_14' title="bbox 171 1663 2200 1760; baseline 0 -25"><span class='ocrx_word' id='word_1_178' title='bbox 171 1668 210 1736; x_wconf 93' lang='lat' dir='ltr'><strong>in</strong></span> <span class='ocrx_word' id='word_1_179' title='bbox 226 1668 449 1738; x_wconf 92' lang='lat' dir='ltr'><strong>invocatione</strong></span> <span class='ocrx_word' id='word_1_180' title='bbox 465 1682 499 1737; x_wconf 91' lang='lat' dir='ltr'><strong>et</strong></span> <span class='ocrx_word' id='word_1_181' title='bbox 515 1667 747 1739; x_wconf 84' lang='lat' dir='ltr'><strong>confessione.</strong></span> <span class='ocrx_word' id='word_1_182' title='bbox 1210 1691 1299 1760; x_wconf 92' lang='lat' dir='ltr'><strong>quae</strong></span> <span class='ocrx_word' id='word_1_183' title='bbox 1313 1692 1433 1736; x_wconf 91' lang='lat' dir='ltr'><strong>vocem</strong></span> <span class='ocrx_word' id='word_1_184' title='bbox 1450 1663 1637 1754; x_wconf 79' lang='lat' dir='ltr'><strong>Evangelii</strong></span> <span class='ocrx_word' id='word_1_185' title='bbox 1652 1669 1704 1736; x_wconf 91' lang='lat' dir='ltr'><strong>tui</strong></span> <span class='ocrx_word' id='word_1_186' title='bbox 1721 1669 1961 1759; x_wconf 90' lang='lat' dir='ltr'><strong>incorruptam</strong></span> <span class='ocrx_word' id='word_1_187' title='bbox 1979 1692 2104 1738; x_wconf 85' lang='lat' dir='ltr'><strong>sonare</strong></span> <span class='ocrx_word' id='word_1_188' title='bbox 2124 1681 2200 1737; x_wconf 92' lang='lat' dir='ltr'><strong>stu·</strong></span> 
     </span>
     <span class='ocr_line' id='line_1_15' title="bbox 272 1766 2200 1863; baseline -0.001 -25"><span class='ocrx_word' id='word_1_189' title='bbox 272 1768 324 1838; x_wconf 89' lang='lat' dir='ltr'><strong>lta</strong></span> <span class='ocrx_word' id='word_1_190' title='bbox 347 1769 441 1838; x_wconf 92' lang='lat' dir='ltr'><strong>inter</strong></span> <span class='ocrx_word' id='word_1_191' title='bbox 462 1783 543 1839; x_wconf 91' lang='lat' dir='ltr'><strong>vota</strong></span> <span class='ocrx_word' id='word_1_192' title='bbox 566 1771 760 1863; x_wconf 92' lang='lat' dir='ltr'><strong>tranquillo</strong></span> <span class='ocrx_word' id='word_1_193' title='bbox 783 1771 903 1841; x_wconf 90' lang='lat' dir='ltr'><strong>animo</strong></span> <span class='ocrx_word' id='word_1_194' title='bbox 929 1771 987 1840; x_wconf 94' lang='lat' dir='ltr'><strong>die</strong></span> <span class='ocrx_word' id='word_1_195' title='bbox 1003 1769 1157 1840; x_wconf 89' lang='lat' dir='ltr'><strong>Novem·</strong></span> <span class='ocrx_word' id='word_1_196' title='bbox 1209 1772 1305 1840; x_wconf 93' lang='lat' dir='ltr'><strong>dent.</strong></span> <span class='ocrx_word' id='word_1_197' title='bbox 1355 1766 1495 1837; x_wconf 88' lang='lat' dir='ltr'><strong>Deinde</strong></span> <span class='ocrx_word' id='word_1_198' title='bbox 1517 1780 1551 1837; x_wconf 89' lang='lat' dir='ltr'><strong>et</strong></span> <span class='ocrx_word' id='word_1_199' title='bbox 1574 1770 1828 1839; x_wconf 89' lang='lat' dir='ltr'><strong>ardentissimis</strong></span> <span class='ocrx_word' id='word_1_200' title='bbox 1851 1769 1941 1839; x_wconf 90' lang='lat' dir='ltr'><strong>votis</strong></span> <span class='ocrx_word' id='word_1_201' title='bbox 1964 1771 2114 1860; x_wconf 91' lang='lat' dir='ltr'><strong>teipsum</strong></span> <span class='ocrx_word' id='word_1_202' title='bbox 2138 1793 2200 1838; x_wconf 90' lang='lat' dir='ltr'><strong>ve-</strong></span> 
     </span>
     <span class='ocr_line' id='line_1_16' title="bbox 168 1865 2199 1952; baseline -0.001 -12"><span class='ocrx_word' id='word_1_203' title='bbox 168 1871 242 1940; x_wconf 93' lang='lat' dir='ltr'><strong>bris</strong></span> <span class='ocrx_word' id='word_1_204' title='bbox 255 1871 441 1950; x_wconf 91' lang='lat' dir='ltr'><strong>sedecimo,</strong></span> <span class='ocrx_word' id='word_1_205' title='bbox 462 1868 570 1940; x_wconf 88' lang='lat' dir='ltr'><strong>Anno</strong></span> <span class='ocrx_word' id='word_1_206' title='bbox 588 1867 698 1942; x_wconf 79' lang='lat'><strong>1548.</strong></span> <span class='ocrx_word' id='word_1_207' title='bbox 713 1873 860 1942; x_wconf 88' lang='lat' dir='ltr'><strong>decessit</strong></span> <span class='ocrx_word' id='word_1_208' title='bbox 876 1897 917 1941; x_wconf 84' lang='lat' dir='ltr'><strong>ex</strong></span> <span class='ocrx_word' id='word_1_209' title='bbox 933 1868 1000 1940; x_wconf 88' lang='lat' dir='ltr'><strong>hac</strong></span> <span class='ocrx_word' id='word_1_210' title='bbox 1014 1872 1157 1940; x_wconf 90' lang='lat' dir='ltr'><strong>mortali</strong></span> <span class='ocrx_word' id='word_1_211' title='bbox 1209 1893 1288 1937; x_wconf 91' lang='lat' dir='ltr'><strong>rum</strong></span> <span class='ocrx_word' id='word_1_212' title='bbox 1306 1865 1440 1950; x_wconf 90' lang='lat' dir='ltr'><strong>Deum,</strong></span> <span class='ocrx_word' id='word_1_213' title='bbox 1467 1868 1686 1939; x_wconf 90' lang='lat' dir='ltr'><strong>conditorem</strong></span> <span class='ocrx_word' id='word_1_214' title='bbox 1704 1873 1792 1939; x_wconf 90' lang='lat' dir='ltr'><strong>coeli</strong></span> <span class='ocrx_word' id='word_1_215' title='bbox 1816 1884 1850 1941; x_wconf 92' lang='lat' dir='ltr'><strong>et</strong></span> <span class='ocrx_word' id='word_1_216' title='bbox 1874 1885 2006 1952; x_wconf 92' lang='lat' dir='ltr'><strong>terrae,</strong></span> <span class='ocrx_word' id='word_1_217' title='bbox 2031 1885 2064 1940; x_wconf 90' lang='lat' dir='ltr'><strong>et</strong></span> <span class='ocrx_word' id='word_1_218' title='bbox 2079 1865 2199 1938; x_wconf 91' lang='lat' dir='ltr'><strong>homi-</strong></span> 
     </span>
     <span class='ocr_line' id='line_1_17' title="bbox 168 1964 2200 2064; baseline 0 -24"><span class='ocrx_word' id='word_1_219' title='bbox 168 1973 243 2044; x_wconf 87' lang='lat' dir='ltr'><strong>vita</strong></span> <span class='ocrx_word' id='word_1_220' title='bbox 273 1971 406 2063; x_wconf 91' lang='lat' dir='ltr'><strong>Caspar</strong></span> <span class='ocrx_word' id='word_1_221' title='bbox 441 1973 672 2062; x_wconf 89' lang='lat' dir='ltr'><strong>Crucigerus‚</strong></span> <span class='ocrx_word' id='word_1_222' title='bbox 711 1975 766 2042; x_wconf 90' lang='lat' dir='ltr'><strong>vir</strong></span> <span class='ocrx_word' id='word_1_223' title='bbox 799 1974 970 2042; x_wconf 84' lang='lat' dir='ltr'><strong>excellens</strong></span> <span class='ocrx_word' id='word_1_224' title='bbox 1004 1973 1159 2060; x_wconf 90' lang='lat' dir='ltr'><strong>ingenio,</strong></span> <span class='ocrx_word' id='word_1_225' title='bbox 1210 1994 1297 2038; x_wconf 92' lang='lat' dir='ltr'><strong>num</strong></span> <span class='ocrx_word' id='word_1_226' title='bbox 1315 1982 1349 2038; x_wconf 92' lang='lat' dir='ltr'><strong>et</strong></span> <span class='ocrx_word' id='word_1_227' title='bbox 1363 1966 1540 2038; x_wconf 88' lang='lat' dir='ltr'><strong>Ecclesiae</strong></span> <span class='ocrx_word' id='word_1_228' title='bbox 1559 1984 1658 2050; x_wconf 90' lang='lat' dir='ltr'><strong>tuae,</strong></span> <span class='ocrx_word' id='word_1_229' title='bbox 1685 1964 1917 2064; x_wconf 86' lang='lat' dir='ltr'><strong>alloquimur,</strong></span> <span class='ocrx_word' id='word_1_230' title='bbox 1945 1987 1977 2042; x_wconf 90' lang='lat' dir='ltr'><strong>ct</strong></span> <span class='ocrx_word' id='word_1_231' title='bbox 1993 1973 2200 2042; x_wconf 90' lang='lat' dir='ltr'><strong>ardentibus</strong></span> 
     </span>
     <span class='ocr_line' id='line_1_18' title="bbox 169 2069 2198 2167; baseline 0 -26"><span class='ocrx_word' id='word_1_232' title='bbox 169 2074 386 2158; x_wconf 89' lang='lat' dir='ltr'><strong>eruditione,</strong></span> <span class='ocrx_word' id='word_1_233' title='bbox 425 2074 605 2167; x_wconf 78' lang='lat' dir='ltr'><strong>agnitione</strong></span> <span class='ocrx_word' id='word_1_234' title='bbox 635 2098 717 2142; x_wconf 89' lang='lat' dir='ltr'><strong>vera</strong></span> <span class='ocrx_word' id='word_1_235' title='bbox 747 2072 837 2159; x_wconf 88' lang='lat' dir='ltr'><strong>Dei,</strong></span> <span class='ocrx_word' id='word_1_236' title='bbox 885 2075 1077 2165; x_wconf 90' lang='lat' dir='ltr'><strong>sapientia,</strong></span> <span class='ocrx_word' id='word_1_237' title='bbox 1123 2088 1158 2143; x_wconf 92' lang='lat' dir='ltr'><strong>et</strong></span> <span class='ocrx_word' id='word_1_238' title='bbox 1211 2071 1303 2139; x_wconf 90' lang='lat' dir='ltr'><strong>votis</strong></span> <span class='ocrx_word' id='word_1_239' title='bbox 1337 2084 1483 2161; x_wconf 90' lang='lat' dir='ltr'><strong>propter</strong></span> <span class='ocrx_word' id='word_1_240' title='bbox 1517 2071 1629 2139; x_wconf 87' lang='lat' dir='ltr'><strong>filium</strong></span> <span class='ocrx_word' id='word_1_241' title='bbox 1655 2069 1851 2142; x_wconf 91' lang='lat' dir='ltr'><strong>Dominum</strong></span> <span class='ocrx_word' id='word_1_242' title='bbox 1884 2086 2044 2142; x_wconf 91' lang='lat' dir='ltr'><strong>nostrum</strong></span> <span class='ocrx_word' id='word_1_243' title='bbox 2079 2075 2198 2142; x_wconf 92' lang='lat' dir='ltr'><strong>lesum</strong></span> 
     </span>
     <span class='ocr_line' id='line_1_19' title="bbox 167 2168 2201 2267; baseline 0 -26"><span class='ocrx_word' id='word_1_244' title='bbox 167 2175 329 2242; x_wconf 92' lang='lat' dir='ltr'><strong>omnium</strong></span> <span class='ocrx_word' id='word_1_245' title='bbox 355 2175 661 2246; x_wconf 88' lang='lat' dir='ltr'><strong>virtutumlaude.</strong></span> <span class='ocrx_word' id='word_1_246' title='bbox 716 2175 790 2264; x_wconf 86' lang='lat' dir='ltr'><strong>Qui</strong></span> <span class='ocrx_word' id='word_1_247' title='bbox 813 2200 892 2244; x_wconf 92' lang='lat' dir='ltr'><strong>cum</strong></span> <span class='ocrx_word' id='word_1_248' title='bbox 913 2177 1051 2245; x_wconf 88' lang='lat' dir='ltr'><strong>fruatur</strong></span> <span class='ocrx_word' id='word_1_249' title='bbox 1077 2198 1155 2243; x_wconf 88' lang='lat' dir='ltr'><strong>coe·</strong></span> <span class='ocrx_word' id='word_1_250' title='bbox 1209 2168 1389 2247; x_wconf 84' lang='lat' dir='ltr'><strong>Christum</strong></span> <span class='ocrx_word' id='word_1_251' title='bbox 1415 2196 1576 2257; x_wconf 93' lang='lat' dir='ltr'><strong>oramus,</strong></span> <span class='ocrx_word' id='word_1_252' title='bbox 1612 2187 1652 2246; x_wconf 85' lang='lat' dir='ltr'><strong>ut</strong></span> <span class='ocrx_word' id='word_1_253' title='bbox 1677 2189 1710 2242; x_wconf 91' lang='lat' dir='ltr'><strong>et</strong></span> <span class='ocrx_word' id='word_1_254' title='bbox 1732 2175 1896 2267; x_wconf 90' lang='lat' dir='ltr'><strong>deinceps</strong></span> <span class='ocrx_word' id='word_1_255' title='bbox 1919 2199 2056 2265; x_wconf 86' lang='lat' dir='ltr'><strong>semper</strong></span> <span class='ocrx_word' id='word_1_256' title='bbox 2080 2176 2117 2243; x_wconf 94' lang='lat' dir='ltr'><strong>in</strong></span> <span class='ocrx_word' id='word_1_257' title='bbox 2143 2175 2201 2242; x_wconf 91' lang='lat' dir='ltr'><strong>his</strong></span> 
     </span>
     <span class='ocr_line' id='line_1_20' title="bbox 167 2272 2199 2370; baseline 0 -26"><span class='ocrx_word' id='word_1_258' title='bbox 167 2276 265 2345; x_wconf 90' lang='lat' dir='ltr'><strong>lestis</strong></span> <span class='ocrx_word' id='word_1_259' title='bbox 279 2273 457 2346; x_wconf 88' lang='lat' dir='ltr'><strong>Ecclesiae</strong></span> <span class='ocrx_word' id='word_1_260' title='bbox 473 2277 751 2362; x_wconf 89' lang='lat' dir='ltr'><strong>consuetudine,</strong></span> <span class='ocrx_word' id='word_1_261' title='bbox 776 2278 844 2367; x_wconf 92' lang='lat' dir='ltr'><strong>ipsi</strong></span> <span class='ocrx_word' id='word_1_262' title='bbox 869 2277 1012 2370; x_wconf 91' lang='lat' dir='ltr'><strong>quidem</strong></span> <span class='ocrx_word' id='word_1_263' title='bbox 1037 2290 1157 2365; x_wconf 90' lang='lat' dir='ltr'><strong>gratu·</strong></span> <span class='ocrx_word' id='word_1_264' title='bbox 1209 2274 1414 2364; x_wconf 90' lang='lat' dir='ltr'><strong>regionibus</strong></span> <span class='ocrx_word' id='word_1_265' title='bbox 1430 2289 1608 2344; x_wconf 90' lang='lat' dir='ltr'><strong>aeternam</strong></span> <span class='ocrx_word' id='word_1_266' title='bbox 1625 2276 1691 2346; x_wconf 92' lang='lat' dir='ltr'><strong>tibi</strong></span> <span class='ocrx_word' id='word_1_267' title='bbox 1701 2272 1913 2357; x_wconf 87' lang='lat' dir='ltr'><strong>Ecclesiam,</strong></span> <span class='ocrx_word' id='word_1_268' title='bbox 1940 2289 2087 2368; x_wconf 89' lang='lat' dir='ltr'><strong>propter</strong></span> <span class='ocrx_word' id='word_1_269' title='bbox 2101 2291 2199 2347; x_wconf 91' lang='lat' dir='ltr'><strong>tuam</strong></span> 
     </span>
     <span class='ocr_line' id='line_1_21' title="bbox 166 2377 1736 2469; baseline 0.002 -24"><span class='ocrx_word' id='word_1_270' title='bbox 166 2378 284 2446; x_wconf 90' lang='lat' dir='ltr'><strong>lemur</strong></span> <span class='ocrx_word' id='word_1_271' title='bbox 321 2391 392 2446; x_wconf 90' lang='lat' dir='ltr'><strong>tam</strong></span> <span class='ocrx_word' id='word_1_272' title='bbox 429 2379 605 2469; x_wconf 91' lang='lat' dir='ltr'><strong>placidam</strong></span> <span class='ocrx_word' id='word_1_273' title='bbox 642 2380 908 2467; x_wconf 88' lang='lat' dir='ltr'><strong>migrationem,</strong></span> <span class='ocrx_word' id='word_1_274' title='bbox 949 2382 1010 2449; x_wconf 91' lang='lat' dir='ltr'><strong>sed</strong></span> <span class='ocrx_word' id='word_1_275' title='bbox 1040 2391 1158 2448; x_wconf 91' lang='lat' dir='ltr'><strong>nostra</strong></span> <span class='ocrx_word' id='word_1_276' title='bbox 1209 2377 1376 2465; x_wconf 92' lang='lat' dir='ltr'><strong>gloriam,</strong></span> <span class='ocrx_word' id='word_1_277' title='bbox 1403 2378 1546 2465; x_wconf 92' lang='lat' dir='ltr'><strong>colligas</strong></span> <span class='ocrx_word' id='word_1_278' title='bbox 1560 2391 1594 2447; x_wconf 89' lang='lat' dir='ltr'><strong>et</strong></span> <span class='ocrx_word' id='word_1_279' title='bbox 1609 2401 1736 2448; x_wconf 88' lang='lat' dir='ltr'><strong>serves.</strong></span> 
     </span>
     <span class='ocr_line' id='line_1_22' title="bbox 167 2475 2200 2571; baseline 0 -24"><span class='ocrx_word' id='word_1_280' title='bbox 167 2501 270 2548; x_wconf 89' lang='lat' dir='ltr'><strong>causa</strong></span> <span class='ocrx_word' id='word_1_281' title='bbox 302 2478 495 2552; x_wconf 89' lang='lat' dir='ltr'><strong>doleamus.</strong></span> <span class='ocrx_word' id='word_1_282' title='bbox 563 2480 637 2550; x_wconf 92' lang='lat' dir='ltr'><strong>Nos</strong></span> <span class='ocrx_word' id='word_1_283' title='bbox 665 2482 758 2549; x_wconf 91' lang='lat' dir='ltr'><strong>enim</strong></span> <span class='ocrx_word' id='word_1_284' title='bbox 787 2505 916 2571; x_wconf 88' lang='lat' dir='ltr'><strong>magno</strong></span> <span class='ocrx_word' id='word_1_285' title='bbox 950 2494 1157 2551; x_wconf 90' lang='lat' dir='ltr'><strong>ornamento</strong></span> <span class='ocrx_word' id='word_1_286' title='bbox 1310 2475 1532 2546; x_wconf 87' lang='lat' dir='ltr'><strong>Cumautem</strong></span> <span class='ocrx_word' id='word_1_287' title='bbox 1549 2479 1587 2546; x_wconf 93' lang='lat' dir='ltr'><strong>in</strong></span> <span class='ocrx_word' id='word_1_288' title='bbox 1604 2475 1659 2547; x_wconf 89' lang='lat' dir='ltr'><strong>his</strong></span> <span class='ocrx_word' id='word_1_289' title='bbox 1678 2481 1912 2550; x_wconf 91' lang='lat' dir='ltr'><strong>conventibus</strong></span> <span class='ocrx_word' id='word_1_290' title='bbox 1928 2493 2007 2570; x_wconf 83' lang='lat' dir='ltr'><strong>post</strong></span> <span class='ocrx_word' id='word_1_291' title='bbox 2024 2481 2200 2571; x_wconf 89' lang='lat' dir='ltr'><strong>precatio-</strong></span> 
     </span>
     <span class='ocr_line' id='line_1_23' title="bbox 168 2579 2235 2671; baseline 0 -21"><span class='ocrx_word' id='word_1_292' title='bbox 168 2580 280 2652; x_wconf 90' lang='lat' dir='ltr'><strong>orbati</strong></span> <span class='ocrx_word' id='word_1_293' title='bbox 308 2602 440 2650; x_wconf 89' lang='lat' dir='ltr'><strong>sumus.</strong></span> <span class='ocrx_word' id='word_1_294' title='bbox 497 2579 630 2651; x_wconf 90' lang='lat' dir='ltr'><strong>Verum</strong></span> <span class='ocrx_word' id='word_1_295' title='bbox 648 2583 848 2660; x_wconf 85' lang='lat' dir='ltr'><strong>testimonia</strong></span> <span class='ocrx_word' id='word_1_296' title='bbox 865 2606 947 2652; x_wconf 91' lang='lat' dir='ltr'><strong>suae</strong></span> <span class='ocrx_word' id='word_1_297' title='bbox 966 2584 1158 2652; x_wconf 88' lang='lat' dir='ltr'><strong>sententiae</strong></span> <span class='ocrx_word' id='word_1_298' title='bbox 1209 2602 1292 2646; x_wconf 91' lang='lat' dir='ltr'><strong>nem</strong></span> <span class='ocrx_word' id='word_1_299' title='bbox 1314 2579 1450 2671; x_wconf 91' lang='lat' dir='ltr'><strong>aliquid</strong></span> <span class='ocrx_word' id='word_1_300' title='bbox 1475 2581 1518 2647; x_wconf 92' lang='lat' dir='ltr'><strong>de</strong></span> <span class='ocrx_word' id='word_1_301' title='bbox 1540 2594 1719 2670; x_wconf 90' lang='lat' dir='ltr'><strong>pastorum</strong></span> <span class='ocrx_word' id='word_1_302' title='bbox 1744 2582 1860 2651; x_wconf 85' lang='lat' dir='ltr'><strong>officio</strong></span> <span class='ocrx_word' id='word_1_303' title='bbox 1884 2583 2001 2650; x_wconf 89' lang='lat' dir='ltr'><strong>dicere</strong></span> <span class='ocrx_word' id='word_1_304' title='bbox 2029 2582 2235 2651; x_wconf 87' lang='lat' dir='ltr'><strong>usitatum</strong></span> 
     </span>
     <span class='ocr_line' id='line_1_24' title="bbox 167 2681 2200 2778; baseline 0 -28"><span class='ocrx_word' id='word_1_305' title='bbox 167 2697 201 2753; x_wconf 90' lang='lat' dir='ltr'><strong>et</strong></span> <span class='ocrx_word' id='word_1_306' title='bbox 217 2682 433 2768; x_wconf 88' lang='lat' dir='ltr'><strong>studiorum,</strong></span> <span class='ocrx_word' id='word_1_307' title='bbox 461 2683 624 2776; x_wconf 91' lang='lat' dir='ltr'><strong>vitaeque</strong></span> <span class='ocrx_word' id='word_1_308' title='bbox 649 2686 849 2774; x_wconf 83' lang='lat' dir='ltr'><strong>exemplum</strong></span> <span class='ocrx_word' id='word_1_309' title='bbox 873 2686 978 2755; x_wconf 93' lang='lat' dir='ltr'><strong>nobis</strong></span> <span class='ocrx_word' id='word_1_310' title='bbox 1003 2684 1157 2778; x_wconf 89' lang='lat' dir='ltr'><strong>reliquit.</strong></span> <span class='ocrx_word' id='word_1_311' title='bbox 1209 2681 1272 2764; x_wconf 94' lang='lat' dir='ltr'><strong>sit,</strong></span> <span class='ocrx_word' id='word_1_312' title='bbox 1297 2692 1339 2749; x_wconf 93' lang='lat' dir='ltr'><strong>ut</strong></span> <span class='ocrx_word' id='word_1_313' title='bbox 1355 2694 1389 2750; x_wconf 90' lang='lat' dir='ltr'><strong>et</strong></span> <span class='ocrx_word' id='word_1_314' title='bbox 1405 2681 1589 2770; x_wconf 90' lang='lat' dir='ltr'><strong>diligentia</strong></span> <span class='ocrx_word' id='word_1_315' title='bbox 1605 2682 1644 2749; x_wconf 89' lang='lat' dir='ltr'><strong>in</strong></span> <span class='ocrx_word' id='word_1_316' title='bbox 1660 2683 1819 2751; x_wconf 91' lang='lat' dir='ltr'><strong>docendo</strong></span> <span class='ocrx_word' id='word_1_317' title='bbox 1847 2683 2066 2772; x_wconf 84' lang='lat' dir='ltr'><strong>etregendis</strong></span> <span class='ocrx_word' id='word_1_318' title='bbox 2088 2684 2200 2751; x_wconf 90' lang='lat' dir='ltr'><strong>mori—</strong></span> 
     </span>
     <span class='ocr_line' id='line_1_25' title="bbox 122 2781 2199 2878; baseline 0 -27"><span class='ocrx_word' id='word_1_319' title='bbox 122 2859 126 2866; x_wconf 30' lang='lat'><strong>·</strong></span> <span class='ocrx_word' id='word_1_320' title='bbox 166 2781 263 2852; x_wconf 88' lang='lat' dir='ltr'><strong>Haec</strong></span> <span class='ocrx_word' id='word_1_321' title='bbox 285 2785 329 2852; x_wconf 92' lang='lat' dir='ltr'><strong>ad</strong></span> <span class='ocrx_word' id='word_1_322' title='bbox 355 2807 457 2853; x_wconf 91' lang='lat' dir='ltr'><strong>usum</strong></span> <span class='ocrx_word' id='word_1_323' title='bbox 481 2799 641 2857; x_wconf 91' lang='lat' dir='ltr'><strong>nostrum</strong></span> <span class='ocrx_word' id='word_1_324' title='bbox 668 2787 936 2871; x_wconf 85' lang='lat' dir='ltr'><strong>transferamus,</strong></span> <span class='ocrx_word' id='word_1_325' title='bbox 972 2789 1156 2856; x_wconf 84' lang='lat' dir='ltr'><strong>confirme—</strong></span> <span class='ocrx_word' id='word_1_326' title='bbox 1210 2785 1296 2866; x_wconf 89' lang='lat' dir='ltr'><strong>bus,</strong></span> <span class='ocrx_word' id='word_1_327' title='bbox 1323 2795 1357 2849; x_wconf 91' lang='lat' dir='ltr'><strong>et</strong></span> <span class='ocrx_word' id='word_1_328' title='bbox 1380 2784 1537 2852; x_wconf 90' lang='lat' dir='ltr'><strong>studium</strong></span> <span class='ocrx_word' id='word_1_329' title='bbox 1563 2785 1712 2853; x_wconf 91' lang='lat' dir='ltr'><strong>tuendae</strong></span> <span class='ocrx_word' id='word_1_330' title='bbox 1734 2784 1941 2854; x_wconf 89' lang='lat' dir='ltr'><strong>concordiae</strong></span> <span class='ocrx_word' id='word_1_331' title='bbox 1963 2786 2001 2852; x_wconf 91' lang='lat' dir='ltr'><strong>io</strong></span> <span class='ocrx_word' id='word_1_332' title='bbox 2019 2785 2199 2878; x_wconf 90' lang='lat' dir='ltr'><strong>aliquibus</strong></span> 
     </span>
     <span class='ocr_line' id='line_1_26' title="bbox 167 2881 2200 2978; baseline 0 -25"><span class='ocrx_word' id='word_1_333' title='bbox 167 2909 246 2955; x_wconf 89' lang='lat' dir='ltr'><strong>mus</strong></span> <span class='ocrx_word' id='word_1_334' title='bbox 261 2907 327 2956; x_wconf 91' lang='lat' dir='ltr'><strong>nos</strong></span> <span class='ocrx_word' id='word_1_335' title='bbox 341 2885 416 2955; x_wconf 90' lang='lat' dir='ltr'><strong>eius</strong></span> <span class='ocrx_word' id='word_1_336' title='bbox 432 2887 591 2973; x_wconf 89' lang='lat' dir='ltr'><strong>scriptis,</strong></span> <span class='ocrx_word' id='word_1_337' title='bbox 618 2899 652 2953; x_wconf 89' lang='lat' dir='ltr'><strong>et</strong></span> <span class='ocrx_word' id='word_1_338' title='bbox 668 2886 850 2954; x_wconf 90' lang='lat' dir='ltr'><strong>imitemur</strong></span> <span class='ocrx_word' id='word_1_339' title='bbox 870 2890 1006 2971; x_wconf 86' lang='lat' dir='ltr'><strong>studia,</strong></span> <span class='ocrx_word' id='word_1_340' title='bbox 1032 2913 1158 2969; x_wconf 88' lang='lat' dir='ltr'><strong>mores,</strong></span> <span class='ocrx_word' id='word_1_341' title='bbox 1209 2884 1417 2953; x_wconf 84' lang='lat' dir='ltr'><strong>excitentur:</strong></span> <span class='ocrx_word' id='word_1_342' title='bbox 1445 2881 1522 2972; x_wconf 92' lang='lat' dir='ltr'><strong>Ego</strong></span> <span class='ocrx_word' id='word_1_343' title='bbox 1538 2910 1679 2978; x_wconf 92' lang='lat' dir='ltr'><strong>quoque</strong></span> <span class='ocrx_word' id='word_1_344' title='bbox 1696 2910 1792 2954; x_wconf 91' lang='lat' dir='ltr'><strong>nunc</strong></span> <span class='ocrx_word' id='word_1_345' title='bbox 1813 2887 2093 2957; x_wconf 90' lang='lat' dir='ltr'><strong>admonitionem</strong></span> <span class='ocrx_word' id='word_1_346' title='bbox 2118 2908 2200 2974; x_wconf 92' lang='lat' dir='ltr'><strong>gra·</strong></span> 
     </span>
    </p>
   </div>
   <div class='ocr_carea' id='block_1_3' title="bbox 2124 275 2316 381">
    <p class='ocr_par' dir='ltr' id='par_1_3' title="bbox 2124 275 2316 381">
     <span class='ocr_line' id='line_1_27' title="bbox 2124 275 2316 381; baseline 0.031 -6"><span class='ocrx_word' id='word_1_347' title='bbox 2124 275 2228 381; x_wconf 71' lang='lat' dir='ltr'><strong>8l2.</strong></span> <span class='ocrx_word' id='word_1_348' title='bbox 2306 368 2316 381; x_wconf 89' lang='lat'><strong>.</strong></span> 
     </span>
    </p>
   </div>
   <div class='ocr_carea' id='block_1_4' title="bbox 163 2982 1158 3789">
    <p class='ocr_par' dir='ltr' id='par_1_4' title="bbox 163 2982 1158 3789">
     <span class='ocr_line' id='line_1_28' title="bbox 165 2982 1157 3078; baseline 0.002 -24"><span class='ocrx_word' id='word_1_349' title='bbox 165 2986 341 3078; x_wconf 90' lang='lat' dir='ltr'><strong>pietatem.</strong></span> <span class='ocrx_word' id='word_1_350' title='bbox 402 2986 487 3053; x_wconf 88' lang='lat' dir='ltr'><strong>ldeo</strong></span> <span class='ocrx_word' id='word_1_351' title='bbox 512 2982 609 3054; x_wconf 88' lang='lat' dir='ltr'><strong>Deus</strong></span> <span class='ocrx_word' id='word_1_352' title='bbox 633 2985 803 3052; x_wconf 91' lang='lat' dir='ltr'><strong>immensa</strong></span> <span class='ocrx_word' id='word_1_353' title='bbox 828 2986 1068 3056; x_wconf 90' lang='lat' dir='ltr'><strong>misericordia</strong></span> <span class='ocrx_word' id='word_1_354' title='bbox 1088 2986 1157 3056; x_wconf 90' lang='lat' dir='ltr'><strong>Ec-</strong></span> 
     </span>
     <span class='ocr_line' id='line_1_29' title="bbox 166 3083 1154 3176; baseline 0 -21"><span class='ocrx_word' id='word_1_355' title='bbox 166 3088 289 3156; x_wconf 89' lang='lat' dir='ltr'><strong>clesiae</strong></span> <span class='ocrx_word' id='word_1_356' title='bbox 304 3088 366 3153; x_wconf 92' lang='lat' dir='ltr'><strong>dat</strong></span> <span class='ocrx_word' id='word_1_357' title='bbox 378 3085 516 3176; x_wconf 90' lang='lat' dir='ltr'><strong>aliquos</strong></span> <span class='ocrx_word' id='word_1_358' title='bbox 532 3086 739 3153; x_wconf 83' lang='lat' dir='ltr'><strong>excellentes</strong></span> <span class='ocrx_word' id='word_1_359' title='bbox 754 3083 943 3172; x_wconf 89' lang='lat' dir='ltr'><strong>Doctores,</strong></span> <span class='ocrx_word' id='word_1_360' title='bbox 969 3101 1009 3157; x_wconf 90' lang='lat' dir='ltr'><strong>ut</strong></span> <span class='ocrx_word' id='word_1_361' title='bbox 1032 3112 1154 3157; x_wconf 86' lang='lat' dir='ltr'><strong>eorum</strong></span> 
     </span>
     <span class='ocr_line' id='line_1_30' title="bbox 166 3185 1157 3279; baseline 0.003 -23"><span class='ocrx_word' id='word_1_362' title='bbox 166 3212 250 3256; x_wconf 91' lang='lat' dir='ltr'><strong>voce</strong></span> <span class='ocrx_word' id='word_1_363' title='bbox 267 3200 300 3255; x_wconf 90' lang='lat' dir='ltr'><strong>et</strong></span> <span class='ocrx_word' id='word_1_364' title='bbox 318 3185 432 3254; x_wconf 90' lang='lat' dir='ltr'><strong>literis</strong></span> <span class='ocrx_word' id='word_1_365' title='bbox 445 3185 507 3255; x_wconf 88' lang='lat' dir='ltr'><strong>alii</strong></span> <span class='ocrx_word' id='word_1_366' title='bbox 528 3187 737 3256; x_wconf 91' lang='lat' dir='ltr'><strong>erudiantur</strong></span> <span class='ocrx_word' id='word_1_367' title='bbox 760 3202 794 3256; x_wconf 91' lang='lat' dir='ltr'><strong>et</strong></span> <span class='ocrx_word' id='word_1_368' title='bbox 815 3190 1089 3279; x_wconf 87' lang='lat' dir='ltr'><strong>confirmentur,</strong></span> <span class='ocrx_word' id='word_1_369' title='bbox 1124 3204 1157 3259; x_wconf 91' lang='lat' dir='ltr'><strong>et</strong></span> 
     </span>
     <span class='ocr_line' id='line_1_31' title="bbox 167 3287 1158 3380; baseline 0.003 -23"><span class='ocrx_word' id='word_1_370' title='bbox 167 3287 336 3378; x_wconf 85' lang='lat' dir='ltr'><strong>exemplis</strong></span> <span class='ocrx_word' id='word_1_371' title='bbox 351 3289 394 3356; x_wconf 91' lang='lat' dir='ltr'><strong>ad</strong></span> <span class='ocrx_word' id='word_1_372' title='bbox 422 3287 586 3377; x_wconf 89' lang='lat' dir='ltr'><strong>pietatem</strong></span> <span class='ocrx_word' id='word_1_373' title='bbox 608 3289 857 3362; x_wconf 88' lang='lat' dir='ltr'><strong>accendantur.</strong></span> <span class='ocrx_word' id='word_1_374' title='bbox 908 3290 1025 3361; x_wconf 90' lang='lat' dir='ltr'><strong>Simul</strong></span> <span class='ocrx_word' id='word_1_375' title='bbox 1050 3292 1158 3380; x_wconf 90' lang='lat' dir='ltr'><strong>igitur</strong></span> 
     </span>
     <span class='ocr_line' id='line_1_32' title="bbox 165 3389 1158 3482; baseline 0.002 -22"><span class='ocrx_word' id='word_1_376' title='bbox 165 3403 200 3460; x_wconf 94' lang='lat' dir='ltr'><strong>et</strong></span> <span class='ocrx_word' id='word_1_377' title='bbox 219 3389 295 3460; x_wconf 92' lang='lat' dir='ltr'><strong>Deo</strong></span> <span class='ocrx_word' id='word_1_378' title='bbox 325 3389 453 3477; x_wconf 89' lang='lat' dir='ltr'><strong>gratias</strong></span> <span class='ocrx_word' id='word_1_379' title='bbox 482 3412 642 3479; x_wconf 89' lang='lat' dir='ltr'><strong>agamus,</strong></span> <span class='ocrx_word' id='word_1_380' title='bbox 681 3394 778 3482; x_wconf 91' lang='lat' dir='ltr'><strong>qnod</strong></span> <span class='ocrx_word' id='word_1_381' title='bbox 803 3392 909 3460; x_wconf 91' lang='lat' dir='ltr'><strong>talem</strong></span> <span class='ocrx_word' id='word_1_382' title='bbox 931 3395 1036 3463; x_wconf 88' lang='lat' dir='ltr'><strong>nobis</strong></span> <span class='ocrx_word' id='word_1_383' title='bbox 1059 3394 1158 3462; x_wconf 89' lang='lat' dir='ltr'><strong>dedit</strong></span> 
     </span>
     <span class='ocr_line' id='line_1_33' title="bbox 164 3488 1155 3585; baseline 0.003 -22"><span class='ocrx_word' id='word_1_384' title='bbox 164 3493 334 3582; x_wconf 86' lang='lat' dir='ltr'><strong>collegam</strong></span> <span class='ocrx_word' id='word_1_385' title='bbox 362 3504 395 3561; x_wconf 90' lang='lat' dir='ltr'><strong>et</strong></span> <span class='ocrx_word' id='word_1_386' title='bbox 417 3488 623 3561; x_wconf 90' lang='lat' dir='ltr'><strong>Doctorem:</strong></span> <span class='ocrx_word' id='word_1_387' title='bbox 658 3506 692 3561; x_wconf 90' lang='lat' dir='ltr'><strong>et</strong></span> <span class='ocrx_word' id='word_1_388' title='bbox 717 3494 827 3582; x_wconf 91' lang='lat' dir='ltr'><strong>ipsius</strong></span> <span class='ocrx_word' id='word_1_389' title='bbox 850 3489 1032 3585; x_wconf 89' lang='lat' dir='ltr'><strong>Crucigeri</strong></span> <span class='ocrx_word' id='word_1_390' title='bbox 1054 3495 1155 3566; x_wconf 92' lang='lat' dir='ltr'><strong>labo-</strong></span> 
     </span>
     <span class='ocr_line' id='line_1_34' title="bbox 164 3592 1152 3687; baseline 0.003 -25"><span class='ocrx_word' id='word_1_391' title='bbox 164 3593 263 3663; x_wconf 90' lang='lat' dir='ltr'><strong>ribus</strong></span> <span class='ocrx_word' id='word_1_392' title='bbox 280 3595 458 3677; x_wconf 87' lang='lat' dir='ltr'><strong>fruamur,</strong></span> <span class='ocrx_word' id='word_1_393' title='bbox 483 3604 518 3662; x_wconf 87' lang='lat' dir='ltr'><strong>ot</strong></span> <span class='ocrx_word' id='word_1_394' title='bbox 529 3592 621 3663; x_wconf 90' lang='lat' dir='ltr'><strong>vitae</strong></span> <span class='ocrx_word' id='word_1_395' title='bbox 638 3593 909 3686; x_wconf 86' lang='lat' dir='ltr'><strong>studiorumque</strong></span> <span class='ocrx_word' id='word_1_396' title='bbox 927 3597 1085 3687; x_wconf 81' lang='lat' dir='ltr'><strong>exempla</strong></span> <span class='ocrx_word' id='word_1_397' title='bbox 1101 3620 1152 3665; x_wconf 91' lang='lat' dir='ltr'><strong>se-</strong></span> 
     </span>
     <span class='ocr_line' id='line_1_35' title="bbox 163 3691 469 3789; baseline 0 -24"><span class='ocrx_word' id='word_1_398' title='bbox 163 3719 324 3789; x_wconf 86' lang='lat' dir='ltr'><strong>quamur.</strong></span> <span class='ocrx_word' id='word_1_399' title='bbox 375 3691 469 3765; x_wconf 80' lang='lat' dir='ltr'><strong>Dixi.</strong></span> 
     </span>
    </p>
   </div>
   <div class='ocr_carea' id='block_1_5' title="bbox 166 3949 1154 3961">
    <p class='ocr_par' dir='ltr' id='par_1_5' title="bbox 166 3949 1154 3961">
     <span class='ocr_line' id='line_1_36' title="bbox 166 3949 1154 3961; baseline 0 -2"><span class='ocrx_word' id='word_1_400' title='bbox 166 3949 590 3961; x_wconf 51' lang='lat' dir='ltr'><strong>mom-</strong></span> <span class='ocrx_word' id='word_1_401' title='bbox 599 3949 654 3957; x_wconf 65' lang='grc' dir='ltr'><strong>-ο-</strong></span> <span class='ocrx_word' id='word_1_402' title='bbox 666 3950 1101 3960; x_wconf 43' lang='grc' dir='ltr'><strong>-κΜα--ῇ-</strong></span> <span class='ocrx_word' id='word_1_403' title='bbox 1117 3949 1154 3959; x_wconf 82' lang='grc' dir='ltr'><strong>-ι-</strong></span> 
     </span>
    </p>
   </div>
   <div class='ocr_carea' id='block_1_6' title="bbox 963 4129 1129 4196">
    <p class='ocr_par' dir='ltr' id='par_1_6' title="bbox 963 4129 1129 4196">
     <span class='ocr_line' id='line_1_37' title="bbox 963 4129 1129 4196; baseline 0.024 -5"><span class='ocrx_word' id='word_1_404' title='bbox 963 4151 1012 4196; x_wconf 86' lang='lat' dir='ltr'><strong>an.</strong></span> <span class='ocrx_word' id='word_1_405' title='bbox 1035 4129 1129 4196; x_wconf 80' lang='lat'><strong>1549.</strong></span> 
     </span>
    </p>
   </div>
   <div class='ocr_carea' id='block_1_7' title="bbox 935 4220 1148 4258">
    <p class='ocr_par' dir='ltr' id='par_1_7' title="bbox 935 4220 1148 4258">
     <span class='ocr_line' id='line_1_38' title="bbox 935 4220 1148 4258; baseline 0.028 -6"><span class='ocrx_word' id='word_1_406' title='bbox 935 4220 1148 4258; x_wconf 53' lang='grc' dir='ltr'><strong><em>Μ</em></strong></span> 
     </span>
    </p>
   </div>
   <div class='ocr_carea' id='block_1_8' title="bbox 134 4121 342 4201">
    <p class='ocr_par' dir='ltr' id='par_1_8' title="bbox 134 4121 342 4201">
     <span class='ocr_line' id='line_1_39' title="bbox 134 4121 342 4201; baseline 0.005 -11"><span class='ocrx_word' id='word_1_407' title='bbox 134 4191 140 4201; x_wconf 67' lang='grc'><strong>,</strong></span> <span class='ocrx_word' id='word_1_408' title='bbox 164 4121 233 4193; x_wconf 86' lang='grc' dir='ltr'><strong>Νο.</strong></span> <span class='ocrx_word' id='word_1_409' title='bbox 257 4123 342 4194; x_wconf 88' lang='grc'><strong>106.</strong></span> 
     </span>
    </p>
   </div>
   <div class='ocr_carea' id='block_1_9' title="bbox 171 4216 343 4246">
    <p class='ocr_par' dir='ltr' id='par_1_9' title="bbox 171 4216 343 4246">
     <span class='ocr_line' id='line_1_40' title="bbox 171 4216 343 4246; baseline 0.012 -3"><span class='ocrx_word' id='word_1_410' title='bbox 171 4216 343 4246; x_wconf 57' lang='grc' dir='ltr'><strong>Μ</strong></span> 
     </span>
    </p>
   </div>
   <div class='ocr_carea' id='block_1_10' title="bbox 314 4338 1001 4454">
    <p class='ocr_par' dir='ltr' id='par_1_10' title="bbox 314 4338 1001 4454">
     <span class='ocr_line' id='line_1_41' title="bbox 314 4338 1001 4454; baseline 0.004 -32"><span class='ocrx_word' id='word_1_411' title='bbox 314 4338 391 4422; x_wconf 85' lang='lat' dir='ltr'><strong>De</strong></span> <span class='ocrx_word' id='word_1_412' title='bbox 424 4338 570 4424; x_wconf 82' lang='lat' dir='ltr'><strong>dieto:</strong></span> <span class='ocrx_word' id='word_1_413' title='bbox 610 4339 768 4454; x_wconf 79' lang='lat' dir='ltr'><strong>Typus</strong></span> <span class='ocrx_word' id='word_1_414' title='bbox 791 4351 887 4423; x_wconf 80' lang='lat' dir='ltr'><strong>esto</strong></span> <span class='ocrx_word' id='word_1_415' title='bbox 918 4351 1001 4425; x_wconf 82' lang='lat' dir='ltr'><strong>ete.</strong></span> 
     </span>
    </p>
   </div>
   <div class='ocr_carea' id='block_1_11' title="bbox 177 4515 1156 4799">
    <p class='ocr_par' dir='ltr' id='par_1_11' title="bbox 177 4515 1156 4799">
     <span class='ocr_line' id='line_1_42' title="bbox 177 4515 1156 4592; baseline 0.004 -20"><span class='ocrx_word' id='word_1_416' title='bbox 177 4575 180 4581; x_wconf 74' lang='grc'><em>,</em></span> <span class='ocrx_word' id='word_1_417' title='bbox 231 4519 263 4572; x_wconf 91' lang='lat' dir='ltr'><strong>ln</strong></span> <span class='ocrx_word' id='word_1_418' title='bbox 281 4516 332 4570; x_wconf 84' lang='lat' dir='ltr'><strong>sel.</strong></span> <span class='ocrx_word' id='word_1_419' title='bbox 355 4515 435 4572; x_wconf 77' lang='lat' dir='ltr'><strong>Dect.</strong></span> <span class='ocrx_word' id='word_1_420' title='bbox 454 4519 488 4573; x_wconf 86' lang='grc' dir='ltr'><strong>Τ.</strong></span> <span class='ocrx_word' id='word_1_421' title='bbox 502 4516 552 4573; x_wconf 86' lang='grc' dir='ltr'><strong>ΙΙΙ.</strong></span> <span class='ocrx_word' id='word_1_422' title='bbox 568 4518 749 4592; x_wconf 73' lang='lat' dir='ltr'><strong>p.4841qq.‚</strong></span> <span class='ocrx_word' id='word_1_423' title='bbox 778 4518 898 4575; x_wconf 79' lang='lat' dir='ltr'><strong>Riehard</strong></span> <span class='ocrx_word' id='word_1_424' title='bbox 919 4522 953 4576; x_wconf 86' lang='grc' dir='ltr'><strong>Τ.</strong></span> <span class='ocrx_word' id='word_1_425' title='bbox 969 4520 1017 4577; x_wconf 92' lang='lat' dir='ltr'><strong>lll.</strong></span> <span class='ocrx_word' id='word_1_426' title='bbox 1041 4540 1066 4592; x_wconf 88' lang='lat' dir='ltr'><strong>p.</strong></span> <span class='ocrx_word' id='word_1_427' title='bbox 1084 4522 1156 4590; x_wconf 74' lang='lat'><strong>478,</strong></span> 
     </span>
     <span class='ocr_line' id='line_1_43' title="bbox 263 4585 1153 4660; baseline 0.006 -21"><span class='ocrx_word' id='word_1_428' title='bbox 263 4587 380 4641; x_wconf 82' lang='lat' dir='ltr'><strong>Servert.</strong></span> <span class='ocrx_word' id='word_1_429' title='bbox 400 4587 436 4638; x_wconf 83' lang='lat' dir='ltr'><strong>T.</strong></span> <span class='ocrx_word' id='word_1_430' title='bbox 452 4585 499 4639; x_wconf 92' lang='lat' dir='ltr'><strong>lll.</strong></span> <span class='ocrx_word' id='word_1_431' title='bbox 536 4588 615 4641; x_wconf 72' lang='lat'><strong>.460‚</strong></span> <span class='ocrx_word' id='word_1_432' title='bbox 632 4594 659 4638; x_wconf 87' lang='lat' dir='ltr'><strong>el</strong></span> <span class='ocrx_word' id='word_1_433' title='bbox 676 4588 704 4640; x_wconf 90' lang='lat' dir='ltr'><strong>in</strong></span> <span class='ocrx_word' id='word_1_434' title='bbox 719 4591 808 4644; x_wconf 91' lang='lat' dir='ltr'><strong>Tomo</strong></span> <span class='ocrx_word' id='word_1_435' title='bbox 824 4589 870 4650; x_wconf 80' lang='lat' dir='ltr'><strong>lll,</strong></span> <span class='ocrx_word' id='word_1_436' title='bbox 896 4589 1007 4645; x_wconf 81' lang='lat' dir='ltr'><strong>Eriord.</strong></span> <span class='ocrx_word' id='word_1_437' title='bbox 1024 4590 1153 4660; x_wconf 71' lang='lat' dir='ltr'><strong>tit.·R,4.</strong></span> 
     </span>
     <span class='ocr_line' id='line_1_44' title="bbox 259 4604 1154 4735; baseline 0.009 -28"><span class='ocrx_word' id='word_1_438' title='bbox 259 4654 330 4708; x_wconf 87' lang='lat' dir='ltr'><strong>item</strong></span> <span class='ocrx_word' id='word_1_439' title='bbox 343 4654 372 4707; x_wconf 93' lang='lat' dir='ltr'><strong>in</strong></span> <span class='ocrx_word' id='word_1_440' title='bbox 389 4652 503 4725; x_wconf 81' lang='lat' dir='ltr'><strong>Georgii</strong></span> <span class='ocrx_word' id='word_1_441' title='bbox 517 4604 798 4735; x_wconf 56' lang='lat' dir='ltr'><strong>Erinciplshnbaltini</strong></span> <span class='ocrx_word' id='word_1_442' title='bbox 812 4659 994 4714; x_wconf 83' lang='lat' dir='ltr'><strong>concionibus</strong></span> <span class='ocrx_word' id='word_1_443' title='bbox 1007 4671 1033 4714; x_wconf 85' lang='lat' dir='ltr'><strong>et</strong></span> <span class='ocrx_word' id='word_1_444' title='bbox 1045 4662 1154 4732; x_wconf 77' lang='lat' dir='ltr'><strong>scriptis</strong></span> 
     </span>
     <span class='ocr_line' id='line_1_45' title="bbox 259 4720 1154 4799; baseline 0.009 -23"><span class='ocrx_word' id='word_1_445' title='bbox 259 4720 361 4794; x_wconf 66' lang='lat' dir='ltr'><strong>ples.</strong></span> <span class='ocrx_word' id='word_1_446' title='bbox 403 4726 449 4777; x_wconf 77' lang='lat' dir='ltr'><strong>list</strong></span> <span class='ocrx_word' id='word_1_447' title='bbox 467 4721 541 4776; x_wconf 84' lang='lat' dir='ltr'><strong>enim</strong></span> <span class='ocrx_word' id='word_1_448' title='bbox 562 4731 649 4775; x_wconf 80' lang='lat' dir='ltr'><strong>oratro</strong></span> <span class='ocrx_word' id='word_1_449' title='bbox 668 4727 813 4794; x_wconf 78' lang='lat' dir='ltr'><strong>synodica,</strong></span> <span class='ocrx_word' id='word_1_450' title='bbox 837 4745 921 4799; x_wconf 86' lang='lat' dir='ltr'><strong>quam</strong></span> <span class='ocrx_word' id='word_1_451' title='bbox 942 4729 1104 4783; x_wconf 82' lang='lat' dir='ltr'><strong>Melanthon</strong></span> <span class='ocrx_word' id='word_1_452' title='bbox 1127 4731 1154 4783; x_wconf 89' lang='lat' dir='ltr'><strong>in</strong></span> 
     </span>
    </p>
   </div>
   <div class='ocr_carea' id='block_1_12' title="bbox 260 4788 1153 4930">
    <p class='ocr_par' dir='ltr' id='par_1_12' title="bbox 260 4788 1153 4930">
     <span class='ocr_line' id='line_1_46' title="bbox 263 4788 1153 4870; baseline 0.009 -23"><span class='ocrx_word' id='word_1_453' title='bbox 263 4811 344 4847; x_wconf 87' lang='lat' dir='ltr'><strong>usum</strong></span> <span class='ocrx_word' id='word_1_454' title='bbox 359 4790 472 4864; x_wconf 86' lang='lat' dir='ltr'><strong>Georgii</strong></span> <span class='ocrx_word' id='word_1_455' title='bbox 484 4792 555 4844; x_wconf 76' lang='lat' dir='ltr'><strong>Aah.</strong></span> <span class='ocrx_word' id='word_1_456' title='bbox 572 4788 692 4860; x_wconf 76' lang='lat' dir='ltr'><strong>scripsit,</strong></span> <span class='ocrx_word' id='word_1_457' title='bbox 719 4796 798 4848; x_wconf 83' lang='lat' dir='ltr'><strong>missa</strong></span> <span class='ocrx_word' id='word_1_458' title='bbox 814 4795 837 4850; x_wconf 84' lang='lat' dir='ltr'><strong>ei</strong></span> <span class='ocrx_word' id='word_1_459' title='bbox 852 4798 878 4854; x_wconf 86' lang='lat' dir='ltr'><strong>d.</strong></span> <span class='ocrx_word' id='word_1_460' title='bbox 897 4797 1005 4852; x_wconf 82' lang='lat' dir='ltr'><strong>10.1un.</strong></span> <span class='ocrx_word' id='word_1_461' title='bbox 1025 4799 1153 4870; x_wconf 83' lang='lat' dir='ltr'><strong>(vid.Ep.</strong></span> 
     </span>
     <span class='ocr_line' id='line_1_47' title="bbox 260 4859 1025 4930; baseline 0.007 -14"><span class='ocrx_word' id='word_1_462' title='bbox 260 4864 293 4916; x_wconf 85' lang='lat' dir='ltr'><strong>ad</strong></span> <span class='ocrx_word' id='word_1_463' title='bbox 307 4860 427 4930; x_wconf 77' lang='lat' dir='ltr'><strong>Anbalt.)</strong></span> <span class='ocrx_word' id='word_1_464' title='bbox 442 4871 468 4914; x_wconf 86' lang='lat' dir='ltr'><strong>et</strong></span> <span class='ocrx_word' id='word_1_465' title='bbox 483 4879 498 4913; x_wconf 89' lang='lat' dir='ltr'><strong>a</strong></span> <span class='ocrx_word' id='word_1_466' title='bbox 514 4859 634 4929; x_wconf 80' lang='lat' dir='ltr'><strong>Georgia</strong></span> <span class='ocrx_word' id='word_1_467' title='bbox 648 4859 756 4916; x_wconf 81' lang='lat' dir='ltr'><strong>recitata</strong></span> <span class='ocrx_word' id='word_1_468' title='bbox 770 4863 797 4915; x_wconf 86' lang='lat' dir='ltr'><strong>d.</strong></span> <span class='ocrx_word' id='word_1_469' title='bbox 812 4864 853 4917; x_wconf 82' lang='lat'><strong>17.</strong></span> <span class='ocrx_word' id='word_1_470' title='bbox 869 4865 932 4925; x_wconf 90' lang='lat' dir='ltr'><strong>lun.</strong></span> <span class='ocrx_word' id='word_1_471' title='bbox 948 4867 1025 4925; x_wconf 78' lang='lat'><strong>1549.</strong></span> 
     </span>
    </p>
   </div>
   <div class='ocr_carea' id='block_1_13' title="bbox 161 5032 1154 5139">
    <p class='ocr_par' dir='ltr' id='par_1_13' title="bbox 161 5032 1154 5139">
     <span class='ocr_line' id='line_1_48' title="bbox 161 5032 1154 5139; baseline -0.005 -25"><span class='ocrx_word' id='word_1_472' title='bbox 161 5043 289 5115; x_wconf 77' lang='lat' dir='ltr'><strong>Oratio</strong></span> <span class='ocrx_word' id='word_1_473' title='bbox 308 5037 357 5109; x_wconf 82' lang='lat' dir='ltr'><strong>de</strong></span> <span class='ocrx_word' id='word_1_474' title='bbox 373 5040 514 5110; x_wconf 76' lang='lat' dir='ltr'><strong>Paula·</strong></span> <span class='ocrx_word' id='word_1_475' title='bbox 538 5033 640 5107; x_wconf 82' lang='lat' dir='ltr'><strong>dioto</strong></span> <span class='ocrx_word' id='word_1_476' title='bbox 655 5032 706 5106; x_wconf 86' lang='lat' dir='ltr'><strong>od</strong></span> <span class='ocrx_word' id='word_1_477' title='bbox 727 5037 886 5109; x_wconf 71' lang='lat' dir='ltr'><strong>Tirnotlr.</strong></span> <span class='ocrx_word' id='word_1_478' title='bbox 906 5043 1051 5136; x_wconf 81' lang='lat' dir='ltr'><strong>cop.4.:</strong></span> <span class='ocrx_word' id='word_1_479' title='bbox 1082 5040 1154 5139; x_wconf 71' lang='lat' dir='ltr'><strong>&#39;Tp-</strong></span> 
     </span>
    </p>
   </div>
   <div class='ocr_carea' id='block_1_14' title="bbox 1207 2984 2301 3460">
    <p class='ocr_par' dir='ltr' id='par_1_14' title="bbox 1208 2984 2301 3181">
     <span class='ocr_line' id='line_1_49' title="bbox 1208 2984 2200 3081; baseline 0.004 -28"><span class='ocrx_word' id='word_1_480' title='bbox 1208 2986 1387 3054; x_wconf 91' lang='lat' dir='ltr'><strong>vissimam</strong></span> <span class='ocrx_word' id='word_1_481' title='bbox 1410 2984 1515 3054; x_wconf 92' lang='lat' dir='ltr'><strong>Pauli</strong></span> <span class='ocrx_word' id='word_1_482' title='bbox 1536 2988 1637 3056; x_wconf 90' lang='lat' dir='ltr'><strong>vobis</strong></span> <span class='ocrx_word' id='word_1_483' title='bbox 1667 3010 1884 3077; x_wconf 91' lang='lat' dir='ltr'><strong>proponam,</strong></span> <span class='ocrx_word' id='word_1_484' title='bbox 1923 3013 2030 3081; x_wconf 91' lang='lat' dir='ltr'><strong>quam</strong></span> <span class='ocrx_word' id='word_1_485' title='bbox 2061 2987 2200 3078; x_wconf 89' lang='lat' dir='ltr'><strong>scripsit</strong></span> 
     </span>
     <span class='ocr_line' id='line_1_50' title="bbox 1208 3083 2301 3181; baseline 0.005 -27"><span class='ocrx_word' id='word_1_486' title='bbox 1208 3083 1265 3155; x_wconf 93' lang='lat' dir='ltr'><strong>his</strong></span> <span class='ocrx_word' id='word_1_487' title='bbox 1278 3087 1395 3154; x_wconf 87' lang='lat' dir='ltr'><strong>verbis</strong></span> <span class='ocrx_word' id='word_1_488' title='bbox 1409 3088 1453 3154; x_wconf 91' lang='lat' dir='ltr'><strong>ad</strong></span> <span class='ocrx_word' id='word_1_489' title='bbox 1472 3083 1713 3160; x_wconf 86' lang='lat' dir='ltr'><strong>Timotheum.</strong></span> <span class='ocrx_word' id='word_1_490' title='bbox 2245 3096 2248 3103; x_wconf 82' lang='grc'><strong>“</strong></span> <span class='ocrx_word' id='word_1_491' title='bbox 2298 3176 2301 3181; x_wconf 20' lang='lat'><em>¹</em></span> 
     </span>
    </p>

    <p class='ocr_par' dir='ltr' id='par_1_15' title="bbox 1207 3186 2200 3460">
     <span class='ocr_line' id='line_1_51' title="bbox 1310 3186 2199 3281; baseline 0.002 -25"><span class='ocrx_word' id='word_1_492' title='bbox 1310 3186 1435 3281; x_wconf 90' lang='lat' dir='ltr'><strong>Typus</strong></span> <span class='ocrx_word' id='word_1_493' title='bbox 1451 3201 1524 3256; x_wconf 88' lang='lat' dir='ltr'><strong>esto</strong></span> <span class='ocrx_word' id='word_1_494' title='bbox 1541 3189 1697 3258; x_wconf 91' lang='lat' dir='ltr'><strong>fidelium</strong></span> <span class='ocrx_word' id='word_1_495' title='bbox 1722 3190 1760 3257; x_wconf 92' lang='lat' dir='ltr'><strong>in</strong></span> <span class='ocrx_word' id='word_1_496' title='bbox 1781 3211 1963 3274; x_wconf 89' lang='lat' dir='ltr'><strong>sermone,</strong></span> <span class='ocrx_word' id='word_1_497' title='bbox 1994 3189 2033 3258; x_wconf 91' lang='lat' dir='ltr'><strong>in</strong></span> <span class='ocrx_word' id='word_1_498' title='bbox 2049 3208 2199 3260; x_wconf 90' lang='lat' dir='ltr'><strong>conver-</strong></span> 
     </span>
     <span class='ocr_line' id='line_1_52' title="bbox 1209 3288 2200 3380; baseline 0.005 -23"><span class='ocrx_word' id='word_1_499' title='bbox 1209 3288 1365 3375; x_wconf 89' lang='lat' dir='ltr'><strong>satione,</strong></span> <span class='ocrx_word' id='word_1_500' title='bbox 1391 3289 1430 3357; x_wconf 92' lang='lat' dir='ltr'><strong>in</strong></span> <span class='ocrx_word' id='word_1_501' title='bbox 1446 3289 1654 3376; x_wconf 89' lang='lat' dir='ltr'><strong>dilectione,</strong></span> <span class='ocrx_word' id='word_1_502' title='bbox 1682 3292 1721 3359; x_wconf 93' lang='lat' dir='ltr'><strong>in</strong></span> <span class='ocrx_word' id='word_1_503' title='bbox 1739 3290 1887 3380; x_wconf 90' lang='lat' dir='ltr'><strong>spiritu,</strong></span> <span class='ocrx_word' id='word_1_504' title='bbox 1914 3290 2056 3377; x_wconf 84' lang='lat' dir='ltr'><strong>infide,</strong></span> <span class='ocrx_word' id='word_1_505' title='bbox 2080 3292 2119 3362; x_wconf 91' lang='lat' dir='ltr'><strong>in</strong></span> <span class='ocrx_word' id='word_1_506' title='bbox 2142 3315 2200 3362; x_wconf 90' lang='lat' dir='ltr'><strong>ca-</strong></span> 
     </span>
     <span class='ocr_line' id='line_1_53' title="bbox 1207 3390 1335 3460; baseline 0.008 -1"><span class='ocrx_word' id='word_1_507' title='bbox 1207 3390 1335 3460; x_wconf 87' lang='lat' dir='ltr'><strong>stitate.</strong></span> 
     </span>
    </p>
   </div>
   <div class='ocr_carea' id='block_1_15' title="bbox 1309 3489 2286 3569">
    <p class='ocr_par' dir='ltr' id='par_1_16' title="bbox 1309 3489 2286 3569">
     <span class='ocr_line' id='line_1_54' title="bbox 1309 3489 2286 3569; baseline 0.002 -9"><span class='ocrx_word' id='word_1_508' title='bbox 1309 3490 1393 3560; x_wconf 91' lang='lat' dir='ltr'><strong>Non</strong></span> <span class='ocrx_word' id='word_1_509' title='bbox 1434 3493 1528 3561; x_wconf 89' lang='lat' dir='ltr'><strong>enim</strong></span> <span class='ocrx_word' id='word_1_510' title='bbox 1561 3495 1627 3563; x_wconf 93' lang='lat' dir='ltr'><strong>uni</strong></span> <span class='ocrx_word' id='word_1_511' title='bbox 1659 3489 1853 3563; x_wconf 86' lang='lat' dir='ltr'><strong>Timotheo</strong></span> <span class='ocrx_word' id='word_1_512' title='bbox 1886 3489 1972 3562; x_wconf 90' lang='lat' dir='ltr'><strong>haec</strong></span> <span class='ocrx_word' id='word_1_513' title='bbox 2004 3493 2200 3562; x_wconf 90' lang='lat' dir='ltr'><strong>admonitio</strong></span> <span class='ocrx_word' id='word_1_514' title='bbox 2280 3558 2286 3569; x_wconf 80' lang='grc'><em>,</em></span> 
     </span>
    </p>
   </div>
   <div class='ocr_carea' id='block_1_16' title="bbox 1205 3589 2285 5104">
    <p class='ocr_par' dir='ltr' id='par_1_17' title="bbox 1208 3589 2199 3886">
     <span class='ocr_line' id='line_1_55' title="bbox 1208 3589 2199 3684; baseline 0.003 -24"><span class='ocrx_word' id='word_1_515' title='bbox 1208 3593 1336 3683; x_wconf 89' lang='lat' dir='ltr'><strong>scripta</strong></span> <span class='ocrx_word' id='word_1_516' title='bbox 1351 3607 1419 3662; x_wconf 90' lang='lat' dir='ltr'><strong>est:</strong></span> <span class='ocrx_word' id='word_1_517' title='bbox 1447 3597 1508 3662; x_wconf 90' lang='lat' dir='ltr'><strong>sed</strong></span> <span class='ocrx_word' id='word_1_518' title='bbox 1522 3589 1608 3664; x_wconf 91' lang='lat' dir='ltr'><strong>haec</strong></span> <span class='ocrx_word' id='word_1_519' title='bbox 1624 3618 1691 3662; x_wconf 88' lang='lat' dir='ltr'><strong>vox</strong></span> <span class='ocrx_word' id='word_1_520' title='bbox 1701 3593 1854 3684; x_wconf 89' lang='lat' dir='ltr'><strong>Spiritus</strong></span> <span class='ocrx_word' id='word_1_521' title='bbox 1869 3595 1981 3664; x_wconf 91' lang='lat' dir='ltr'><strong>sancti</strong></span> <span class='ocrx_word' id='word_1_522' title='bbox 1997 3617 2120 3663; x_wconf 92' lang='lat' dir='ltr'><strong>omnes</strong></span> <span class='ocrx_word' id='word_1_523' title='bbox 2133 3617 2199 3684; x_wconf 91' lang='lat' dir='ltr'><strong>gu-</strong></span> 
     </span>
     <span class='ocr_line' id='line_1_56' title="bbox 1208 3690 2199 3766; baseline 0.001 -3"><span class='ocrx_word' id='word_1_524' title='bbox 1208 3695 1413 3764; x_wconf 88' lang='lat' dir='ltr'><strong>bernatores</strong></span> <span class='ocrx_word' id='word_1_525' title='bbox 1442 3707 1476 3761; x_wconf 91' lang='lat' dir='ltr'><strong>et</strong></span> <span class='ocrx_word' id='word_1_526' title='bbox 1498 3695 1659 3764; x_wconf 91' lang='lat' dir='ltr'><strong>doctores</strong></span> <span class='ocrx_word' id='word_1_527' title='bbox 1689 3695 1726 3761; x_wconf 91' lang='lat' dir='ltr'><strong>iu</strong></span> <span class='ocrx_word' id='word_1_528' title='bbox 1752 3708 1822 3764; x_wconf 92' lang='lat' dir='ltr'><strong>tota</strong></span> <span class='ocrx_word' id='word_1_529' title='bbox 1847 3690 2005 3766; x_wconf 84' lang='lat' dir='ltr'><strong>Ecclesia</strong></span> <span class='ocrx_word' id='word_1_530' title='bbox 2031 3696 2199 3766; x_wconf 91' lang='lat' dir='ltr'><strong>omnibus</strong></span> 
     </span>
     <span class='ocr_line' id='line_1_57' title="bbox 1208 3794 1653 3886; baseline -0.002 -23"><span class='ocrx_word' id='word_1_531' title='bbox 1208 3795 1427 3884; x_wconf 89' lang='lat' dir='ltr'><strong>temporibus</strong></span> <span class='ocrx_word' id='word_1_532' title='bbox 1449 3794 1653 3886; x_wconf 91' lang='lat' dir='ltr'><strong>alloquitur.</strong></span> 
     </span>
    </p>

    <p class='ocr_par' dir='ltr' id='par_1_18' title="bbox 1205 3890 2285 4898">
     <span class='ocr_line' id='line_1_58' title="bbox 1312 3890 2200 3985; baseline 0.001 -23"><span class='ocrx_word' id='word_1_533' title='bbox 1312 3890 1366 3964; x_wconf 82' lang='lat' dir='ltr'><strong>Ac</strong></span> <span class='ocrx_word' id='word_1_534' title='bbox 1390 3917 1528 3984; x_wconf 87' lang='lat' dir='ltr'><strong>semper</strong></span> <span class='ocrx_word' id='word_1_535' title='bbox 1555 3890 1718 3964; x_wconf 91' lang='lat' dir='ltr'><strong>homines</strong></span> <span class='ocrx_word' id='word_1_536' title='bbox 1747 3895 1923 3985; x_wconf 90' lang='lat' dir='ltr'><strong>sapientes</strong></span> <span class='ocrx_word' id='word_1_537' title='bbox 1951 3890 2019 3963; x_wconf 89' lang='lat' dir='ltr'><strong>hoc</strong></span> <span class='ocrx_word' id='word_1_538' title='bbox 2047 3894 2200 3963; x_wconf 91' lang='lat' dir='ltr'><strong>docendi</strong></span> 
     </span>
     <span class='ocr_line' id='line_1_59' title="bbox 1209 3995 2285 4084; baseline 0.002 -20"><span class='ocrx_word' id='word_1_539' title='bbox 1209 4017 1320 4084; x_wconf 89' lang='lat' dir='ltr'><strong>genus</strong></span> <span class='ocrx_word' id='word_1_540' title='bbox 1347 3995 1644 4084; x_wconf 86' lang='lat' dir='ltr'><strong>magnifecerunt,</strong></span> <span class='ocrx_word' id='word_1_541' title='bbox 1680 3999 1818 4066; x_wconf 89' lang='lat' dir='ltr'><strong>tradere</strong></span> <span class='ocrx_word' id='word_1_542' title='bbox 1849 3998 1974 4066; x_wconf 90' lang='lat' dir='ltr'><strong>breves</strong></span> <span class='ocrx_word' id='word_1_543' title='bbox 2001 3997 2202 4082; x_wconf 89' lang='lat' dir='ltr'><strong>sententias,</strong></span> <span class='ocrx_word' id='word_1_544' title='bbox 2281 4029 2285 4033; x_wconf 94' lang='lat'>·</span> 
     </span>
     <span class='ocr_line' id='line_1_60' title="bbox 1207 4093 2279 4190; baseline 0.001 -25"><span class='ocrx_word' id='word_1_545' title='bbox 1207 4096 1246 4165; x_wconf 91' lang='lat' dir='ltr'><strong>in</strong></span> <span class='ocrx_word' id='word_1_546' title='bbox 1264 4096 1394 4189; x_wconf 88' lang='lat' dir='ltr'><strong>quibus</strong></span> <span class='ocrx_word' id='word_1_547' title='bbox 1412 4095 1618 4188; x_wconf 90' lang='lat' dir='ltr'><strong>praecipuae</strong></span> <span class='ocrx_word' id='word_1_548' title='bbox 1633 4097 1780 4168; x_wconf 90' lang='lat' dir='ltr'><strong>virtutes</strong></span> <span class='ocrx_word' id='word_1_549' title='bbox 1795 4093 2082 4190; x_wconf 90' lang='lat' dir='ltr'><strong>comprehensae,</strong></span> <span class='ocrx_word' id='word_1_550' title='bbox 2107 4121 2201 4167; x_wconf 88' lang='lat' dir='ltr'><strong>sem·</strong></span> <span class='ocrx_word' id='word_1_551' title='bbox 2259 4140 2279 4166; x_wconf 70' lang='grc'><strong>.</strong></span> 
     </span>
     <span class='ocr_line' id='line_1_61' title="bbox 1207 4199 2200 4291; baseline -0.001 -23"><span class='ocrx_word' id='word_1_552' title='bbox 1207 4221 1271 4291; x_wconf 90' lang='lat' dir='ltr'><strong>per</strong></span> <span class='ocrx_word' id='word_1_553' title='bbox 1293 4199 1334 4266; x_wconf 92' lang='lat' dir='ltr'><strong>in</strong></span> <span class='ocrx_word' id='word_1_554' title='bbox 1359 4212 1550 4290; x_wconf 90' lang='lat' dir='ltr'><strong>conspectu</strong></span> <span class='ocrx_word' id='word_1_555' title='bbox 1573 4208 1704 4281; x_wconf 86' lang='lat' dir='ltr'><strong>essent,</strong></span> <span class='ocrx_word' id='word_1_556' title='bbox 1731 4215 1772 4271; x_wconf 86' lang='lat' dir='ltr'><strong>nt</strong></span> <span class='ocrx_word' id='word_1_557' title='bbox 1793 4201 1839 4268; x_wconf 93' lang='lat' dir='ltr'><strong>ad</strong></span> <span class='ocrx_word' id='word_1_558' title='bbox 1863 4201 1947 4270; x_wconf 86' lang='lat' dir='ltr'><strong>talia</strong></span> <span class='ocrx_word' id='word_1_559' title='bbox 1971 4200 2085 4284; x_wconf 93' lang='lat' dir='ltr'><strong>dicta,</strong></span> <span class='ocrx_word' id='word_1_560' title='bbox 2120 4213 2200 4270; x_wconf 88' lang='lat' dir='ltr'><strong>tan-</strong></span> 
     </span>
     <span class='ocr_line' id='line_1_62' title="bbox 1208 4297 2201 4395; baseline 0.001 -25"><span class='ocrx_word' id='word_1_561' title='bbox 1208 4324 1314 4395; x_wconf 89' lang='lat' dir='ltr'><strong>quam</strong></span> <span class='ocrx_word' id='word_1_562' title='bbox 1333 4301 1377 4370; x_wconf 92' lang='lat' dir='ltr'><strong>ad</strong></span> <span class='ocrx_word' id='word_1_563' title='bbox 1394 4324 1554 4370; x_wconf 92' lang='lat' dir='ltr'><strong>normam</strong></span> <span class='ocrx_word' id='word_1_564' title='bbox 1575 4303 1645 4372; x_wconf 93' lang='lat' dir='ltr'><strong>vita</strong></span> <span class='ocrx_word' id='word_1_565' title='bbox 1665 4315 1699 4372; x_wconf 90' lang='lat' dir='ltr'><strong>et</strong></span> <span class='ocrx_word' id='word_1_566' title='bbox 1717 4303 1832 4372; x_wconf 89' lang='lat' dir='ltr'><strong>studia</strong></span> <span class='ocrx_word' id='word_1_567' title='bbox 1851 4303 2100 4391; x_wconf 89' lang='lat' dir='ltr'><strong>dirigerentur.</strong></span> <span class='ocrx_word' id='word_1_568' title='bbox 2151 4297 2201 4371; x_wconf 88' lang='lat' dir='ltr'><strong>Et</strong></span> 
     </span>
     <span class='ocr_line' id='line_1_63' title="bbox 1206 4397 2207 4494; baseline 0.002 -23"><span class='ocrx_word' id='word_1_569' title='bbox 1206 4398 1275 4472; x_wconf 90' lang='lat' dir='ltr'><strong>hoc</strong></span> <span class='ocrx_word' id='word_1_570' title='bbox 1298 4403 1376 4494; x_wconf 86' lang='lat' dir='ltr'><strong>ipso</strong></span> <span class='ocrx_word' id='word_1_571' title='bbox 1401 4403 1522 4493; x_wconf 88' lang='lat' dir='ltr'><strong>generi</strong></span> <span class='ocrx_word' id='word_1_572' title='bbox 1545 4404 1697 4476; x_wconf 90' lang='lat' dir='ltr'><strong>docendi</strong></span> <span class='ocrx_word' id='word_1_573' title='bbox 1722 4399 1940 4494; x_wconf 87' lang='lat' dir='ltr'><strong>Prophetae,</strong></span> <span class='ocrx_word' id='word_1_574' title='bbox 1975 4397 2139 4474; x_wconf 86' lang='lat' dir='ltr'><strong>Christus</strong></span> <span class='ocrx_word' id='word_1_575' title='bbox 2165 4417 2207 4494; x_wconf 82' lang='lat' dir='ltr'><strong>et</strong></span> 
     </span>
     <span class='ocr_line' id='line_1_64' title="bbox 1208 4501 2199 4598; baseline -0.002 -23"><span class='ocrx_word' id='word_1_576' title='bbox 1208 4501 1373 4596; x_wconf 83' lang='lat' dir='ltr'><strong>Apostoli</strong></span> <span class='ocrx_word' id='word_1_577' title='bbox 1387 4506 1539 4576; x_wconf 92' lang='lat' dir='ltr'><strong>multum</strong></span> <span class='ocrx_word' id='word_1_578' title='bbox 1555 4521 1588 4575; x_wconf 92' lang='lat' dir='ltr'><strong>et</strong></span> <span class='ocrx_word' id='word_1_579' title='bbox 1605 4531 1704 4597; x_wconf 84' lang='lat' dir='ltr'><strong>saepe</strong></span> <span class='ocrx_word' id='word_1_580' title='bbox 1724 4508 1779 4576; x_wconf 92' lang='lat' dir='ltr'><strong>usi</strong></span> <span class='ocrx_word' id='word_1_581' title='bbox 1797 4520 1897 4577; x_wconf 86' lang='lat' dir='ltr'><strong>sunt:</strong></span> <span class='ocrx_word' id='word_1_582' title='bbox 1934 4507 2030 4598; x_wconf 90' lang='lat' dir='ltr'><strong>quod</strong></span> <span class='ocrx_word' id='word_1_583' title='bbox 2054 4506 2199 4597; x_wconf 91' lang='lat' dir='ltr'><strong>quidem</strong></span> 
     </span>
     <span class='ocr_line' id='line_1_65' title="bbox 1208 4603 2249 4679; baseline -0.002 -4"><span class='ocrx_word' id='word_1_584' title='bbox 1208 4607 1446 4677; x_wconf 88' lang='lat' dir='ltr'><strong>consideranti</strong></span> <span class='ocrx_word' id='word_1_585' title='bbox 1473 4608 1767 4677; x_wconf 89' lang='lat' dir='ltr'><strong>iucundissimum</strong></span> <span class='ocrx_word' id='word_1_586' title='bbox 1795 4621 1857 4679; x_wconf 89' lang='lat' dir='ltr'><strong>est.</strong></span> <span class='ocrx_word' id='word_1_587' title='bbox 1916 4603 2075 4677; x_wconf 90' lang='lat' dir='ltr'><strong>Delectat</strong></span> <span class='ocrx_word' id='word_1_588' title='bbox 2102 4607 2198 4674; x_wconf 91' lang='lat' dir='ltr'><strong>enim</strong></span> <span class='ocrx_word' id='word_1_589' title='bbox 2247 4648 2249 4652; x_wconf 92' lang='lat'><em>-</em></span> 
     </span>
     <span class='ocr_line' id='line_1_66' title="bbox 1207 4703 2201 4800; baseline 0.001 -25"><span class='ocrx_word' id='word_1_590' title='bbox 1207 4709 1327 4777; x_wconf 90' lang='lat' dir='ltr'><strong>videre</strong></span> <span class='ocrx_word' id='word_1_591' title='bbox 1344 4721 1512 4799; x_wconf 90' lang='lat' dir='ltr'><strong>tanquam</strong></span> <span class='ocrx_word' id='word_1_592' title='bbox 1529 4708 1566 4774; x_wconf 93' lang='lat' dir='ltr'><strong>in</strong></span> <span class='ocrx_word' id='word_1_593' title='bbox 1583 4710 1709 4778; x_wconf 89' lang='lat' dir='ltr'><strong>tabella</strong></span> <span class='ocrx_word' id='word_1_594' title='bbox 1728 4711 1836 4800; x_wconf 88' lang='lat' dir='ltr'><strong>pictas</strong></span> <span class='ocrx_word' id='word_1_595' title='bbox 1849 4704 2019 4796; x_wconf 86' lang='lat' dir='ltr'><strong>imagines</strong></span> <span class='ocrx_word' id='word_1_596' title='bbox 2032 4703 2201 4797; x_wconf 89' lang='lat' dir='ltr'><strong>pulcher-</strong></span> 
     </span>
     <span class='ocr_line' id='line_1_67' title="bbox 1205 4807 2121 4898; baseline -0.001 -20"><span class='ocrx_word' id='word_1_597' title='bbox 1205 4811 1377 4878; x_wconf 91' lang='lat' dir='ltr'><strong>rimarum</strong></span> <span class='ocrx_word' id='word_1_598' title='bbox 1394 4807 1568 4878; x_wconf 89' lang='lat' dir='ltr'><strong>virtutum</strong></span> <span class='ocrx_word' id='word_1_599' title='bbox 1586 4824 1619 4879; x_wconf 88' lang='lat' dir='ltr'><strong>et</strong></span> <span class='ocrx_word' id='word_1_600' title='bbox 1636 4811 1815 4879; x_wconf 90' lang='lat' dir='ltr'><strong>bonorum</strong></span> <span class='ocrx_word' id='word_1_601' title='bbox 1831 4809 2121 4898; x_wconf 87' lang='lat' dir='ltr'><strong>gubernatorum.</strong></span> 
     </span>
    </p>

    <p class='ocr_par' dir='ltr' id='par_1_19' title="bbox 1205 4906 2200 5104">
     <span class='ocr_line' id='line_1_68' title="bbox 1306 4906 2199 5001; baseline 0.001 -24"><span class='ocrx_word' id='word_1_602' title='bbox 1306 4906 1355 4978; x_wconf 91' lang='lat' dir='ltr'><strong>Et</strong></span> <span class='ocrx_word' id='word_1_603' title='bbox 1371 4923 1515 5001; x_wconf 87' lang='lat' dir='ltr'><strong>propter</strong></span> <span class='ocrx_word' id='word_1_604' title='bbox 1528 4911 1736 4982; x_wconf 89' lang='lat' dir='ltr'><strong>brevitatem</strong></span> <span class='ocrx_word' id='word_1_605' title='bbox 1752 4910 1891 4997; x_wconf 83' lang='lat' dir='ltr'><strong>facilius</strong></span> <span class='ocrx_word' id='word_1_606' title='bbox 1906 4909 2103 4999; x_wconf 85' lang='lat' dir='ltr'><strong>infiguntur</strong></span> <span class='ocrx_word' id='word_1_607' title='bbox 2120 4910 2199 4979; x_wconf 91' lang='lat' dir='ltr'><strong>ani-</strong></span> 
     </span>
     <span class='ocr_line' id='line_1_69' title="bbox 1205 5011 2200 5104; baseline 0.001 -25"><span class='ocrx_word' id='word_1_608' title='bbox 1205 5012 1291 5096; x_wconf 91' lang='lat' dir='ltr'><strong>mis,</strong></span> <span class='ocrx_word' id='word_1_609' title='bbox 1317 5024 1359 5081; x_wconf 90' lang='lat' dir='ltr'><strong>ut</strong></span> <span class='ocrx_word' id='word_1_610' title='bbox 1372 5035 1409 5080; x_wconf 90' lang='lat' dir='ltr'><strong>se</strong></span> <span class='ocrx_word' id='word_1_611' title='bbox 1423 5013 1562 5104; x_wconf 89' lang='lat' dir='ltr'><strong>saepius</strong></span> <span class='ocrx_word' id='word_1_612' title='bbox 1576 5014 1726 5086; x_wconf 87' lang='lat' dir='ltr'><strong>offerant</strong></span> <span class='ocrx_word' id='word_1_613' title='bbox 1744 5014 1782 5081; x_wconf 92' lang='lat' dir='ltr'><strong>in</strong></span> <span class='ocrx_word' id='word_1_614' title='bbox 1797 5011 2132 5098; x_wconf 87' lang='lat' dir='ltr'><strong>deliberationibus,</strong></span> <span class='ocrx_word' id='word_1_615' title='bbox 2164 5027 2200 5081; x_wconf 88' lang='lat' dir='ltr'><strong>et</strong></span> 
     </span>
    </p>
   </div>
   <div class='ocr_carea' id='block_1_17' title="bbox 158 5114 2198 5512">
    <p class='ocr_par' dir='ltr' id='par_1_20' title="bbox 158 5114 2198 5512">
     <span class='ocr_line' id='line_1_70' title="bbox 1206 5114 2198 5203; baseline -0.001 -22"><span class='ocrx_word' id='word_1_616' title='bbox 1206 5136 1326 5183; x_wconf 92' lang='lat' dir='ltr'><strong>earum</strong></span> <span class='ocrx_word' id='word_1_617' title='bbox 1361 5116 1559 5185; x_wconf 86' lang='lat' dir='ltr'><strong>recordatio</strong></span> <span class='ocrx_word' id='word_1_618' title='bbox 1594 5117 1687 5186; x_wconf 90' lang='lat' dir='ltr'><strong>vitae</strong></span> <span class='ocrx_word' id='word_1_619' title='bbox 1720 5130 1753 5185; x_wconf 87' lang='lat' dir='ltr'><strong>et</strong></span> <span class='ocrx_word' id='word_1_620' title='bbox 1786 5114 1966 5185; x_wconf 91' lang='lat' dir='ltr'><strong>actionum</strong></span> <span class='ocrx_word' id='word_1_621' title='bbox 1993 5116 2114 5203; x_wconf 90' lang='lat' dir='ltr'><strong>regula</strong></span> <span class='ocrx_word' id='word_1_622' title='bbox 2141 5114 2198 5181; x_wconf 89' lang='lat' dir='ltr'><strong>sit.</strong></span> 
     </span>
     <span class='ocr_line' id='line_1_71' title="bbox 1206 5213 2197 5307; baseline -0.003 -22"><span class='ocrx_word' id='word_1_623' title='bbox 1206 5213 1327 5302; x_wconf 88' lang='lat' dir='ltr'><strong>Quare</strong></span> <span class='ocrx_word' id='word_1_624' title='bbox 1353 5230 1386 5286; x_wconf 92' lang='lat' dir='ltr'><strong>et</strong></span> <span class='ocrx_word' id='word_1_625' title='bbox 1413 5217 1543 5286; x_wconf 91' lang='lat' dir='ltr'><strong>summi</strong></span> <span class='ocrx_word' id='word_1_626' title='bbox 1563 5214 1678 5307; x_wconf 88' lang='lat' dir='ltr'><strong>Reges</strong></span> <span class='ocrx_word' id='word_1_627' title='bbox 1700 5243 1739 5286; x_wconf 92' lang='lat' dir='ltr'><strong>ac</strong></span> <span class='ocrx_word' id='word_1_628' title='bbox 1762 5214 1946 5307; x_wconf 90' lang='lat' dir='ltr'><strong>Principes</strong></span> <span class='ocrx_word' id='word_1_629' title='bbox 1966 5216 2035 5286; x_wconf 87' lang='lat' dir='ltr'><strong>sibi</strong></span> <span class='ocrx_word' id='word_1_630' title='bbox 2057 5229 2091 5284; x_wconf 88' lang='lat' dir='ltr'><strong>et</strong></span> <span class='ocrx_word' id='word_1_631' title='bbox 2116 5215 2197 5282; x_wconf 88' lang='lat' dir='ltr'><strong>aliis</strong></span> 
     </span>
     <span class='ocr_line' id='line_1_72' title="bbox 159 5294 2198 5410; baseline 0 -28"><span class='ocrx_word' id='word_1_632' title='bbox 159 5294 259 5382; x_wconf 66' lang='lat' dir='ltr'><strong>(inm</strong></span> <span class='ocrx_word' id='word_1_633' title='bbox 292 5311 351 5402; x_wconf 92' lang='lat' dir='ltr'><strong>pio</strong></span> <span class='ocrx_word' id='word_1_634' title='bbox 373 5308 490 5380; x_wconf 89' lang='lat' dir='ltr'><strong>studio</strong></span> <span class='ocrx_word' id='word_1_635' title='bbox 515 5321 661 5400; x_wconf 91' lang='lat' dir='ltr'><strong>propter</strong></span> <span class='ocrx_word' id='word_1_636' title='bbox 691 5309 984 5379; x_wconf 89' lang='lat' dir='ltr'><strong>consuetudinem</strong></span> <span class='ocrx_word' id='word_1_637' title='bbox 1013 5311 1154 5404; x_wconf 88' lang='lat' dir='ltr'><strong>aliquot</strong></span> <span class='ocrx_word' id='word_1_638' title='bbox 1206 5316 1289 5387; x_wconf 93' lang='lat' dir='ltr'><strong>talia</strong></span> <span class='ocrx_word' id='word_1_639' title='bbox 1308 5317 1428 5387; x_wconf 90' lang='lat' dir='ltr'><strong>brevia</strong></span> <span class='ocrx_word' id='word_1_640' title='bbox 1454 5333 1636 5409; x_wconf 88' lang='lat' dir='ltr'><strong>praecepta</strong></span> <span class='ocrx_word' id='word_1_641' title='bbox 1662 5345 1704 5388; x_wconf 79' lang='lat' dir='ltr'><strong>ex</strong></span> <span class='ocrx_word' id='word_1_642' title='bbox 1727 5319 1924 5410; x_wconf 88' lang='lat' dir='ltr'><strong>sapientum</strong></span> <span class='ocrx_word' id='word_1_643' title='bbox 1952 5316 2053 5386; x_wconf 90' lang='lat' dir='ltr'><strong>libris</strong></span> <span class='ocrx_word' id='word_1_644' title='bbox 2076 5315 2198 5400; x_wconf 89' lang='lat' dir='ltr'><strong>electa,</strong></span> 
     </span>
     <span class='ocr_line' id='line_1_73' title="bbox 158 5410 2196 5512; baseline -0.007 -12"><span class='ocrx_word' id='word_1_645' title='bbox 158 5435 354 5499; x_wconf 55' lang='lat' dir='ltr'><strong>mmmm,</strong></span> <span class='ocrx_word' id='word_1_646' title='bbox 391 5435 479 5506; x_wconf 85' lang='lat' dir='ltr'><strong>quae</strong></span> <span class='ocrx_word' id='word_1_647' title='bbox 495 5411 538 5481; x_wconf 93' lang='lat' dir='ltr'><strong>ad</strong></span> <span class='ocrx_word' id='word_1_648' title='bbox 555 5434 763 5482; x_wconf 87' lang='lat' dir='ltr'><strong>consensum</strong></span> <span class='ocrx_word' id='word_1_649' title='bbox 781 5413 827 5482; x_wconf 89' lang='lat' dir='ltr'><strong>de</strong></span> <span class='ocrx_word' id='word_1_650' title='bbox 845 5410 1007 5482; x_wconf 91' lang='lat' dir='ltr'><strong>doctrina</strong></span> <span class='ocrx_word' id='word_1_651' title='bbox 1026 5412 1063 5483; x_wconf 91' lang='lat' dir='ltr'><strong>in</strong></span> <span class='ocrx_word' id='word_1_652' title='bbox 1082 5411 1153 5484; x_wconf 87' lang='lat' dir='ltr'><strong>Ec·</strong></span> <span class='ocrx_word' id='word_1_653' title='bbox 1205 5441 1308 5511; x_wconf 85' lang='lat' dir='ltr'><strong>saepe</strong></span> <span class='ocrx_word' id='word_1_654' title='bbox 1323 5419 1635 5512; x_wconf 86' lang='lat' dir='ltr'><strong>praescripserunt.</strong></span> <span class='ocrx_word' id='word_1_655' title='bbox 1688 5418 1981 5510; x_wconf 88' lang='lat' dir='ltr'><strong>SicotAngostus</strong></span> <span class='ocrx_word' id='word_1_656' title='bbox 1997 5414 2196 5507; x_wconf 88' lang='lat' dir='ltr'><strong>saepeMa-</strong></span> 
     </span>
    </p>
   </div>
   <div class='ocr_carea' id='block_1_18' title="bbox 292 5136 1004 5237">
    <p class='ocr_par' dir='ltr' id='par_1_21' title="bbox 292 5136 1004 5237">
     <span class='ocr_line' id='line_1_74' title="bbox 292 5136 1004 5237; baseline 0.007 -25"><span class='ocrx_word' id='word_1_657' title='bbox 292 5163 365 5234; x_wconf 78' lang='lat' dir='ltr'><strong>pua</strong></span> <span class='ocrx_word' id='word_1_658' title='bbox 389 5149 467 5213; x_wconf 84' lang='lat' dir='ltr'><strong>esto</strong></span> <span class='ocrx_word' id='word_1_659' title='bbox 487 5136 661 5237; x_wconf 72' lang='lat' dir='ltr'><strong>fidelitas</strong></span> <span class='ocrx_word' id='word_1_660' title='bbox 680 5141 721 5209; x_wconf 79' lang='lat' dir='ltr'><strong>in</strong></span> <span class='ocrx_word' id='word_1_661' title='bbox 739 5161 909 5213; x_wconf 60' lang='lat' dir='ltr'><strong>samone</strong></span> <span class='ocrx_word' id='word_1_662' title='bbox 932 5154 1004 5216; x_wconf 82' lang='lat' dir='ltr'><strong>ete.</strong></span> 
     </span>
    </p>
   </div>
   <div class='ocr_carea' id='block_1_19' title="bbox 0 0 2370 6025">
    <p class='ocr_par' dir='ltr' id='par_1_22' title="bbox 0 0 2370 6025">
     <span class='ocr_line' id='line_1_75' title="bbox 0 0 2370 6025; baseline 0 0"><span class='ocrx_word' id='word_1_663' title='bbox 0 0 2370 6025; x_wconf 95' lang='lat' dir='ltr'><strong> </strong></span> 
     </span>
    </p>
   </div>
  </div>
 </body>
</html>
