4732 6030
181 233 255 310 109
547 268 556 274 ι
636 226 798 303 naor.
842 172 899 303 m
936 221 1177 346 LAUDuM
1215 215 1421 296 Novau
1462 221 1747 305 sonorae.
2135 229 2210 303 110

176 402 366 478 hominum
388 404 506 476 studia
527 405 570 473 ad
598 403 826 486 discendum,
856 400 1036 494 praeclare
1056 423 1169 469 mere-
1220 393 1385 464 Pontifex
1399 395 1637 486 interrogans,
1663 401 1788 492 quanti
1803 417 1959 474 ornasset
1974 402 2124 486 librum,
2150 403 2209 470 ni-

178 507 308 579 bimini
332 508 485 597 primum
510 508 555 574 de
581 505 722 595 patria,
748 518 781 575 et
806 506 850 572 de
880 502 1017 572 exteris.
1077 498 1168 571 Cum
1221 491 1274 563 hil
1295 509 1432 586 praeter
1456 519 1515 566 eos
1536 514 1698 591 sumptus
1728 505 1911 594 rependit,
1942 503 2041 574 nulla
2064 499 2208 572 authori

179 609 280 680 vobis
307 603 521 678 authoribus
542 622 634 677 recte
658 605 766 676 luerit
800 605 961 674 instituta
993 605 1169 686 iuventus,
1219 620 1284 687 pro
1308 598 1506 683 laboribus,
1540 624 1629 692 quos
1650 602 1688 672 in
1704 604 1902 674 difficilimo
1917 630 2023 697 opere
2036 606 2207 674 vertendo

176 708 352 802 praesidio
375 709 508 801 patriae
531 711 614 779 erit:
648 707 844 777 nonenim
866 706 940 776 ulla
964 726 1168 796 propugna-
1219 693 1443 784 exhauserat,
1470 701 1606 771 reddita
1624 728 1767 777 merces.
1816 705 1930 777 Porro
1947 709 1990 777 ad
2008 707 2208 796 exemplum

175 812 275 897 cula,
313 824 373 880 aut
406 811 545 881 moenia
578 810 733 879 firmiora
766 809 911 878 urbium
937 820 1167 877 monumenta
1219 801 1417 891 pertinebat
1444 803 1616 894 ampliora
1640 809 1794 897 praemia
1820 809 1916 892 dari,
1947 808 2003 877 vel
2025 832 2093 899 pro
2113 809 2207 878 libro

176 927 276 999 sunt,
307 937 413 1006 quam
433 912 652 996 eruditione,
686 911 872 1001 prudentia
901 921 935 979 et
955 909 1034 978 aliis
1053 909 1167 978 virtu·
1219 927 1292 970 non
1318 905 1463 993 perinde
1493 906 1574 974 utili
1597 919 1638 976 ut
1664 909 1723 978 ille
1745 921 1830 983 erat.
1887 909 1956 981 Sed
1983 934 2048 979 uec
2073 910 2208 981 utilitas

174 1016 272 1085 tibus
285 1015 436 1104 praediti
452 1015 556 1084 cives.
609 1012 803 1104 Spartanus
820 1011 928 1095 dixit,
957 1034 1078 1080 muros
1104 1011 1167 1078 de-
1218 1004 1333 1095 operis
1359 1005 1534 1095 permovit
1556 1005 1760 1079 Pontificem
1784 1014 1828 1081 ad
1851 1011 2105 1082 remetiendam
2128 1035 2208 1101 gra·

174 1117 259 1186 bere
274 1118 408 1185 ferreos
423 1136 516 1200 esse,
541 1139 614 1183 non
631 1137 762 1185 saxeos.
812 1109 888 1201 Ego
904 1136 1077 1180 veronon
1094 1124 1165 1180 tam
1218 1106 1304 1174 tiam
1321 1106 1532 1176 uberiorem.
1565 1107 1634 1178 Sed
1648 1125 1832 1203 postquam
1843 1111 2133 1185 Florentinorum
2145 1115 2208 1183 be-

173 1218 303 1300 armi„
336 1241 441 1313 quam
466 1217 673 1307 prudentia,
708 1214 951 1284 moderatione
980 1226 1014 1283 et
1038 1213 1165 1304 pietate
1218 1206 1342 1277 nelicio
1358 1201 1526 1278 honestae
1547 1222 1639 1280 artes
1660 1212 1871 1296 reviviscere
1892 1240 2055 1309 coepere,
2080 1239 2207 1305 magna

174 1318 322 1389 defendi
344 1317 517 1389 existimo.
574 1316 714 1387 Deinde
737 1315 928 1406 pertinebit
948 1309 1015 1384 hoc
1033 1314 1166 1385 benefi-
1218 1308 1351 1378 utilitas
1372 1309 1455 1378 inde
1469 1311 1514 1378 ad
1531 1334 1651 1380 omnes
1667 1328 1788 1402 gentes
1804 1316 1959 1387 derivata
1977 1334 2045 1402 est,
2075 1319 2208 1387 multo-
2235 1376 2238 1381 .

107 1496 110 1500 ,
174 1420 272 1490 cium
292 1433 444 1489 vestrum
462 1421 505 1488 ad
522 1420 694 1512 reliquam
705 1414 953 1501 Germaniam,
980 1440 1070 1510 quae
1082 1411 1166 1501 huc,
1217 1434 1297 1479 rum
1316 1411 1448 1503 ubique
1472 1412 1618 1482 excitata
1639 1429 1723 1485 sunt
1745 1417 1905 1505 ingenia,
1930 1420 1973 1488 ad
1993 1419 2206 1510 optimarum

176 1524 289 1590 modo
313 1522 426 1591 faveat
441 1518 538 1591 Dens
559 1523 718 1611 incepto,
750 1520 975 1589 excolendam
997 1518 1166 1587 erudien-
1217 1535 1335 1581 rerum
1359 1513 1527 1586 studium.
1578 1512 1668 1582 Nam
1686 1529 1721 1586 et
1737 1516 1885 1588 Latinos
1908 1517 2071 1595 homiues
2092 1519 2207 1590 Grae·

173 1624 327 1715 damque
350 1623 588 1702 inventutem,
623 1623 772 1691 missura
796 1623 952 1700 videtur,
988 1634 1022 1691 et
1044 1642 1103 1689 eos
1125 1621 1171 1688 in
1217 1637 1339 1683 corum
1363 1615 1551 1684 aemulatio
1581 1617 1624 1685 ad
1648 1619 1798 1708 patriam
1823 1622 1981 1711 lingnam
2005 1622 2207 1692 instauran-

171 1722 298 1814 primis
314 1724 461 1793 idoneos
477 1726 520 1792 ad
536 1723 771 1793 moderandas
784 1720 1015 1814 Respublicas
1029 1721 1164 1790 iudica·
1217 1717 1318 1798 dam,
1349 1739 1440 1808 quae
1463 1739 1552 1806 pene
1575 1716 1736 1790 funditus
1759 1722 1911 1814 collapsa
1937 1738 2030 1808 erat,
2056 1724 2208 1794 extimu-

171 1825 244 1907 bit,
270 1825 386 1917 quiin
403 1819 808 1917 hacurbetanquamin
827 1825 912 1893 ludo
935 1826 978 1890 ad
998 1823 1164 1891 virtutem
1217 1816 1316 1888 lavit.
1366 1814 1409 1885 In
1423 1817 1574 1886 urbibus
1596 1819 1687 1908 leges
1713 1824 1875 1910 publicae
1895 1827 2099 1894 emendatae
2113 1838 2208 1909 sunt,

171 1925 348 2008 instituti,
388 1940 421 1995 et
454 1926 638 1995 assuefacti
671 1924 814 1994 fuerint.
875 1916 1026 1991 Vehitur
1058 1915 1166 1991 huius
1217 1917 1371 2007 denique
1392 1931 1581 2007 expurgata
1604 1921 1745 2010 religio,
1770 1950 1859 2016 quae
1876 1927 2010 1997 iacebat
2025 1944 2107 1997 ante
2129 1952 2207 1996 mo-

171 2026 274 2096 urbis
288 2049 419 2094 nornen
435 2025 582 2094 summis
592 2025 775 2109 laudibus,
798 2025 842 2092 ab
858 2016 1057 2115 hospitibus
1069 2023 1162 2112 apud
1197 2013 1410 2086 'nachorum
1432 2019 1581 2088 somniis
1602 2022 1729 2093 'obruta
1756 2040 1791 2095 et
1813 2052 1990 2118 oppressa.
2056 2026 2139 2117 Qua
2161 2030 2206 2099 de

171 2142 331 2210 exteros,
359 2141 392 2196 et
414 2141 529 2195 vestro
547 2126 716 2199 beneficio
743 2124 925 2194 devinctos
941 2125 1079 2193 animos
1099 2118 1164 2192 ho·
1216 2143 1254 2187 re
1269 2142 1471 2212 quanquam
1488 2121 1624 2192 variant
1633 2118 1819 2196 hominum
1834 2130 1986 2215 iudicia,
2008 2143 2125 2201 tamen
2142 2155 2206 2219 ego

168 2228 311 2299 minum
330 2227 511 2305 tenebitis,
537 2250 628 2320 qnae
645 2249 706 2295 vos
721 2220 905 2294 hominnm
921 2224 1071 2310 iudicia,
1088 2224 1164 2295 'nisi
1216 2221 1266 2289 sic
1290 2219 1487 2301 existimo,
1508 2222 1623 2292 bonos
1651 2226 1746 2296 viros
1775 2231 1903 2301 rectius
1925 2233 2109 2323 pervidere
2133 2233 2206 2301 vim

170 2319 297 2408 fallor,
324 2329 434 2417 magis
453 2352 557 2420 quam
576 2328 649 2397 ulla
667 2327 815 2417 imperia
834 2327 1070 2399 delectabunt.
1215 2335 1448 2410 naturamque
1461 2323 1662 2413 religionis,
1682 2322 1750 2397 hoc
1766 2344 1924 2423 tempore
1940 2334 2096 2403 firmiora
2114 2336 2207 2403 sola·

275 2428 487 2522 Quanquam
510 2442 627 2498 autem
647 2423 733 2497 haec
763 2429 848 2499 urbs
871 2427 1047 2522 plerisque
1069 2428 1164 2498 doti·
1216 2424 1263 2493 tia
1282 2422 1684 2510 conscientiaetenere,
1716 2454 1823 2521 quam
1844 2424 1989 2504 suerunt
2004 2436 2083 2518 illa,
2117 2459 2207 2527 quae

170 2531 258 2613 bus,
290 2531 346 2600 vel
368 2556 448 2602 cum
473 2528 632 2600 Massilia
659 2531 808 2622 aliisque
833 2530 1044 2621 quibusdam
1060 2531 1163 2599 urbi·
1216 2524 1322 2615 paulo
1337 2539 1419 2596 ante
1432 2522 1599 2599 monachi
1613 2530 1846 2608 tradiderunt.
1894 2534 1975 2605 Non
1990 2533 2139 2604 dubium
2154 2549 2207 2605 est

171 2633 241 2720 bus
274 2634 453 2702 veteribus
486 2646 618 2703 certare
650 2633 779 2724 possit,
818 2644 935 2701 tamen
965 2631 1059 2701 malo
1093 2632 1162 2700 iam
1216 2625 1325 2716 igitur
1347 2630 1434 2721 quin
1451 2630 1631 2720 praeclare
1648 2627 1828 2704 Florentia
1846 2639 1891 2705 de
1906 2638 2073 2708 omnibus
2091 2637 2207 2728 genti·

172 2758 292 2804 earum
307 2737 451 2804 urbium
468 2733 622 2824 exempla
638 2734 739 2803 vobis
755 2757 970 2824 proponere,
992 2757 1082 2825 quae
1096 2758 1163 2803 no·
1215 2730 1282 2799 bus
1301 2729 1426 2798 merita
1450 2729 1515 2814 sit,
1546 2755 1637 2824 quae
1658 2733 1776 2804 literas
1803 2740 1900 2810 velut
1924 2741 2143 2830 enaulragio
2166 2739 2207 2808 in

173 2837 255 2905 stris
269 2836 488 2926 temporibus
502 2836 628 2903 florere
644 2835 905 2921 praedicantur.
964 2833 1163 2901 Maximum
1214 2843 1357 2921 portum
1371 2833 1520 2921 recepit,
1545 2837 1848 2929 conservavitque.

170 2937 381 3006 beneficium
405 2935 511 3025 paulo
529 2943 610 3000 ante
624 2927 711 2999 haec
727 2945 884 3020 tempora
906 2932 945 2998 iu
960 2932 1162 3001 universam
1314 2928 1434 3000 Huius
1448 2933 1547 3000 urbis
1564 2935 1741 3020 exemplo,
1766 2964 1829 3006 vos
1846 2936 1901 3008 his
1917 2942 2052 3011 miseris
2068 2957 2207 3032 tempo-

167 3035 353 3129 Europam
382 3035 471 3102 urbs
492 3029 674 3110 Florentia
703 3031 870 3115 contulit,
903 3033 1161 3123 cumprimum
1215 3033 1315 3113 ribus
1328 3034 1440 3100 bonas
1453 3046 1545 3102 artes
1559 3035 1753 3119 defendite,
1774 3021 1853 3109 culn
1864 3040 2032 3135 Episcopi
2048 3069 2110 3136 pro
2125 3045 2206 3115 lite-

168 3126 376 3232 graecarum
400 3134 583 3203 literarum
603 3132 815 3223 professores
829 3132 939 3223 patria
953 3132 1073 3224 pulsos
1089 3134 1164 3204 ius-
1214 3132 1264 3200 ris
1279 3156 1378 3200 arma
1394 3136 1561 3216 tractant,
1587 3149 1620 3204 et
1635 3137 1764 3229 reliqui
1783 3143 1960 3234 principes
1975 3140 2067 3215 hauc
2083 3169 2204 3217 curam

167 3244 217 3313 alt
231 3240 276 3307 ad
292 3258 329 3305 se
344 3233 491 3316 diverti,
522 3244 557 3301 et
573 3256 646 3309 non
669 3234 777 3302 modo
793 3226 948 3324 hospitio
966 3235 1077 3321 iuvit,
1101 3238 1161 3313 sed
1214 3256 1251 3301 se
1271 3231 1454 3322 indignam
1472 3237 1628 3321 ducunt,
1654 3239 1782 3327 passim
1800 3246 2036 3317 tumultuatur
2053 3245 2203 3320 Germa·

167 3340 279 3412 etiam
295 3335 450 3415 reddidit
474 3332 547 3403 illis
570 3356 633 3403 sua
652 3334 788 3419 studia,
813 3348 1001 3428 postquam
1016 3338 1163 3429 amplis-
1214 3333 1293 3418 nia,
1315 3349 1349 3405 et
1363 3336 1406 3403 ad
1430 3360 1528 3406 arma
1549 3340 1762 3427 conclamat,
1786 3357 1819 3414 et
1836 3350 2135 3439 quemadmodum
2154 3343 2216 3423 est

168 3441 270 3514 simis
295 3435 483 3530 stipendiis
504 3434 548 3503 ad
570 3435 770 3504 docendum
787 3435 962 3511 invitavit.
1014 3434 1058 3507 ln
1076 3439 1160 3509 reli·
1214 3436 1252 3503 in
1267 3435 1375 3505 veteri
1392 3437 1582 3508 versiculo:

169 3567 239 3639 qua
261 3537 363 3612 ltalia
388 3534 601 3628 professores
620 3536 750 3606 artium
772 3561 791 3605 e
809 3535 958 3607 Graecia
983 3541 1161 3630 profugos,
1262 3540 1390 3606 Pettitur
1411 3569 1428 3604 ο
1450 3548 1551 3608 medio
1576 3551 1743 3634 sapientia,
1778 3557 1808 3614 vi
1832 3561 1946 3636 geritur
1968 3581 2025 3621 res.

168 3668 277 3716 nemo
293 3638 502 3731 aspiciebat,
524 3652 562 3707 et
576 3661 646 3706 una
662 3662 741 3707 cum
759 3634 907 3709 Graecia
925 3640 1103 3729 linguam,
1126 3654 1161 3711 et
1213 3637 1253 3707 ld
1278 3633 1334 3708 his
1355 3640 1481 3709 studiis
1504 3642 1654 3711 maxime
1671 3646 1790 3721 ollici't.
1840 3648 1931 3719 Nam
1955 3654 1985 3720 si
2000 3655 2093 3722 inter
2107 3679 2204 3722 arma

168 3747 289 3820 literas
309 3764 450 3831 graecas
473 3738 709 3808 amisissemus
725 3746 998 3831 propemodum,
1022 3742 1061 3812 ni
1076 3740 1162 3812 Flo·
1212 3741 1316 3809 silere
1338 3741 1447 3830 leges,
1473 3758 1567 3814 recte
1583 3744 1672 3815 dixit
1688 3744 1834 3827 Cicero,
1862 3767 1996 3842 quanto
2012 3755 2122 3839 magis
2139 3750 2205 3823 hae

167 3847 283 3921 tentia
316 3841 539 3913 doctissimos
573 3833 736 3909 homines
768 3842 966 3914 calamitate
999 3844 1160 3930 levasset,
1212 3852 1353 3910 nostrae
1375 3855 1468 3911 artes
1489 3843 1756 3927 obmutescunt,
1797 3849 1834 3914 in
1870 3852 1943 3918 otio
1972 3865 2076 3921 natae
2098 3868 2204 3946 atque

169 3951 264 4046 quod
280 3947 413 4038 absque
427 3941 646 4013 Florentinis
662 3940 799 4024 suisset,
833 3944 990 4014 futurum
1007 3945 1094 4023 luit,
1119 3960 1160 4016 ut
1212 3942 1327 4010 alitae.
1378 3938 1422 4010 ln
1443 3936 1500 4006 his
1515 3940 1672 4009 motibus
1688 3943 1828 4014 ruinam
1844 3974 1967 4020 omnes
1985 3955 2099 4023 bonae
2114 3973 2204 4028 ane,

146 4078 156 4083 ··
170 4072 314 4144 prorsus
353 4045 585 4115 obsolesceret
621 4041 732 4111 latina
765 4042 906 4132 lingua,
953 4045 1003 4111 sic
1037 4044 1159 4113 vitiata
1211 4040 1413 4123 minantur,
1451 4039 1521 4108 nisi
1550 4038 1646 4110 Deus
1675 4042 1815 4133 fulciat,
1849 4073 1888 4120 ac
1917 4047 1973 4122 his
1999 4055 2060 4147 qui
2083 4083 2203 4128 rerum

168 4149 332 4223 barbarie
358 4159 674 4238 conspurcataque:
708 4159 742 4214 et
770 4166 913 4233 graecae
939 4143 1080 4232 linguae
1114 4168 1158 4211 ne
1211 4140 1399 4233 potiuntur
1422 4154 1578 4211 mentem
1604 4143 1663 4213 dct
1684 4144 1906 4221 instaurandi
1930 4154 2112 4227 literarum
2128 4176 2202 4230 stn-

168 4252 314 4351 quidem
335 4251 407 4320 ulla
433 4248 503 4316 iam
525 4246 669 4336 vestigia
694 4257 870 4330 extarent,
901 4259 935 4316 et
950 4246 1159 4315 occidissent
1211 4243 1282 4316 dia.
1334 4240 1408 4311 Vos
1430 4267 1513 4313 vero
1532 4267 1577 4313 ne
1594 4239 1750 4316 desistite
1766 4275 1891 4343 urgere
1915 4250 2202 4332 honestissimum

165 4380 246 4428 una
258 4364 484 4422 monumenta
498 4347 679 4436 religionis
694 4358 853 4428 nostrae,
875 4371 940 4417 nec
953 4348 1023 4415 lam
1040 4370 1157 4417 sacro·
1210 4360 1246 4417 et
1264 4342 1523 4425 sanctissimum
1546 4348 1778 4436 propositum.
1834 4351 1977 4427 Etenim
1996 4385 2110 4453 neque
2124 4361 2202 4434 Deo

164 4481 249 4532 rum
285 4454 457 4523 librorum
497 4449 639 4529 titulos,
690 4447 815 4517 amissa
856 4471 977 4538 graeca
1017 4448 1158 4538 lingua,
1209 4447 1374 4536 gratiosa
1392 4446 1494 4515 vobis
1511 4446 1665 4517 osticium
1679 4450 1816 4539 ullum,
1841 4480 1957 4553 neque
1977 4463 2101 4533 utilius
2114 4466 2203 4535 civi.

163 4559 353 4656 quisquam
378 4552 594 4641 intelligerit.
657 4544 749 4619 Nam
769 4546 908 4620 Romae
927 4551 1054 4620 misere
1077 4572 1154 4620 esu·
1210 4549 1273 4620 tati
1289 4561 1423 4618 vestrae
1440 4549 1608 4638 praestari
1625 4564 1748 4641 potest.

163 4661 308 4735 riebsnt
327 4657 445 4727 exules
466 4654 540 4738 illi,
573 4644 654 4722 eum
679 4650 878 4741 pontificiae
892 4676 995 4744 opes,
1020 4655 1157 4742 praeci·
1308 4647 1422 4720 Porro
1438 4673 1516 4717 cum
1532 4663 1623 4720 recte
1639 4653 1729 4723 facta
1747 4655 1946 4751 plerunque
1960 4680 2129 4758 sequatur
2144 4669 2201 4738 in-

163 4787 236 4858 pue
258 4759 425 4832 collocari
448 4757 619 4827 deberent
641 4754 695 4823 vel
717 4751 756 4820 in
779 4754 1019 4839 calamitosos,
1045 4754 1100 4823 vel
1118 4754 1156 4822 in
1208 4751 1322 4836 vidia,
1353 4774 1428 4820 non
1451 4751 1576 4824 dubito
1598 4753 1689 4843 quin
1712 4780 1792 4825 cum
1817 4759 1951 4852 iniquis
1975 4772 2201 4859 quorundam

163 4886 242 4950 eos,
276 4860 341 4958 qui
372 4858 580 4931 tractatione
610 4857 794 4927 literarum
822 4855 987 4947 religioni
1011 4879 1154 4948 operam
1207 4852 1350 4923 iudiciis
1373 4853 1472 4922 vobis
1495 4858 1701 4925 certandum
1727 4857 1783 4931 sit.
1841 4859 1911 4931 Sed
1933 4880 1985 4937 est
2005 4871 2108 4942 soni,
2130 4875 2200 4943 viri

161 4978 347 5041 murem,
1207 4954 1381 5025 invidiam
1395 4954 1433 5022 iu
1455 4969 1547 5025 recte
1564 4955 1664 5025 lactis
1685 4972 1928 5057 contemnere,
1956 4969 2102 5044 fortasse
2123 5000 2200 5046 cer·
2296 5008 2302 5021 ·

265 5053 501 5136 Theodorum
523 5049 692 5141 Gazam,
721 5054 946 5144 boneDeus,
981 5069 1152 5151 quantum
1207 5059 1355 5127 tandum
1370 5067 1422 5125 est
1435 5057 1535 5126 vobis
1553 5070 1587 5127 et
1604 5082 1685 5127 cum
1702 5060 1783 5130 aliis
1799 5063 2085 5158 difficultatibus,
2108 5103 2200 5172 quae
2318 5081 2326 5088 “

162 5172 280 5244 virum
304 5167 424 5247 aiunt,
450 5184 530 5230 cum
549 5160 629 5228 illos
642 5156 845 5229 Aristotelis
862 5172 896 5229 et
913 5156 1154 5248 Theophrasti
1206 5158 1352 5227 consilia
1376 5171 1490 5229 vestra
1516 5159 1555 5229 in
1580 5154 1807 5249 provehenda
1825 5162 1975 5258 Schola,
2000 5194 2198 5249 remoratu-

157 5274 272 5347 libros
284 5268 325 5340 in
339 5265 488 5336 latinam
503 5261 660 5351 linguam
681 5284 800 5331 versos
817 5260 983 5332 Pontifici
1000 5262 1152 5346 offerret,
1205 5284 1264 5328 rae
1291 5260 1478 5347 videntur,
1513 5285 1599 5354 quas
1634 5262 1682 5333 ita
1715 5266 1885 5356 vincetis,
1927 5274 1958 5344 si
1983 5280 2198 5367 cogitabitis,

159 5377 320 5454 codicem
351 5362 551 5440 exhibuisse
585 5363 825 5456 sumptuosius
859 5379 1044 5448 ornatum,
1086 5363 1150 5435 ubi
1202 5357 1279 5433 Deo
1293 5387 1357 5435 vos
1371 5363 1410 5433 in
1425 5357 1540 5433 haere
1554 5389 1689 5440 morem
1705 5391 1841 5458 gerere.
1888 5372 1981 5447 Nam
1996 5380 2198 5454 uirilitatis
