4732 6030
118 331 221 406 521·
610 320 769 398 nucu.
804 319 877 393 uu
911 260 1309 419 ruruasroitu
1340 306 1593 385 orrouu
1627 312 1656 388 1.
1754 378 1766 396 t
2075 315 2150 393 sea

120 501 289 583 tilicibus,
312 495 465 565 dominis
479 495 631 579 iniustis,
657 496 914 565 transferantur
927 496 972 564 ad
988 491 1106 584 lmpe-
1129 496 1135 604 Ι
1159 485 1296 555 etiamsi
1312 508 1385 553 non
1399 484 1556 573 legisset,
1581 499 1621 556 ut
1639 486 1789 575 legerat,
1812 512 1956 560 monere
1979 503 2096 560 tamen
2114 504 2147 559 et

120 617 263 680 ratores,
287 600 332 668 ad
350 621 438 691 quos
453 597 713 688 pertinuerunt.
760 595 991 689 Nequaquam
1008 596 1105 663 enim
1158 587 1213 655 lex
1231 600 1378 656 naturae
1398 587 1514 677 ipsum
1531 588 1718 679 potuisset,
1743 591 1906 681 adquam
1925 614 1996 660 non
2013 593 2148 676 doctus,

119 702 357 772 arbitrabatur
380 693 606 769 hortantum
632 699 741 769 totius
761 694 970 768 Occidentis
994 696 1107 786 impe·
1159 689 1220 757 sed
1239 688 1350 757 factus
1374 701 1466 771 erat,
1502 702 1543 759 ut
1568 691 1747 759 custodem
1773 714 1809 759 se
1836 691 2050 781 intelligeret
2074 717 2148 762 non

82 833 86 840 ·
118 805 211 872 rium
236 801 400 870 civilibus
422 799 689 889 Magistratibus
715 823 734 867 a
758 796 989 868 Pontificibus
1017 798 1107 887 eripi
1161 789 1296 858 ventris
1320 812 1408 870 1111,
1433 802 1495 859 tul
1517 790 1747 880 imperiorum
1762 806 1920 877 tantum,
1946 796 2005 862 sed
2024 790 2147 862 Eccle-

122 905 260 972 dehere.
309 900 392 970 Nou
406 903 541 992 respuit
557 900 798 970 conditionem
810 897 988 983 Pontifex,
1009 898 1106 991 quo'd
1160 892 1230 960 siae
1245 890 1364 960 etiam:
1392 892 1449 958 cui
1466 892 1791 981 profectomagnam
1803 896 1975 984 praestitit
1990 918 2146 985 operam,

118 1005 367 1084 arbitraretur,
389 1000 950 1091 seprobeneficiisImperatoris,
977 1001 1107 1092 quibus
1159 993 1254 1082 quod
1280 991 1389 1060 vitam
1418 989 1599 1063 Pontificis
1627 995 1749 1083 impii,
1780 997 1942 1065 omnium
1977 996 2148 1065 scelerum

119 1106 226 1177 abeo
250 1115 339 1172 esset
362 1117 524 1186 ornatus,
549 1102 743 1193 plurimum
768 1101 976 1193 Imperatori
998 1101 1107 1190 grati·
1158 1094 1316 1183 plenam,
1352 1094 1608 1163 emendandam
1631 1096 1700 1164 sibi
1725 1121 1765 1165 eo
1792 1110 1949 1188 tempore
1976 1098 2149 1182 statuerit,

117 1207 302 1274 ficaturum
337 1227 410 1273 esse
440 1204 479 1270 in
513 1204 636 1288 rebus,
675 1226 825 1294 quarum
858 1226 894 1271 se
920 1204 1105 1272 dominum
1158 1218 1229 1284 quo
1263 1195 1418 1284 primum
1452 1195 1497 1261 ab
1525 1192 1801 1285 imperatoribus
1826 1201 1869 1267 ad
1898 1193 2147 1268 Occidentales

117 1302 392 1397 haudquaquam
422 1304 499 1372 iure
527 1305 604 1372 fore
638 1304 862 1375 existimavit,
928 1302 1107 1372 Permittit
1159 1295 1310 1385 populos
1323 1294 1482 1364 doctriua
1499 1292 1695 1366 deChristo
1712 1299 1818 1368 fuerit
1833 1302 2009 1370 translata.
2036 1298 2147 1370 Multi

117 1409 227 1495 igitur
243 1402 305 1474 has
319 1404 526 1473 donationes
540 1402 766 1474 Constantini
783 1397 929 1475 Ottonis
945 1403 1107 1494 potestati
1159 1395 1255 1463 euim
1279 1419 1320 1463 ex
1335 1393 1507 1465 Vandalis
1531 1415 1565 1468 et
1587 1395 1751 1490 Cymbris
1771 1399 1851 1493 (qui
1874 1427 1892 1470 a
1917 1399 2045 1471 Carolo
2063 1401 2146 1470 Ma·

116 1506 300 1590 Pontifex,
332 1504 584 1596 conbrmatque
608 1505 722 1574 literis
745 1507 906 1575 omnium
930 1502 1107 1575 Cardine·

117 1608 205 1677 lium
222 1629 394 1675 consensu
410 1607 629 1696 approbatis,
657 1620 770 1675 totum
789 1600 1020 1675 Occidentem
1037 1606 1105 1672 im-

117 1710 215 1796 perio
230 1705 395 1791 Ottonis,
423 1720 714 1799 posterorumque
737 1707 830 1786 eius,
857 1709 935 1777 iure
957 1707 1106 1776 obsecu-

117 1823 259 1888 turum,
286 1824 321 1876 et
346 1831 568 1900 nequaquam
585 1805 809 1878 Pontificum.
861 1803 1014 1877 Addidit
1038 1802 1106 1874 hoc

117 1934 272 2001 quoque:
300 1907 482 1978 Summam
499 1909 722 1978 autoritatem
738 1908 777 1975 in
796 1906 965 1977 electione
978 1906 1106 1976 Ponti-

116 2012 189 2078 ficis
210 2011 340 2077 debere
364 2007 591 2098 imperatoris
612 2031 705 2092 esse,
738 2032 812 2075 non
834 2003 1106 2099 Episcoporum,

116 2113 212 2202 quod
228 2111 362 2178 videret
388 2110 514 2197 vulgus
537 2106 756 2179 Clericorum
780 2109 1106 2201 propinquitatibus

116 2226 150 2279 et
171 2211 383 2280 utilitatibus
400 2210 437 2277 in
454 2210 674 2278 decernendo
691 2208 863 2278 Pontifice
876 2210 1013 2278 moveri
1030 2233 1106 2279 ma-

116 2313 187 2400 gis,
214 2335 319 2403 quam
339 2311 499 2379 doctrina
516 2323 552 2380 et
567 2310 784 2379 innocentia.

125 2460 129 2467 ’
216 2439 304 2513 Otto
321 2466 405 2511 vero
430 2436 484 2511 his
504 2443 611 2513 rebus
634 2441 820 2523 confectis,
847 2444 994 2538 reliquis
1011 2446 1105 2513 duo·

28 2605 31 2611 ,
117 2547 229 2616 decim
248 2546 351 2613 annis
368 2543 510 2634 imperii
526 2545 581 2612 sui
599 2545 648 2613 sic
665 2544 874 2634 Magistratu
892 2540 960 2614 hoc
976 2546 1106 2615 defun·

115 2661 190 2716 ctus
208 2634 277 2729 cst,
303 2659 342 2714 ut
362 2645 559 2736 exemplum
582 2646 734 2713 fortibus
751 2660 785 2716 et
807 2647 911 2716 bouis
928 2643 1105 2738 Principi-

114 2751 180 2818 bus
201 2747 441 2816 defendendae
463 2746 646 2833 religionis
670 2749 846 2835 egregium
871 2749 1105 2838 proposuerit,

114 2852 227 2940 quod,
249 2848 331 2941 quia
349 2847 499 2915 accrevit
522 2846 635 2914 oratio
659 2846 767 2934 magis
785 2871 890 2939 quam
909 2848 1025 2933 volui,
1048 2850 1105 2918 lu-

114 2951 218 3035 bens,
244 2961 436 3039 praetereo.
1097 2953 1100 2957 ’

214 3079 417 3154 Alexander
440 3076 595 3165 Magnus
626 3073 722 3148 hunc
743 3103 883 3150 versum
906 3081 1004 3153 iuter
1026 3080 1104 3154 Ho-

1158 1520 1227 1583 gno
1242 1496 1353 1566 coacti
1368 1498 1583 1586 baptismum
1598 1497 1824 1594 acceperant)
1841 1526 1859 1570 a
1875 1498 2076 1572 Christiana
2091 1527 2148 1571 re-

1159 1598 1289 1685 ligione
1315 1599 1359 1666 ad
1388 1595 1488 1667 Idola
1525 1601 1744 1682 defecerant,
1784 1626 1872 1694 quos
1904 1602 2080 1673 Henricus
2112 1619 2147 1674 et
2252 1680 2259 1691 ,

1158 1696 1247 1766 Otto
1264 1698 1398 1787 primus
1416 1723 1489 1767 non
1506 1701 1582 1768 sine
1593 1726 1720 1792 magno
1741 1705 1886 1791 negocio
1909 1706 2075 1794 leguntur
2092 1729 2149 1774 re-

1157 1799 1314 1869 traxisse.
1349 1797 1485 1887 Quare,
1512 1803 1540 1867 si
1557 1805 1600 1870 de
1615 1805 1766 1873 amentia
1782 1804 1964 1874 Pontificis
1978 1801 2044 1874 hae
2061 1829 2149 1895 gen-

1159 1904 1216 1966 tes'
1231 1899 1495 1986 cognovissent,
1526 1904 1691 1992 perfacile
1715 1906 1882 1975 omnibus
1906 1903 1963 1974 his
1988 1921 2058 1976 tota
2081 1910 2147 1977 do-

1157 1999 1269 2069 ctrina
1286 2002 1329 2067 de
1350 2013 1463 2070 morte
1487 2015 1520 2073 et
1542 2007 1798 2076 resurrectione
1813 2007 1877 2074 filii
1894 2006 1959 2076 Dei
1978 2008 2016 2075 in
2032 2010 2148 2100 suspi-

1157 2102 1293 2169 cionem
1305 2101 1470 2172 venisset:
1493 2105 1555 2196 qui
1570 2107 1662 2174 enim
1680 2108 1749 2176 iam
1766 2124 1847 2178 aute
1863 2110 2008 2178 inimico
2025 2112 2145 2180 animo

1157 2203 1195 2269 in
1211 2196 1432 2272 Christianos
1448 2205 1606 2290 fuerant,
1630 2209 1733 2277 facile
1748 2211 1792 2279 ab
1813 2211 1974 2282 instituto
1991 2207 2047 2280 his
2065 2227 2147 2282 tan·

1156 2305 1202 2372 tis
1225 2300 1438 2373 Pontificum
1458 2307 1648 2378 sceleribus
1671 2312 1830 2380 deterriti
1849 2314 2018 2397 fuissent,
2055 2337 2145 2406 quae

1157 2417 1250 2473 certe
1270 2406 1314 2474 ab
1328 2404 1372 2473 iis
1395 2407 1520 2486 etiam,
1544 2411 1607 2500 qui
1629 2413 1673 2477 de
1688 2406 1831 2480 Christo
1853 2409 1946 2482 nihil
1969 2436 2145 2502 cognove-

1158 2518 1257 2587 rant,
1294 2506 1331 2572 in
1364 2508 1577 2597 turpissimis
1608 2512 1715 2579 rebus
1745 2506 1868 2582 haberi
1901 2537 2039 2582 necesse
2065 2515 2147 2583 fuit.

1158 2604 1264 2693 Quod
1280 2605 1442 2678 Pontifex
1460 2608 1585 2690 etiam,
1622 2611 1684 2704 qui
1709 2614 1817 2682 totius
1831 2609 2007 2683 Ecclesiae
2030 2631 2148 2705 caput,

1157 2724 1191 2776 et
1211 2701 1344 2778 Christi
1366 2710 1518 2778 vicarius
1542 2734 1615 2780 esse
1637 2714 1732 2797 vult,
1765 2737 1903 2785 summa
1925 2716 2016 2785 vitae
2040 2719 2146 2785 inno-

1157 2807 1271 2877 centia
1288 2831 1406 2877 coram
1421 2813 1557 2881 mundo
1574 2813 1691 2882 lucere
1707 2815 1887 2902 debuerit,
1912 2819 2036 2886 eodem
2060 2817 2165 2907 ipsis
2265 2851 2271 2854 -

1158 2909 1392 2999 pertinuisset.
1431 2908 1540 2983 Multi
1554 2913 1658 2982 etiam
1675 2911 1854 3005 Epicurei,
1880 2942 2033 3010 quorum
2049 2915 2147 2987 Deus

1155 3022 1279 3078 venter
1292 3023 1383 3095 erat,
1408 3024 1504 3081 tanta
1521 3014 1613 3084 vitae
1634 3016 1796 3087 libertate
1811 3019 1849 3086 in
1865 3042 2003 3089 summo
2018 3016 2145 3090 Ponti-

1155 3111 1218 3178 fice
1235 3109 1416 3193 delectati,
1441 3113 1545 3183 facile
1566 3137 1602 3186 se
1621 3116 1661 3185 in
1679 3141 1754 3186 eam
1770 3121 2063 3190 consuetudinem
2082 3121 2146 3189 ad-

13 3236 20 3242 ·
111 3185 261 3256 mericos
275 3180 425 3248 maxime
441 3177 572 3249 dicitur
585 3180 769 3270 probasse:

1155 3210 1353 3297 duxissent,
1382 3227 1422 3283 ut
1445 3216 1546 3285 nullo
1569 3217 1703 3301 officio,
1735 3232 1796 3289 aut
1817 3221 2003 3312 disciplina
2028 3243 2147 3291 assue-

133 3287 486 3380 upptzuorsaeuete
505 3288 532 3355 τ’
553 3288 678 3375 ἀγαθὸς
698 3289 847 3378 1101111011
867 3293 894 3359 1’
918 3297 1082 3384 altstidi·
1155 3313 1253 3395 facti,
1296 3310 1464 3404 Epicurei
1495 3318 1675 3408 crapulas,
1713 3321 1888 3391 adulteria
1923 3323 1961 3391 in
1995 3323 2145 3415 peccatis

211 3401 398 3465 9111111111
413 3423 447 3464 111
462 3405 750 3485 milespraepoltens
767 3408 882 3468 viribus
899 3407 989 3470 idem.
1100 3405 1101 3409 ’
1154 3406 1429 3506 haudquaquam
1452 3433 1706 3493 numerassent.
1758 3419 1875 3492 Taceo
1897 3424 2009 3504 furta,
2034 3424 2145 3493 latro-

112 3516 326 3606 Quanquam
357 3536 435 3581 mea
456 3513 600 3604 quidem
631 3514 804 3584 sententia
827 3539 903 3606 non
934 3539 1102 3606 magnum
1154 3514 1265 3598 cinia,
1290 3515 1430 3608 aliaque
1453 3517 1641 3588 innumera
1662 3522 1811 3605 scelera,
1844 3548 1934 3616 quae
1956 3527 2078 3595 eadem
2100 3526 2145 3594 de

110 3615 239 3688 habeat
272 3629 489 3684 momentum
526 3613 564 3681 in
590 3610 757 3704 Principe
790 3616 949 3705 corporis
979 3618 1102 3700 robur,
1154 3637 1256 3684 causa
1278 3616 1414 3684 nullam
1437 3620 1531 3706 apud
1554 3619 1650 3710 ipsos
1673 3620 1854 3692 infamiam
1877 3619 2040 3695 habitura
2057 3627 2147 3695 fuis-

111 3717 304 3810 plurimum
320 3727 437 3784 autem
453 3712 654 3797 consilium,
682 3713 831 3797 iusticia,
852 3716 1009 3786 studium
1025 3717 1102 3807 pie-
1153 3728 1243 3787 sent.
1294 3713 1337 3784 ln
1362 3715 1534 3787 Pontifice
1556 3721 1652 3788 euim
1673 3723 1791 3791 omnis
1815 3725 1983 3794 facinoris
1999 3726 2145 3796 cuilibet

111 3820 219 3904 tatis,¹
244 3815 518 3905 illustrandique
543 3814 699 3882 nominis
721 3815 859 3900 divini,
890 3840 977 3908 quas
1001 3818 1102 3910 equi-
1153 3815 1275 3886 fuisset
1289 3817 1509 3906 exemplum,
1533 3833 1568 3889 et
1583 3822 1628 3888 ab
1644 3823 1767 3890 eodem
1789 3824 1950 3894 omnium
1973 3827 2144 3895 scelerum

109 3922 190 3990 dem
206 3921 355 3989 virtutes
369 3918 413 3987 de
428 3910 565 3985 Ottone
583 3915 697 4006 primo
719 3916 798 3986 iure
813 3917 975 3987 existimo
999 3942 1101 4008 prae·
1154 3914 1258 4004 impii
1295 3910 1457 3984 homines
1498 3920 1728 4005 sumpsissent
1761 3923 1832 3993 sibi
1874 3927 2145 4000 excusationem.

111 4020 223 4094 dicari
248 4030 373 4109 posses
411 4013 589 4086 Ecclesiae
611 4013 894 4113 profectob(nam
920 4042 995 4087 eam
1014 4014 1101 4104 rem,
1153 4013 1309 4086 Tantum
1330 4016 1486 4103 profecto
1515 4018 1627 4089 scelus
1650 4035 1727 4093 erat
1752 4023 1826 4094 labi
1848 4022 2075 4113 Pontificem,
2104 4028 2144 4097 in

109 4136 151 4193 nt
165 4121 308 4191 brevior
321 4119 401 4203 sim,
426 4112 586 4188 hocloco
601 4118 737 4208 explico
751 4113 889 4214 solum)
900 4118 1101 4211 quodPon-
1152 4138 1223 4207 quo
1237 4116 1407 4208 peccandi
1423 4140 1562 4187 causam
1577 4122 1713 4191 nemini
1730 4137 1805 4195 tum
1822 4149 1894 4196 esse
1911 4130 2080 4218 oportuit.

109 4225 240 4296 titicem
271 4219 493 4311 represserit,
526 4220 670 4310 eiusque
697 4220 867 4290 minuerit
892 4220 1100 4312 potentiam,

109 4346 272 4414 magnam
287 4344 430 4411 operam
445 4321 587 4392 navavit
595 4317 695 4392 Otto.
721 4319 825 4390 Prius
838 4335 967 4405 autem,
986 4346 1101 4415 quan·
1254 4317 1406 4390 illustris
1421 4336 1473 4393 est
1491 4326 1662 4395 memoria
1678 4323 1923 4417 Constantini,
1949 4335 2045 4426 quod
2070 4335 2144 4405 ius-

108 4440 249 4515 topere,
272 4444 351 4490 cum
374 4420 580 4491 Pontificem
594 4425 802 4513 deponeret,
826 4418 1020 4492 Ecclesiam
1042 4424 1101 4492 iu·
1152 4419 1236 4490 serit
1248 4421 1365 4491 claudi
1379 4421 1556 4495 idolorum
1574 4428 1716 4518 templa,
1737 4426 1960 4520 prohibuerit
1976 4436 2144 4506 sacrificia

108 4527 212 4609 verit,
237 4523 437 4593 ostendam:
464 4537 583 4613 postea
598 4524 642 4591 de
656 4524 910 4596 donationibus
933 4525 1100 4616 imperio-
1150 4516 1407 4609 Ethuicorum,
1440 4525 1581 4596 iusserit
1603 4530 1745 4618 publice
1760 4534 1879 4603 doceri
1895 4531 2144 4627 Evangelium,

108 4652 189 4700 rum
211 4624 369 4696 breviter
386 4623 554 4694 dicturus.
606 4619 719 4695 Erant
742 4627 851 4717 igitur
873 4620 1002 4697 Ottoui
1024 4651 1099 4695 non
1151 4623 1289 4693 dederit
1301 4625 1701 4715 stipendiadoctoribus,
1716 4631 1869 4726 denique
1882 4658 2045 4725 maguam
2060 4663 2142 4730 par-

22 4810 25 4814 ,
109 4744 249 4802 tantum
278 4725 501 4814 gravissimae
531 4746 654 4793 causae
675 4723 827 4797 Romam
853 4727 1099 4818 proficiscendi
1150 4738 1221 4792 tem
1250 4725 1378 4795 veteris
1402 4726 1537 4796 formae
1561 4729 1600 4796 in
1627 4730 1776 4821 imperio
1799 4732 1965 4806 Romano
1996 4755 2142 4831 propter

107 4833 147 4901 in
162 4830 351 4911 Pontifice‚
372 4827 468 4918 quod
492 4821 613 4895 helluo
635 4841 740 4908 esset,
761 4843 952 4911 scortator,
978 4830 1099 4919 periu-
1149 4821 1384 4915 Evangelium
1405 4829 1612 4914 mutaverit,
1638 4856 1718 4901 cum
1740 4835 1865 4905 acerbe
1881 4832 1997 4910 adhuc
2010 4842 2143 4914 odisset

107 4958 188 5017 rus,
222 4925 467 5020 blasphemus,
499 4950 621 4997 verum
642 4927 833 5000 adiuvabat
864 4925 959 5001 haud
989 4931 1098 5000 dubie
1149 4949 1279 4995 nomen
1304 4921 1437 4999 Christi
1468 4930 1620 4999 maxima
1651 4956 1732 5024 pars
1757 4935 1909 5027 imperii.
1971 4939 2141 5032 Magnam

107 5036 202 5105 idem
225 5032 412 5102 consilium
435 5028 464 5100 is
482 5027 607 5110 etiam,
633 5053 704 5121 quo
720 5029 951 5119 fungebatur,
978 5030 1097 5122 Magi·
1150 5040 1327 5117 praeterea
1345 5032 1439 5120 apud
1459 5055 1583 5100 omnes
1598 5056 1734 5126 semper
1753 5031 1880 5110 habuit
1894 5042 2037 5125 virtutis
2059 5047 2140 5137 opi-

107 5150 256 5219 stratus,
290 5133 353 5226 qui
376 5134 581 5201 mandatum
602 5125 752 5200 lubebat
782 5133 1097 5204 communicandae
1148 5132 1292 5198 uionem
1312 5128 1462 5201 Carolus
1486 5132 1658 5221 Magnus,
1697 5140 1793 5230 quod
1825 5142 1970 5230 triginta
2001 5147 2139 5216 circiter

107 5238 309 5314 doctrinae,
333 5233 501 5304 abolendi
524 5232 650 5323 impios
669 5233 802 5312 cultus,
828 5233 1014 5303 auferendi
1032 5258 1097 5305 au·
1147 5230 1250 5301 anuis
1264 5232 1469 5319 gravissimo
1485 5235 1580 5304 bello
1596 5253 1800 5328 persecutus
1813 5242 1858 5313 sit
1873 5243 2040 5334 Saxones,
2063 5244 2137 5316 Da-

106 5357 201 5413 tores
216 5338 475 5417 scandalorum,
502 5348 535 5404 et
550 5335 699 5403 maxime
714 5334 864 5424 cogendi
879 5335 918 5402 in
933 5336 1094 5405 ordinem
1147 5358 1228 5415 uos,
1251 5331 1449 5419 Vandalos,
1481 5337 1687 5430 priusquam
1710 5364 1832 5432 cogere
1857 5369 1918 5415 eos
1939 5348 1984 5416 ad
2006 5370 2136 5439 appro-

105 5441 294 5514 Pontifices
326 5439 543 5510 discedentes
577 5436 622 5507 ab
654 5436 789 5521 officio,
826 5437 1093 5532 quodquidam
1146 5434 1298 5507 bundam
1313 5436 1512 5508 doctrinam
1529 5440 1574 5510 de
1589 5434 1736 5514 Christo
1751 5446 1946 5537 potuerit·
