4732 6030
1080 1348 1153 1436 m·
2057 1431 2095 1458 ·-
2155 1455 2164 1468 .

329 1560 940 1656 nneuauarmuns
998 1558 1320 1655 rmmrrr
1368 1554 1900 1647 unnaurnoaus.
1963 1534 1967 1540 ’

1201 1867 1204 1874 ι

123 2110 193 2182 No,
222 2109 255 2177 1.
911 2134 961 2178 an.
983 2109 1077 2174 1517.

104 2202 276 2234 Μ
908 2199 1080 2235 Μ

298 2307 374 2392 De
401 2307 578 2392 ortibus
601 2307 881 2394 liberalibus.
918 2316 926 2323 “

164 2481 273 2537 Prodiit
291 2480 454 2552 separatim,
476 2479 605 2534 Stoiiiero
623 2481 719 2538 dicata.
763 2482 824 2538 Vid.
842 2502 912 2555 qnae
932 2483 1045 2537 diximus
1059 2501 1088 2535 ιιι

199 2552 269 2622 Epp.
285 2550 348 2605 Vol.
361 2551 381 2603 l.
400 2569 426 2621 p.
441 2553 497 2617 15„
522 2551 569 2603 ubi
592 2549 673 2606 haber
693 2554 832 2623 epistolam
849 2554 1087 2624 nuncupatoriam.

197 2620 304 2674 Reeusa
324 2619 397 2688 apud
413 2619 527 2675 Craton.
547 2619 665 2690 Mylium
684 2640 711 2691 p.
723 2623 781 2685 71..
800 2623 829 2676 in
848 2622 905 2677 set.
923 2623 1000 2679 Deci.
1020 2621 1054 2676 T.
1067 2619 1088 2676 l.

199 2692 309 2762 gabli„
326 2691 354 2743 in
367 2689 410 2741 ed.
424 2688 502 2746 Serv.
515 2691 537 2744 l.
552 2710 577 2761 p.
585 2690 646 2747 280.
659 2702 686 2745 et
700 2691 829 2751 Richard.
841 2690 873 2747 T.
887 2694 910 2748 1.
924 2712 953 2765 p.
962 2692 990 2746 2.

96 2871 158 2941 De
187 2865 333 2940 artibus
359 2863 577 2937 liberalibus
605 2872 750 2956 oratio,
783 2889 807 2936 a
836 2866 955 2939 Plsil.
984 2873 1088 2941 Mel.

304 2965 495 3062 Tubiayae
509 2963 640 3036 habito
658 2989 757 3038 uano
774 2965 885 3043 1517.

93 3110 276 3208 Egregius
297 3114 409 3183 animi
425 3115 481 3183 vir
497 3113 598 3184 Plato
616 3110 821 3188 Athenaeus
840 3133 876 3189 et
895 3120 1087 3210 sapientiae

93 3219 243 3290 nomine
259 3215 481 3301 venerabilis,
506 3218 544 3284 in
561 3217 806 3290 dissertatione
821 3245 928 3314 quam
944 3218 1088 3296 Erastas

92 3346 157 3392 seu
173 3323 216 3389 de
231 3313 462 3408 Philosophia
479 3320 673 3411 inscripsit,
700 3319 870 3394 Socraten
886 3326 936 3394 ait
952 3327 1085 3415 ingres-

28 3442 33 3450 ·
93 3447 170 3493 sum
187 3422 225 3490 in
240 3420 393 3513 Dionysi
409 3419 659 3507 Grammatici,
683 3439 855 3513 spectasse
877 3427 953 3498 illic
975 3429 1087 3517 geniis

95 3523 363 3614 elegantissimis
383 3524 522 3592 nobiles
543 3547 689 3614 pueros,
715 3540 809 3597 etex
829 3529 873 3596 iis
889 3531 980 3600 forte
996 3533 1085 3601 duos

93 3627 189 3696 ultro
217 3649 257 3694 ac
292 3623 381 3693 citro
415 3628 685 3697 contendentes:
720 3625 808 3698 Esse
841 3634 1012 3723 quaedam
1040 3633 1084 3702 de

92 3727 324 3815 Anaxagorae
348 3729 407 3797 vel
429 3722 641 3819 Oenopidae
665 3730 761 3800 scitis
786 3748 1010 3804 controversa
1028 3735 1085 3803 vi·

93 3831 280 3902 debentur.
332 3825 392 3898 sie
417 3829 513 3898 enim
528 3829 580 3922 ,in
604 3830 690 3901 ludo
713 3832 767 3901 illi
794 3836 897 3905 orbes
926 3838 1083 3927 pingere,

92 3932 242 4001 flexuras
261 3931 426 4014 ductare,
450 3931 638 4001 versilihus
660 3936 801 4023 punctis
823 3937 944 4022 linire,
971 3953 1005 4008 et
1027 3961 1084 4006 ar-

92 4033 178 4102 tifici
197 4055 307 4101 manu
330 4032 525 4121 variegatas
547 4033 707 4127 undique
730 4035 879 4105 lineolas
901 4038 1083 4110 imitarier.

91 4132 205 4216 Haec,
231 4134 284 4203 nti
304 4135 455 4218 solebat,
475 4136 596 4225 penito
616 4137 873 4227 contemplatus
891 4139 1010 4209 animo
1029 4162 1083 4208 so-

92 4261 178 4319 nex,
215 4236 357 4305 cuidam
391 4259 410 4304 e
437 4238 671 4307 familiaribus
704 4263 896 4330 puerorum
930 4241 1084 4326 adsedit,

92 4338 225 4407 blande
252 4339 357 4408 illum
384 4338 500 4416 officio
533 4340 642 4409 cubiti
673 4342 896 4411 admonitum
923 4344 1083 4424 scitatus:

93 4438 194 4528 Quid
222 4434 308 4525 hoc,
346 4441 441 4534 quod
466 4442 685 4513 meditentur
716 4444 953 4514 adolescentes
983 4459 1084 4517 tanto

92 4539 213 4611 studio
229 4553 263 4608 et
276 4543 381 4613 cura?
405 4541 501 4612 Num
519 4538 706 4615 honestum
720 4568 761 4615 ae
775 4547 969 4636 magnum?
987 4544 1085 4618 Con-

92 4643 196 4713 tinuo
217 4640 282 4711 iste
306 4645 449 4735 nugari,
475 4647 594 4715 nescio
616 4670 724 4739 quae,
749 4650 892 4736 cognitu
918 4650 1084 4720 sublimia

93 4759 127 4815 et
144 4745 314 4838 quasdam
328 4741 577 4840 Philosophias
590 4749 734 4837 garrire.
786 4749 945 4820 Socrates
963 4767 1084 4822 contra

93 4845 352 4937 impudentiam
375 4848 566 4920 demiratus
589 4845 766 4936 hominis,
790 4867 973 4938 contatur,
998 4879 1084 4923 num

95 4971 177 5038 ergo
200 4961 304 5036 turpe
326 4949 431 5020 ducat
450 4951 488 5020 id
511 4955 608 5045 quod
633 4953 705 5041 agit
729 4954 896 5024 iuventus
925 4950 1086 5046 philoso-

42 5069 50 5080 ‘
93 5045 209 5140 phari.
247 5044 386 5121 Aderat
402 5050 452 5121 ibi
465 5055 640 5146 quispiam
655 5078 729 5125 non
745 5057 859 5125 malus
875 5058 947 5142 vir,
969 5059 1085 5128 isim-

93 5153 206 5243 probe
219 5153 344 5222 dolens
358 5177 566 5245 responsum
581 5155 732 5236 Socrati,
753 5171 787 5228 et
803 5161 990 5231 autoritate
1005 5174 1087 5232 tan-

93 5269 131 5324 ta
155 5254 250 5338 viro,
274 5269 310 5326 et
332 5257 377 5325 de
398 5255 588 5347 sapientiae
611 5259 737 5328 studiis
759 5262 917 5332 modesta
935 5266 1086 5353 roganti,

92 5360 319 5428 commodum
352 5358 560 5431 intervenit:
600 5359 739 5434 Socrati
767 5363 834 5446 ait,
870 5364 1084 5436 mittendum

1140 2100 1321 2176 hominem
1355 2107 1559 2183 sordidum,
1595 2102 2038 2197 squalentibusohrutum
2069 2131 2134 2176 vo-

1140 2210 1357 2298 luptatibus,
1383 2222 1418 2277 et
1435 2207 1622 2294 indignum
1640 2204 1764 2295 plane,
1790 2205 1948 2298 quicum
1968 2201 2133 2276 Philoso-

1140 2307 1245 2402 phiae
1273 2309 1466 2400 disputatio
1497 2307 1789 2378 communicetur.
1849 2305 2048 2377 Prudenter
2072 2309 2132 2377 ille

1140 2414 1284 2505 quidem
1300 2435 1374 2481 non
1389 2414 1431 2481 ad
1447 2431 1570 2479 omnes
1584 2408 1761 2498 pertinere
1776 2422 2030 2478 sacrosanctam
2044 2434 2131 2491 rem,

1140 2514 1347 2605 sapientiam
1376 2512 1587 2594 arbitratus,
1623 2501 1793 2602 ἀμύητον
1823 2508 1901 2579 iure
1929 2511 2131 2581 solennium
2169 2604 2173 2613 .

1139 2616 1334 2688 interdixit.
1387 2615 1484 2705 idem
1503 2636 1564 2702 ego
1585 2613 1849 2703 propemodum¹
1865 2626 2021 2697 acturus,
2044 2637 2131 2685 uum

1140 2720 1251 2788 ardua
1267 2741 1342 2803 res,
1368 2742 1454 2786 num
1476 2709 1642 2805 pulchra,
1669 2737 1755 2781 num
1774 2713 1951 2783 laudanda
1968 2710 2133 2784 Philoso-

1140 2815 1244 2910 phia,
1269 2843 1328 2889 eos
1355 2813 1640 2903 mihixauditores
1659 2814 1737 2883 dari
1760 2814 1884 2902 cupio,
1907 2839 2058 2906 quorum
2083 2816 2132 2885 ita

1139 2923 1211 2992 sint
1226 2922 1369 2990 affectae
1385 2930 1537 2998 mentes,
1564 2930 1605 2984 ut
1621 2926 1746 3004 sponte
1761 2928 1921 2983 orantem
1938 2919 2036 3008 sequi
2055 2941 2132 2986 cer-

1139 3035 1226 3094 tent.
1286 3020 1328 3090 si
1352 3020 1433 3114 quis
1457 3042 1496 3087 ea
1522 3017 1706 3100 barbarie,
1746 3039 1787 3085 ea
1812 3017 2053 3103 immanitate,
2091 3032 2132 3089 ut

1140 3123 1330 3215 splendore
1352 3146 1391 3192 ac
1415 3115 1681 3213 pulchritudine
1707 3118 1900 3208 sapientiae
1931 3115 2024 3189 trahi
2057 3144 2131 3190 non

1138 3227 1267 3318 possit,
1293 3227 1363 3295 iam
1383 3224 1557 3312 relegatus
1579 3237 1669 3304 esto,
1699 3221 1769 3288 iam
1790 3245 1948 3313 quasque
1971 3222 2132 3315 cycladas

1138 3342 1199 3397 aut
1212 3351 1337 3423 gyaras
1353 3327 1466 3410 malis,
1487 3348 1592 3417 quam
1609 3323 1766 3393 ardentis
1781 3319 2034 3414 Philosophiae
2050 3325 2131 3393 vul-

1140 3445 1205 3500 tus.
1257 3429 1379 3523 Neque
1400 3452 1482 3496 vero
1512 3423 1569 3495 hic
1596 3425 1762 3494 facundia
1784 3425 1924 3495 luditur
1946 3425 2130 3515 peregrina

1137 3533 1298 3620 ferrugo,
1325 3553 1440 3624 neque
1461 3531 1571 3598 fastus
1596 3528 1741 3616 ingenii.
1796 3525 1874 3617 lpsa
1897 3551 1972 3596 sese
1995 3551 2049 3597 res
2069 3551 2130 3616 ge-

1136 3635 1248 3704 nuina
1262 3635 1351 3703 facie
1367 3632 1471 3702 bonis
1486 3631 1666 3701 mentibus
1689 3630 1839 3720 probare
1861 3628 1966 3712 solet,
1994 3653 2064 3719 quo
2083 3631 2130 3711 iit,

1136 3751 1177 3808 ut
1193 3751 1227 3806 et
1240 3750 1359 3825 aperta
1377 3733 1487 3823 magis
1503 3756 1541 3801 ac
1554 3731 1702 3820 simplex
1716 3753 1792 3798 mea
1809 3731 1854 3797 sit
1869 3732 1987 3796 futura
2004 3728 2129 3797 oratio.

1136 3835 1240 3908 Artes
1264 3839 1419 3928 primum
1445 3835 1684 3921 dependemus
1714 3830 1940 3897 administras
1965 3824 2129 3899 Philoso-

1135 3935 1252 4029 phiae.
1304 3935 1444 4005 Deinde
1464 3931 1563 3999 illam
1587 3930 1699 4019 ipsam
1714 3953 1857 4022 quoque
1873 3930 1903 3997 si
1920 3931 2034 3999 visum
2049 3931 2128 4001 fue-

1136 4040 1200 4123 rit,
1227 4060 1317 4131 quae
1332 4035 1446 4103 maius
1458 4032 1595 4126 aliquid
1616 4030 1797 4100 communi
1818 4027 2006 4101 hominum
2024 4055 2128 4104 sensu
2198 4086 2203 4095 .

1136 4141 1293 4231 spirans,
1327 4150 1431 4228 caput
1458 4135 1551 4203 inter
1575 4133 1700 4202 nubila
1731 4134 1871 4205 condit:
1906 4130 1959 4202 Ea
1985 4148 2036 4203 est
2059 4161 2127 4205 vox

1136 4240 1335 4313 Daemonii.
1378 4234 1534 4308 Omnem
1553 4231 1694 4306 isthune
1711 4235 1840 4318 locum,
1864 4236 1994 4327 opinor
2010 4250 2043 4306 et
2061 4231 2128 4306 hoe

1136 4369 1252 4429 anno,
1278 4365 1398 4412 mense
1411 4338 1523 4423 lulio,
1550 4339 1720 4407 concione
1743 4339 1895 4429 quadam
1912 4363 1930 4406 a
1947 4339 2052 4407 nobis
2069 4362 2130 4408 ex-
2154 4349 2156 4353 ’

1137 4448 1305 4538 plicatum
1329 4443 1517 4532 cognostis.
1569 4438 1647 4509 Hoc
1675 4455 1751 4510 tum
1780 4452 1854 4508 erat
1876 4441 2013 4524 studio,
2047 4463 2127 4508 cum

1137 4574 1155 4618 e
1173 4550 1245 4619 suis
1261 4546 1421 4618 fontibus
1438 4543 1634 4613 derivarem
1650 4554 1760 4626 artes,
1786 4555 1826 4610 ut
1848 4542 1956 4609 animi
1979 4554 2127 4611 naturae

1136 4653 1358 4721 ostenderem
1374 4646 1480 4717 insita
1494 4670 1615 4714 earum
1630 4645 1744 4726 initia,
1766 4644 1899 4712 scilicet
1913 4639 2004 4711 hanc
2015 4643 2126 4711 facem

1136 4754 1250 4845 prima
1272 4754 1333 4821 lux
1357 4763 1390 4818 et
1406 4749 1604 4835 aevintegra
1623 4746 1803 4815 mentibus
1819 4744 1986 4815 humanis
2004 4745 2128 4813 foene-

1136 4871 1201 4927 rat.
1252 4852 1345 4924 Dein
1361 4866 1403 4921 ut
1424 4850 1579 4939 imperiti
1595 4862 1741 4917 naturae
1761 4847 1914 4931 iudices,
1939 4860 1979 4916 ut
1996 4841 2128 4916 abhor-

1137 4972 1254 5028 rentes
1269 4981 1288 5025 a
1306 4969 1465 5024 veterum
1482 4947 1655 5034 historiis,
1682 4951 1743 5042 qui
1760 4974 1868 5019 unam
1883 4963 2040 5037 gentem,
2067 4963 2128 5018 aut

1136 5084 1248 5129 unum
1266 5059 1413 5128 fortasse
1427 5053 1617 5148 Marsyan,
1642 5052 1811 5146 primitiis
1828 5051 1957 5120 artium
1974 5052 2127 5141 dignan-

1137 5176 1215 5234 tur.
1260 5157 1352 5230 Nam
1382 5171 1422 5228 ut
1449 5158 1570 5226 eadem
1602 5155 1768 5244 gentibus
1797 5154 1991 5248 omnibus,
2023 5165 2127 5240 atque

1137 5266 1225 5334 adeo
1243 5250 1342 5332 omni
1360 5260 1459 5332 coelo
1474 5257 1576 5350 aequi
1597 5258 1755 5350 bonique
1772 5256 1881 5340 ratio,
1899 5256 2021 5341 iidem
2043 5248 2125 5316 iusti

1137 5369 1269 5450 fontes,
1295 5365 1345 5435 sie
1367 5363 1489 5434 eadem
1511 5360 1644 5454 ubique
1667 5372 1814 5430 naturae
1829 5357 1993 5438 scientia,
2019 5349 2126 5419 modo

1470 5461 1527 5536 1*
