4732 6030
57 298 131 372 867
500 296 659 377 DECL.
692 298 767 373 DE
801 300 1035 393 swutls
1065 297 1333 371 LINGUAE
1369 296 1659 373 GRAECAE.
2007 299 2081 372 858

58 475 192 547 mitatis
214 486 372 557 nocuae,
396 495 519 543 carrsas
537 473 620 542 item
638 496 831 565 poenarum
848 498 888 543 ac
903 475 1046 543 calami·
1096 470 1348 559 Apostolorum
1366 473 1504 561 lingnac
1522 473 1689 541 dissectae
1706 472 1743 541 in
1760 476 1904 543 modum
1920 475 2083 543 flammae

60 592 172 651 tatum
193 573 454 660 humanarum,
480 587 514 644 et
536 598 597 665 per
612 577 758 644 eandem
775 576 973 645 doctrinam
990 599 1046 644 re·
1095 573 1353 662 adparuerunt,
1377 588 1411 643 et
1428 573 1495 665 ipsi
1511 575 1629 644 statim
1645 574 1752 643 variis
1766 572 1897 664 linguis
1913 574 2082 644 miracula

59 678 176 750 rnedia
205 677 310 748 nobis
332 688 437 770 atque
463 673 711 746 liberationem
729 679 778 751 ab
800 679 968 747 omnibus
989 673 1046 747 bis
1094 670 1162 743 Dei
1189 674 1310 767 eloqui
1338 698 1378 744 ac
1406 675 1607 765 praedicare
1638 690 1840 765 coeperunt.
1905 674 2080 766 Adparuit

59 780 255 861 aerumnis,
288 778 417 874 quibua
441 790 585 871 propter
607 791 785 869 peccatum
807 802 971 870 oppressa
995 794 1047 849 est
1095 789 1179 846 tnnc
1197 774 1350 867 Spiritus
1374 792 1514 847 sanctus
1537 778 1603 848 sub
1627 778 1740 867 specie
1763 778 1926 846 flammae
1949 801 1988 845 ac
2011 776 2082 844 lin-

59 895 185 953 natura
212 875 388 965 humana,
420 893 454 949 et
482 893 659 949 aeternam
689 880 838 949 salutem
868 881 1045 973 vitamque
1094 900 1263 965 guarum,
1295 893 1328 948 et
1350 880 1462 969 prima
1484 879 1582 947 illius
1604 880 1717 950 virtus
1741 892 1847 970 atque
1867 878 2019 948 efficacia
2042 878 2082 947 in

60 984 164 1054 nobis
192 981 309 1053 offert.
376 977 479 1051 Misit
506 982 550 1051 ad
581 1004 646 1050 nos
677 981 833 1050 eiusdem
864 983 1045 1053 doctrinae
1095 980 1156 1048 illa
1186 980 1352 1049 varietate
1382 981 1585 1070 linguarum
1616 1003 1690 1050 sese
1717 981 1887 1051 ostendit:
1920 978 1996 1049 Deo
2019 1002 2081 1070 per

59 1082 209 1155 nuncios
232 1106 272 1151 ac
292 1080 493 1167 ministros,
534 1082 687 1172 primum
708 1096 847 1154 sanctos
869 1097 983 1183 patres
1006 1109 1046 1152 ac
1094 1076 1162 1149 hoc
1201 1081 1315 1171 ipsum
1347 1084 1581 1171 significante,
1620 1084 1760 1175 qualem
1792 1078 2006 1166 Ecclesiam,
2047 1092 2082 1150 et

59 1182 269 1278 Prophetas:
295 1183 393 1254 misit
414 1186 555 1253 tandem
577 1199 757 1254 aeternum
775 1199 881 1278 atque
899 1185 1043 1254 unicum
1094 1182 1197 1275 quale
1210 1205 1376 1270 regnum,
1403 1199 1436 1253 et
1450 1209 1519 1276 quo
1536 1186 1642 1253 modo
1658 1185 1693 1252 id
1710 1185 1805 1253 inter
1818 1178 1980 1251 homines
1994 1206 2082 1251 con·

59 1288 173 1358 filium
196 1308 301 1355 suum
321 1284 515 1356 Dominum
537 1309 578 1354 ac
600 1287 857 1376 redemptorem
882 1301 1043 1357 nostrum
1094 1296 1299 1372 gregaturus
1313 1299 1418 1368 esset,
1445 1308 1569 1374 nempe
1584 1309 1647 1376 per
1662 1286 1873 1369 doctrinam,
1900 1284 2083 1353 cuiusmi-

59 1387 176 1459 lesum
190 1383 391 1467 Christum,
414 1400 453 1456 ut
469 1387 499 1454 is
514 1387 654 1455 victima
671 1410 736 1477 pro
752 1391 899 1478 peccatis
915 1388 1044 1458 nostris
1095 1386 1204 1455 nistra
1220 1385 1342 1473 lingua
1358 1399 1445 1455 esset
1462 1387 1592 1459 futura.

58 1492 173 1574 beret,
205 1513 245 1558 ac
273 1513 338 1558 nos
364 1490 409 1557 de
429 1490 552 1557 eadem
577 1487 758 1559 voluntate
781 1492 915 1560 aeterni
937 1489 1044 1581 patris
1194 1483 1285 1557 Cum
1302 1487 1410 1576 igitur
1423 1488 1526 1556 aliter
1539 1482 1606 1557 hoc
1620 1501 1759 1559 tanturn
1775 1489 1909 1558 bonum
1925 1487 2081 1578 accipere

57 1595 230 1662 edoceret.
251 1630 256 1641 ·
280 1585 446 1681 Eumque
465 1589 648 1659 hominem
666 1590 760 1673 beri,
787 1587 940 1661 humana
959 1615 1044 1659 voce
1094 1612 1168 1657 non
1196 1589 1388 1679 possimus,
1421 1613 1526 1681 quam
1555 1589 1725 1659 beneficio
1753 1590 1925 1658 sermonis
1953 1603 1987 1659 et
2010 1589 2082 1656 lin-

59 1693 163 1763 nobis
185 1691 304 1785 loqui,
329 1703 363 1760 et
384 1690 526 1784 quidem
544 1691 677 1760 aeterni
692 1696 802 1783 patris
817 1696 965 1763 verbum
981 1717 1045 1759 vo·
1094 1712 1199 1778 guae,
1231 1703 1271 1759 ut
1302 1692 1407 1759 divus
1430 1689 1560 1759 Paulus
1588 1692 1658 1775 ait,
1690 1692 1776 1760 fides
1798 1705 1851 1760 est
1874 1715 1914 1758 ex
1938 1691 2080 1759 auditu:

59 1794 131 1864 cari
151 1793 283 1876 voluit,
315 1803 355 1862 ut
376 1791 572 1864 doctrinam
598 1792 709 1882 ipsius
732 1794 916 1885 praecipue
940 1794 1045 1861 nobis
1095 1790 1220 1859 merito
1235 1792 1469 1879 magnifacere
1483 1792 1648 1861 debemus
1663 1793 1765 1862 istam
1782 1792 1940 1863 nobilem
1956 1814 2082 1876 arcam,

58 1894 331 1967 commendaret.
393 1889 447 1963 Αε
469 1906 567 1984 pater
588 1894 663 1981 ipse
684 1896 729 1963 de
748 1897 846 1964 coelo
869 1894 1045 1986 praecepit
1094 1893 1132 1959 in
1147 1915 1216 1984 qua
1230 1905 1348 1963 tantus
1357 1887 1543 1961 thesaurus
1552 1894 1950 1983 repositusadservatur,
1976 1915 2081 1985 quam

58 1997 175 2087 ipsum
204 1995 332 2068 audiri.
397 1991 480 2081 Quo
508 2007 666 2084 tempore
696 2018 766 2065 una
796 2021 878 2066 cunr
908 1994 1045 2085 Spiritu
1094 1993 1156 2086 qui
1178 1994 1378 2081 negligunt,
1406 1989 1444 2061 hi
1467 2017 1583 2086 neque
1606 1989 1771 2064 thesauro
1795 1995 1995 2083 potientur,
2021 1994 2083 2061 sed

36 2109 179 2167 'sancto
200 2096 240 2164 in
262 2094 437 2187 baptismo
454 2090 589 2165 Christi
611 2118 647 2164 se
666 2097 922 2175 manifestavit,
945 2121 985 2165 ac
1002 2097 1045 2164 de
1093 2118 1166 2163 una
1189 2119 1268 2164 cum
1294 2118 1394 2185 capsa
1418 2095 1534 2185 ipsum
1557 2119 1699 2188 quoque
1714 2095 1887 2165 amittent.
1940 2095 2083 2183 Quanta

58 2198 158 2268 coelo
182 2196 364 2267 clamavit:
396 2192 504 2265 Hunc
522 2197 650 2267 audite.
704 2195 867 2291 Denique
882 2194 1045 2269 Christus
1094 2220 1178 2266 vero
1195 2209 1230 2265 et
1245 2221 1351 2288 qnam
1369 2210 1457 2266 tetra
1475 2197 1692 2285 ingratitudo
1708 2211 1776 2279 est,
1801 2212 1898 2268 tanta
1916 2198 2009 2266 dona
2026 2195 2084 2263 di-

58 2301 148 2388 ipse,
178 2321 258 2368 cum
280 2322 300 2369 a
326 2295 485 2379 ludaeis,
518 2298 598 2391 quis
620 2314 726 2383 esset,
758 2301 1046 2389 interrogaretur,
1094 2298 1176 2366 vina
1203 2299 1402 2386 negligere?
1435 2311 1566 2390 quanta
1588 2298 1815 2384 infoelicitas,
1847 2294 1903 2368 his
1926 2298 2084 2369 excidere

59 2395 134 2473 tots
157 2402 193 2473 8.
224 2399 426 2491 respondit,
470 2420 507 2468 se
534 2423 680 2490 prorsus
707 2402 804 2472 aliud
836 2397 929 2469 nihil
962 2424 1045 2484 esse,
1093 2425 1133 2470 ac
1148 2399 1334 2470 frustrari?

58 2525 163 2594 quam
187 2524 267 2570 com
289 2501 351 2593 qui
372 2500 578 2594 loqueretur
596 2501 697 2589 ipsis:
729 2497 797 2572 hoc
822 2518 890 2587 est,
922 2507 1045 2572 docto·
1196 2499 1307 2568 Porro
1329 2500 1422 2567 inter
1445 2500 1601 2589 linguas,
1629 2499 1781 2583 Graeca,
1814 2501 1888 2569 sive
1907 2497 2082 2588 multipli-

57 2627 131 2672 rem
158 2615 263 2695 atque
284 2601 455 2671 nuncium
477 2602 616 2671 consilii
638 2627 678 2672 ac
700 2605 893 2674 voluntatis
910 2604 1045 2673 aeterni
1094 2626 1168 2671 cem
1195 2602 1392 2671 doctrinam
1414 2613 1626 2692 spectemus,
1658 2625 1764 2694 quam
1787 2599 1883 2671 Deus
1906 2623 1968 2691 per
1992 2594 2083 2667 hanc

57 2704 168 2796 patris
189 2703 256 2775 sui.
305 2698 476 2773 Eiusdem
497 2704 678 2773 doctrinae
694 2707 891 2794 vulgandae
906 2731 946 2775 ac
963 2731 1044 2795 pro·
1094 2705 1251 2792 linguam
1272 2698 1430 2774 humano
1453 2726 1579 2792 genere
1600 2703 1813 2794 impertivit,
1845 2727 1907 2774 seu
1930 2701 2082 2771 suavita-

59 2805 236 2896 pagandae
257 2804 497 2896 provinciam,
521 2800 684 2874 Christus
705 2823 783 2896 post
801 2831 837 2875 se
853 2804 1045 2898 Apostolis,
1093 2819 1164 2875 tem
1195 2829 1235 2873 ac
1263 2806 1490 2894 elegantiam,
1528 2806 1630 2875 facile
1659 2806 1814 2896 primum
1842 2806 1960 2875 locum
1989 2802 2084 2872 obti-

57 2929 249 3000 eorumquc
272 2905 476 2995 discipulis,
499 2925 610 2995 usque
633 2908 716 2973 dum
739 2903 796 2974 hic
813 2908 911 2975 orbis
927 2921 1044 2987 staret,
1095 2905 1202 2977 nebit.

58 3008 250 3079 mandavit.
306 3000 354 3073 Et
376 3006 471 3095 quod
496 3004 735 3073 inenarrabile
758 3007 968 3076 miraculum
994 3023 1045 3077 est
1194 3005 1285 3076 Nam
1309 3007 1463 3096 primurn
1486 3003 1569 3076 huic
1587 3009 1729 3098 linguae
1745 3005 1842 3077 Deus
1859 3029 1992 3077 novum
2012 3004 2085 3075 Te·

56 3107 263 3181 clementiae
283 3128 324 3173 ac
341 3104 510 3174 bonitatis
525 3103 686 3189 divinae,
709 3119 841 3177 tantam
858 3104 964 3177 huius
979 3111 1045 3177 do-
1094 3120 1325 3189 stamentum,
1358 3102 1425 3177 hoc
1454 3123 1524 3188 est,
1557 3134 1633 3178 eam
1660 3111 1880 3188 doctrinam,
1914 3108 2014 3179 cuius
2038 3108 2083 3175 ad

56 3209 191 3281 ctrinae
204 3205 278 3275 rim
293 3206 512 3289 essevoluit,
537 3218 577 3275 ut
593 3207 694 3277 nullo
709 3207 779 3277 alio
794 3211 919 3294 modo,
945 3210 1044 3280 nulla
1094 3232 1160 3278 nos
1182 3208 1352 3277 nuncium
1373 3233 1414 3278 ac
1430 3206 1619 3281 Doctorem
1641 3224 1822 3281 aeternum
1845 3209 1957 3278 filiurn
1981 3231 2085 3278 suurn

55 3309 211 3393 ratione,
235 3301 397 3377 homines
419 3308 464 3377 ab
485 3321 626 3378 aeterna
648 3325 763 3380 morte
785 3311 951 3396 liberari,
974 3314 1042 3380 sal·
1094 3310 1209 3394 misit,
1236 3311 1465 3381 concredidit.
1516 3311 1607 3383 Cum
1629 3313 1725 3381 enim
1749 3312 1902 3403 populns
1920 3307 2085 3380 Iudaicus

55 3411 163 3504 vique
185 3408 262 3479 lieri
283 3432 389 3502 quarn
410 3431 473 3499 per
496 3404 565 3479 hoc
590 3412 738 3482 verbum
757 3426 913 3503 possent.
966 3410 1044 3482 Hoc
1093 3424 1239 3503 propter
1258 3411 1549 3500 ingratitudinem
1571 3438 1591 3482 a
1613 3413 1725 3502 gratia
1748 3413 1869 3482 divina
1894 3411 2086 3492 excidisset,

55 3513 163 3583 unico
190 3511 296 3582 modo
317 3505 414 3581 Deus
435 3511 673 3597 innotescere,
707 3538 747 3583 ac
769 3515 948 3585 mentibus
974 3509 1043 3584 hu-
1093 3527 1198 3606 atque
1226 3514 1321 3583 iuxta
1350 3527 1507 3583 veterum
1540 3516 1765 3583 oraculorum
1795 3511 2084 3602 praedictionem,

54 3612 170 3684 manis
184 3611 284 3682 illabi
298 3611 393 3697 vult,
415 3627 450 3684 et
465 3635 528 3701 per
542 3614 691 3680 eundem
706 3618 852 3683 modum
868 3614 1043 3704 Spiritum
1093 3614 1258 3703 gentibus
1279 3608 1365 3682 haec
1379 3613 1545 3707 mysteria
1562 3612 1769 3685 clementiae
1785 3612 1928 3682 divinae
1943 3634 2086 3682 annun-

55 3716 159 3786 suum
183 3726 343 3785 sanctum
367 3712 535 3807 inspirat,
561 3737 623 3805 per
642 3738 747 3807 quem
764 3715 802 3783 in
821 3729 961 3806 pectore
974 3710 1044 3784 bu·
1094 3714 1220 3784 cianda
1238 3727 1342 3805 atque
1358 3714 1540 3782 offerenda
1556 3730 1690 3799 essent,
1717 3728 1751 3783 et
1767 3711 1986 3784 Graecorum
2004 3736 2084 3781 cum

55 3840 162 3886 mano
182 3838 294 3888 novos
315 3827 435 3885 motus
459 3814 549 3900 ciet,
580 3838 711 3885 novam
736 3817 849 3886 lucem
874 3816 1045 3900 accendit,
1094 3815 1212 3893 natio,
1246 3827 1322 3883 turn
1350 3813 1470 3903 lingua
1491 3816 1596 3904 longe
1620 3817 1759 3908 lateque
1780 3828 1866 3884 tunc
1889 3812 2011 3883 Asiam
2032 3826 2086 3882 at-

56 3942 97 3989 sc
124 3940 227 4011 saepe
252 3928 418 4002 testatur,
449 3939 525 3985 non
555 3916 642 3985 alibi
666 3913 859 3986 Ecclesiam
884 3940 985 3988 suam
1011 3931 1044 3987 et
1095 3940 1164 4009 que
1178 3912 1360 4005 Europam
1381 3929 1629 4006 occupaverat:
1656 3916 1771 3986 voluit
1785 3912 1883 3984 Deus
1904 3910 1996 3984 hanc
2010 3914 2083 3985 lin-

56 4018 248 4089 electorum
272 4030 509 4100 scelerasse,
534 4041 639 4110 quam
657 4018 721 4086 ubi
737 4013 804 4088 hoc
822 4020 969 4088 verbum
987 4042 1045 4087 so-
1095 4039 1199 4107 guam
1214 4015 1290 4085 eius
1305 4014 1488 4085 doctrinae
1505 4017 1726 4108 potissimum
1744 4017 1912 4086 nunciam
1927 4031 1962 4087 et
1976 4015 2087 4085 mini·
2221 4072 2224 4077 .

56 4130 137 4200 nat,
161 4118 310 4190 discitur
331 4120 551 4190 seducetur.
602 4116 677 4206 Qui
702 4142 776 4188 non
795 4120 926 4190 dixerit
949 4121 1044 4190 iuxta
1095 4132 1202 4189 stram
1220 4139 1303 4187 esse.

54 4220 206 4290 verbum
233 4214 321 4305 hoc,
353 4245 428 4291 non
452 4220 520 4291 erit
547 4220 580 4289 ei
610 4222 781 4291 matutina
812 4222 893 4303 lux,
926 4222 1045 4314 inquit
1199 4213 1257 4287 Ad
1281 4221 1562 4309 cognoscendum
1583 4219 1693 4310 igitur
1713 4234 1819 4314 atque
1837 4234 1930 4291 recte
1950 4218 2087 4291 intelli-

54 4318 193 4395 Esaias.
242 4316 825 4414 Tantiqnefacitclementissimus
841 4336 874 4394 ct
890 4325 1045 4412 optimus
1095 4321 1249 4411 gendum
1290 4345 1422 4391 novum
1461 4321 1749 4409 Testamentum,
1796 4324 1893 4416 quod
1928 4321 2087 4392 continet

53 4420 152 4495 Deus
173 4417 282 4493 huius
297 4420 479 4492 doctrinae
492 4424 647 4495 studium
663 4448 703 4493 ac
716 4427 979 4509 tractationem,
1004 4437 1045 4495 ut
1096 4419 1329 4513 Evangelium
1350 4417 1506 4510 Christi,
1533 4422 1680 4495 omnino
1703 4448 1793 4515 opus
1813 4438 1864 4495 est
1885 4420 1992 4495 huius
2016 4423 2087 4492 lin·

54 4525 151 4595 frlius
172 4522 307 4594 aeterni
330 4524 441 4616 patris
464 4548 505 4592 ex
521 4522 598 4595 Deo
620 4525 697 4616 ipso
719 4526 812 4597 dicat
836 4542 937 4597 natos
959 4551 1046 4613 esse,
1095 4548 1183 4615 guae
1202 4525 1347 4598 auxilio.
1405 4523 1495 4594 Nam
1519 4551 1599 4598 cum
1621 4540 1657 4596 et
1679 4526 1773 4598 blius
1794 4526 1862 4597 Dei
1884 4528 2088 4616 redemptor

55 4625 118 4722 qui
141 4621 209 4697 hoc
230 4625 378 4697 verbum
401 4624 567 4704 audiant,
592 4628 808 4699 meditentur
827 4654 867 4698 ac
882 4643 1043 4700 tractent
1085 4639 1234 4713 noster,
1258 4627 1296 4696 in
1314 4622 1382 4696 boc
1404 4625 1498 4695 libro
1521 4628 1693 4698 derebus
1715 4627 1943 4708 coelestibus,
1967 4628 2011 4694 de
2031 4648 2088 4693 re-

55 4726 139 4817 Quo
167 4726 283 4816 elogio
311 4724 399 4821 qnid
430 4725 588 4810 dulcius,
619 4730 777 4800 maiusve
807 4730 878 4801 dici
899 4745 959 4800 aot
983 4756 1044 4800 co·
1096 4752 1165 4817 gno
1186 4726 1298 4820 patris
1319 4727 1394 4808 sui,
1420 4748 1573 4819 suoque,
1601 4731 1644 4795 de
1667 4742 1808 4798 aeterna
1831 4728 1942 4799 salute
1966 4740 2087 4797 nostra

54 4829 157 4921 gitari
177 4827 315 4919 potest?
1096 4831 1143 4900 ita
1158 4828 1414 4919 significanter,
1440 4829 1487 4899 ita
1503 4828 1659 4901 dilucide
1672 4829 1913 4909 concionetnr,
1933 4828 2087 4899 utnulla

159 4930 260 5001 Hanc
286 4951 372 4999 vero
398 4925 625 4999 foelicitatem
655 4942 789 5003 tantam
814 4946 854 5004 ut
876 4932 1044 5025 consequi
1096 4945 1273 5015 creatura,
1301 4929 1422 4999 nullus
1445 4930 1499 4999 vel
1517 4927 1695 5021 Angelus,
1722 4930 1777 5000 vel
1795 4925 1905 5001 homo
1923 4930 1969 5001 ita
1988 4930 2086 5024 loqui

53 5030 248 5125 possimus,
282 5054 401 5104 amare
429 5044 464 5101 et
493 5030 728 5121 magnifacere
761 5036 881 5104 omnia
911 5036 1044 5106 instro·
1096 5032 1268 5124 potuerit:
1293 5045 1328 5103 et
1345 5027 1695 5123 ApostoliaSpiritu
1709 5047 1831 5103 sancto
1846 5031 1977 5115 afflati,
2002 5056 2087 5103 ean-

53 5147 172 5206 menta
186 5134 373 5215 debemur,
396 5156 462 5226 per
473 5155 563 5227 quae
578 5133 645 5202 iste
659 5126 845 5203 thesaurus
861 5160 1045 5225 compara-
1095 5137 1176 5205 dem
1191 5135 1231 5202 in
1248 5134 1398 5202 dicendo
1417 5133 1531 5203 lucem
1546 5134 1678 5204 imitari
1696 5136 1930 5219 studuerunt,
1956 5148 1989 5204 et
2004 5157 2086 5203 ora-

53 5249 131 5321 tur,
156 5237 252 5306 inter
271 5259 362 5329 quae
382 5235 585 5326 linguarum
606 5234 761 5323 cognitio
783 5236 908 5306 merito
930 5238 1043 5325 prima
1095 5238 1228 5307 tionem
1259 5259 1357 5305 saram
1382 5237 1425 5304 ad
1449 5231 1583 5306 Christi
1606 5238 1840 5327 praeceptoris
1865 5238 1920 5306 sui
1946 5232 2088 5304 dicendi

54 5352 227 5409 censetur.
280 5335 320 5407 ld
350 5339 444 5431 qnod
470 5334 567 5407 Deus
594 5335 700 5407 etiarn
732 5337 771 5406 in
797 5358 895 5407 sacra
916 5335 1046 5409 Pente-
1096 5340 1260 5427 liguram,
1301 5360 1406 5429 quam
1428 5338 1587 5427 proxime
1607 5338 1828 5412 effinxerunt.
1880 5335 2087 5425 Multaeque

50 5452 148 5511 coste
174 5439 351 5525 ostendit,
382 5462 463 5511 curn
492 5439 530 5509 in
562 5439 717 5510 adventu
747 5436 904 5531 Spiritus
933 5441 1047 5511 sancti
1095 5436 1154 5511 hie
1169 5451 1253 5511 sunt
1268 5462 1388 5524 voces,
1411 5440 1544 5511 multae
1560 5441 1691 5531 figurae
1706 5464 1746 5511 ac
1764 5437 1928 5532 phrases,
1954 5436 2087 5507 multae
