4732 6030
63 353 141 427 nr
532 340 693 443 nucu
749 337 822 415 uu
856 316 1609 414 urrmrarn'rnnuunuutu
2023 349 2096 424 us

61 518 303 594 imbecillibus
331 515 447 598 nasci,
482 539 630 611 eamque
654 516 788 605 legem,
822 514 971 605 opinor,
1003 513 1051 581 ita
1102 511 1288 582 sinuanda.
1338 505 1597 601 Excogitarunt
1608 510 1728 613 itaque
1741 516 2009 605 prudentissimi
2024 516 2092 592 ho-

61 623 178 696 sanxit
203 633 351 706 natura,
382 632 424 689 ut
443 617 892 708 educandae.tuendaeque
919 615 1053 686 sobolis
1101 615 1217 684 mines
1229 613 1397 710 fabellas,
1418 635 1509 706 quae
1524 612 1681 702 primum
1703 616 1938 691 admiratione
1961 624 2092 694 excita-

60 748 183 798 cnram
203 724 242 792 in
265 722 473 815 parentibus
494 732 648 809 augeret.
698 713 753 790 Os
773 719 930 810 primurn
955 719 1053 786 iner-
1102 730 1193 802 rent,
1208 739 1270 786 ceu
1282 726 1466 811 veternum
1481 717 1658 811 quendam
1668 718 1883 791 dormientes
1897 748 2091 813 puerorum

61 852 120 898 me
135 841 169 898 et
183 825 391 897 edentulum
406 837 476 908 est,
498 845 576 892 sero
600 822 794 890 admodum
811 820 951 910 lingua,
977 842 1053 888 ma·
1101 818 1254 888 animos.
1304 816 1403 907 Quid
1418 817 1643 906 enimmagis
1661 842 1797 888 novum
1815 825 1921 895 nobis
1937 827 2091 912 videtur,

61 952 150 1014 nus,
176 930 283 1020 pedes
296 927 455 997 officium
471 948 574 995 suum
590 924 704 993 lacere
726 922 915 1013 incipiunt.
966 919 1050 992 Est·
1101 944 1209 1014 quam
1233 920 1358 1011 lupum
1380 944 1460 991 cum
1492 943 1603 1013 equo,
1629 921 1769 991 leonem
1793 947 1874 994 cum
1891 929 2091 1019 vulpecula,

62 1056 133 1124 que
141 1042 239 1102 tanta
252 1030 291 1099 in
308 1043 431 1099 tenero
441 1025 649 1119 corpusculo
658 1023 1051 1095 imbecillitasomnium
1102 1046 1271 1116 quercum
1290 1046 1370 1091 cum
1388 1022 1570 1091 cucurbita
1590 1018 1779 1095 hominum
1794 1051 1893 1097 more
1909 1031 2091 1124 colloqui?

60 1134 330 1215 membrorum,
364 1143 404 1201 ut
429 1129 468 1197 ni
490 1129 625 1218 vagiret
647 1128 786 1211 infans,
820 1128 938 1197 vivere
961 1149 1051 1218 pene
1103 1123 1222 1196 Taciti
1234 1125 1329 1215 apud
1347 1146 1412 1193 nos
1431 1123 1622 1208 miramur,
1646 1126 1709 1218 qui
1724 1150 1865 1212 sensus,
1893 1133 1956 1225 qui
1974 1157 2089 1203 sermo

60 1236 273 1309 nesciretur.
297 1229 346 1304 Et
360 1228 443 1303 huic
459 1229 617 1322 corporis
631 1231 739 1299 modo
755 1229 928 1320 singulari
943 1230 1053 1298 bene-
1101 1226 1295 1297 bestiarum
1320 1226 1442 1296 luerit:
1478 1223 1642 1320 paritque
1665 1222 1751 1298 haec
1773 1233 1962 1305 admiratio
1985 1236 2090 1306 volu-

60 1337 145 1409 licio
161 1349 287 1407 natura
305 1334 572 1405 convenientem
599 1332 805 1403 alimoniam
828 1334 868 1402 in
883 1332 1052 1402 maternis
1102 1341 1233 1422 ptstem
1258 1331 1436 1422 quandam
1464 1327 1611 1421 propius
1635 1336 1897 1420 cognoscendae
1922 1337 1992 1422 rei,
2033 1337 2091 1408 iu-

60 1439 240 1511 uberibus
267 1437 447 1521 condidit,
480 1437 578 1530 quod
606 1435 838 1505 solidioribus
863 1435 952 1506 cibis
977 1457 1052 1501 non
1103 1445 1231 1525 ratque
1257 1433 1411 1511 discere,
1449 1454 1556 1524 quam
1589 1430 1637 1501 ob
1664 1455 1802 1502 causam
1833 1429 1919 1506 haec
1942 1439 2090 1510 conficta

61 1540 188 1612 statim
212 1563 252 1610 os
274 1540 416 1610 firmum
435 1539 492 1610 sit.
547 1537 669 1630 ltaque
694 1552 855 1609 materno
881 1538 970 1607 lacte
993 1536 1052 1604 in·
1103 1534 1189 1605 sint.
1241 1532 1296 1604 lbi
1313 1532 1482 1623 paulatim
1497 1532 1639 1602 animus
1655 1535 1842 1622 excitatus,
1868 1537 1972 1627 erigit
1997 1564 2035 1609 se
2051 1541 2090 1610 in

25 1694 29 1699 -
61 1643 145 1713 lans
163 1643 334 1733 tantisper
351 1641 478 1725 alitur,
514 1655 591 1712 tum
615 1639 784 1710 viriculas
806 1640 979 1710 firmiores
1000 1639 1054 1707 la·
1103 1635 1438 1727 contemplationem
1469 1659 1588 1705 rerum
1623 1630 1881 1724 humanarum,
1912 1655 1947 1712 et
1979 1664 2091 1731 agno-

62 1759 160 1829 ctae,
185 1744 391 1814 solidiorem
408 1743 527 1813 cibum
544 1742 748 1824 admittant,
774 1757 926 1834 suntque
950 1753 1053 1809 auto·
1104 1762 1199 1808 scere
1237 1738 1411 1807 virtutum
1444 1739 1684 1830 vitiorumque
1716 1739 1921 1811 discrimina
1952 1742 2090 1836 incipit.

63 1870 123 1917 res
135 1847 280 1926 medici,
306 1845 370 1937 qui
393 1845 533 1931 integro
551 1843 696 1914 biennio
712 1844 788 1912 solo
804 1843 892 1911 lacte
907 1843 1053 1910 alendos
1103 1838 1245 1908 Deinde
1259 1838 1365 1908 altius
1383 1839 1558 1920 insidunt,
1584 1864 1664 1908 cum
1677 1843 1784 1912 verba
1804 1857 1878 1913 tum
1895 1846 2091 1916 sententiae

64 1960 229 2032 censent,
256 1947 428 2038 paulatim
443 1959 561 2035 postea
579 1944 727 2013 solidior
744 1944 844 2012 cibus
857 1944 974 2025 datur,
990 1964 1054 2009 nec
1105 1965 1228 2011 eorum
1244 1955 1549 2028 argumentorum,
1575 1965 1758 2033 quaecum
1774 1946 2013 2017 admiratione
2030 1972 2090 2017 ex·

63 2048 129 2121 ille
145 2063 265 2118 tamen
288 2047 516 2139 aliquandiu,
539 2045 609 2114 nisi
632 2067 870 2134 praemensus.
924 2043 1054 2112 lamet
1104 2044 1281 2134 cepimus,
1315 2056 1349 2112 et
1373 2045 1470 2113 velut
1491 2044 1632 2113 aculeos
1652 2035 1862 2140 relinquunt
1883 2049 1922 2117 in
1950 2052 2089 2134 animis,

62 2153 235 2223 alumnae
258 2172 367 2217 manu
390 2148 538 2216 infantis
560 2171 622 2215 ore
637 2147 820 2229 interitur,
845 2147 1053 2237 priusquam
1104 2146 1234 2239 quibus
1255 2146 1482 2215 accendimur
1510 2137 1593 2216 cura
1618 2149 1769 2239 quadam
1800 2151 2090 2241 pervestiganda·

63 2249 177 2325 huius
205 2272 333 2319 manus
365 2248 483 2319 officio
515 2272 580 2318 suo
606 2250 707 2337 fungi
735 2260 859 2339 potest.
912 2243 1054 2316 Omitto
1104 2271 1184 2317 rum
1201 2270 1321 2316 earum
1344 2271 1481 2329 rerum,
1508 2272 1598 2342 quae
1619 2271 1714 2320 novo
1736 2266 1936 2323 commento
1960 2255 2090 2323 tradita

66 2368 201 2449 quanta
218 2351 412 2434 industria,
438 2364 639 2444 quantaque
657 2373 740 2420 cura
753 2349 918 2419 collocari
937 2351 976 2417 in
991 2372 1059 2424 cu-¹
1105 2363 1199 2420 sunt.
1260 2346 1340 2418 Hoc
1372 2349 1502 2439 opinor
1529 2351 1695 2434 consilio,
1732 2352 1890 2441 primum
1925 2356 2089 2426 confictas

65 2481 134 2527 nas
154 2455 193 2524 in
214 2454 418 2546 crepundiis
439 2452 566 2542 gestari
589 2453 718 2537 soleat,
743 2465 784 2522 ut
804 2452 974 2522 membris
989 2446 1055 2519 ha·
1105 2452 1257 2534 fabulas,
1289 2453 1383 2544 quod
1407 2452 1507 2520 nulla
1528 2451 1671 2522 dicendi
1695 2453 1834 2522 ratione
1859 2457 2002 2525 excitari
2030 2479 2089 2526 su-

65 2558 165 2629 bitus
184 2580 285 2641 suus,
311 2557 606 2648 lineamentisque
625 2557 732 2625 decor
748 2554 878 2647 aliquis
901 2567 1054 2645 paretur.
1106 2552 1209 2644 pinae
1234 2577 1426 2644 puerorum
1446 2565 1581 2623 mentes
1614 2552 1718 2622 citius
1738 2577 1840 2646 posse
1868 2557 2088 2629 viderentur.

67 2656 187 2753 Atque
211 2653 277 2728 hac
303 2658 460 2748 corporis
484 2657 708 2741 conditione,
737 2657 844 2726 fallor
869 2681 951 2747 ego,
980 2654 1052 2723 nisi
1105 2653 1271 2726 Fortasse
1302 2649 1369 2724 hoc
1394 2656 1501 2724 etiam
1524 2656 1675 2745 agebant
1697 2656 1904 2727 *fabularum
1936 2673 2090 2743 autores,

67 2775 196 2833 natura
211 2763 308 2831 velut
331 2760 529 2852 spectaculo
551 2764 705 2851 quodam
722 2759 924 2828 animorum
942 2759 1055 2827 imbe-
1104 2771 1144 2827 ut
1157 2757 1316 2826 amoenis
1337 2758 1552 2846 argumentis
1574 2759 1715 2847 ingenia
1731 2783 1925 2851 puerorum
1949 2763 2091 2832 mitiora

68 2864 252 2935 cillitatem
282 2861 529 2942 adumbravit,
566 2859 777 2948 monuitque
806 2872 938 2948 quanta
971 2880 1055 2938 cura
1105 2861 1304 2946 redderent.
1346 2857 1442 2928 lnest
1464 2860 1558 2926 enim
1582 2859 1620 2926 in
1643 2882 1683 2928 ea
1697 2874 1826 2945 aetate,
1855 2863 1946 2932 sicut
1969 2863 2007 2932 in
2033 2887 2090 2932 re-

69 2966 233 3049 excitari,
263 2961 402 3032 institui
424 2982 464 3027 ac
480 2957 613 3027 erudiri
628 2958 735 3025 rudes
749 2980 939 3047 puerorum
953 2981 1056 3025 meu·
1105 2961 1267 3031 centibus
1307 2961 1440 3049 pomis,
1486 2960 1653 3029 acerbum
1688 2961 1859 3054 quiddam
1898 2978 1933 3035 et
1963 2966 2091 3047 ferum,
2194 2986 2199 2997 ·

68 3082 121 3139 tes
148 3068 248 3138 velit.
309 3058 375 3131 Est
403 3058 498 3128 enirn
519 3081 583 3128 sua
607 3052 664 3127 his
683 3058 848 3129 infantia:
896 3059 1056 3127 videmus
1106 3061 1293 3155 quodnisi
1317 3055 1529 3130 humaniore
1556 3058 1782 3134 institutione
1807 3065 2024 3154 corrigatur,
2050 3068 2089 3135 in

68 3193 179 3264 quam
212 3187 290 3233 sero
323 3173 494 3249 agnosant
519 3161 732 3230 domesticos
761 3161 887 3240 etiam,
923 3184 1055 3254 speque
1104 3162 1307 3234 barbariem
1328 3164 1506 3255 quandam
1530 3177 1565 3239 et
1587 3165 1769 3234 beluinam
1793 3168 1980 3238 saevitiam.
2002 3170 2091 3243 abit.

65 3264 406 3360 metuque'vacant‚
440 3261 541 3331 nullo
575 3285 693 3331 rerum
722 3263 923 3333 absentium
949 3286 1055 3333 sensu
1104 3263 1279 3334 Videmus
1294 3265 1389 3334 enim
1403 3260 1470 3336 hoc
1487 3266 1639 3336 docendi
1654 3289 1782 3357 genere
1797 3292 1879 3339 usos
1894 3294 2092 3364 essequon-

66 3382 278 3459 tanguntur.
343 3362 500 3435 Proinde
521 3365 697 3455 sapientes
719 3365 788 3433 viri
810 3377 959 3436 naturae
979 3365 1053 3433 vim
1104 3369 1186 3437 dam
1202 3367 1428 3456 gravissimos
1444 3383 1477 3442 et
1493 3369 1770 3459 sapientissimos
1783 3367 1966 3453 homines,
1994 3377 2090 3466 quod

68 3471 220 3566 propius
244 3467 491 3557 contemplati,
524 3461 618 3536 haud
646 3467 811 3562 equidem
836 3468 914 3537 sine
935 3481 1054 3538 mente
1104 3494 1201 3539 nunc
1223 3484 1356 3562 quanto
1376 3471 1471 3541 malo
1497 3472 1640 3562 publico
1660 3496 1679 3540 e
1701 3468 1832 3542 scholis
1858 3477 1992 3561 exulet,
2018 3501 2091 3545 uon

71 3597 169 3658 reor,
201 3570 279 3642 sine
302 3567 451 3640 numine
474 3568 614 3651 divum,
629 3569 814 3640 uiderunt
835 3568 965 3638 animis
990 3591 1054 3638 suo
1105 3573 1208 3641 facile
1232 3571 1395 3645 dixerim.
1446 3569 1594 3642 Homeri
1613 3573 1743 3645 Poetae
1765 3578 1991 3665 prudentiam
2014 3592 2094 3648 tan-

71 3673 534 3771 quodamlacteopusesse.
586 3668 728 3758 Quaeso
750 3685 802 3755 te,
827 3695 949 3741 nonne
966 3670 1057 3741 ridi·
1106 3687 1229 3764 topere
1259 3675 1437 3744 mirantur
1471 3676 1619 3761 eruditi,
1657 3691 1698 3747 ut
1729 3701 1835 3767 supra
1869 3703 2094 3747 communem

57 3780 173 3867 culus
188 3775 314 3859 fuerit,
339 3772 368 3843 si
388 3773 468 3866 quis
492 3771 662 3842 infantem
684 3773 892 3843 anniculum
910 3797 973 3865 per
993 3798 1055 3843 ur·
1107 3775 1312 3845 mortalium
1328 3790 1458 3846 sortem
1474 3771 1618 3860 vehant,
1644 3779 1820 3868 planeque
1836 3778 2011 3859 sentiant,
2038 3779 2095 3845 di-

70 3883 134 3951 bes
164 3877 303 3970 aliquot
332 3875 556 3958 circumferat
590 3875 868 3968 praecipiatque,
909 3891 949 3946 ut
974 3875 1067 3943 illa-'
1107 3879 1190 3944 vina
1220 3878 1372 3968 quadam
1404 3877 1442 3941 vi
1474 3889 1628 3943 mentem
1658 3877 1755 3943 illius
1776 3877 1944 3967 percitam
1971 3879 2093 3950 fuisse.

71 4004 155 4051 rum
177 3980 284 4059 situs,
318 3978 402 4047 item
429 3971 611 4068 hospitum
631 3977 776 4044 nomina
806 3991 967 4047 accurate
990 3976 1057 4044 ob-
1108 3974 1157 4046 At
1180 3977 1211 4042 is
1234 3975 1369 4062 pueris,
1404 3997 1493 4067 quos
1517 3974 1561 4043 in
1584 3971 1734 4045 Graecia
1768 3978 1898 4069 passim
1932 3982 2092 4065 docebat,

75 4079 511 4170 servet‚memineritque,
529 4079 728 4148 utdomum
744 4078 902 4161 rediens,
928 4097 1058 4168 aequa·
1109 4076 1241 4147 bellum
1259 4097 1427 4144 ranarum
1442 4077 1644 4146 etmurium
1668 4078 1826 4170 scripsit,
1850 4093 1890 4151 ut
1913 4082 2020 4153 simul
2041 4097 2094 4154 te·

74 4183 173 4254 libus
195 4182 366 4254 recenseri
390 4180 524 4272 possit?
575 4179 631 4251 Ad
653 4203 735 4248 eum
768 4181 875 4248 modo
907 4177 1058 4269 ineptire
1108 4202 1213 4250 neros
1228 4175 1367 4246 animos
1381 4178 1596 4270 lepidissima
1620 4181 1739 4251 fabula
1756 4184 1961 4268 delectaret,
1986 4185 2094 4256 simul

75 4285 300 4378 iudico,·qui
323 4285 408 4354 talia
433 4282 552 4373 pueris
575 4293 800 4373 pmponunt,
825 4305 914 4373 quae
936 4292 1059 4371 captus
1109 4285 1248 4352 doceret
1264 4293 1436 4372 quantum
1452 4283 1989 4379 praestaretdissimularequam
2005 4288 2097 4358 ulci-

62 4388 223 4459 illorum
240 4388 400 4457 nondum
415 4385 625 4476 assequitur.
667 4380 732 4454 Est
745 4383 895 4452 omniuo
911 4383 1060 4452 veritate
1109 4385 1159 4455 sci
1182 4382 1369 4466 iniuriam,
1395 4406 1501 4476 quam
1516 4383 1589 4455 sint
1612 4385 1739 4456 incerti
1760 4387 1945 4459 turbarum
1962 4413 2001 4458 ac
2020 4392 2096 4459 bel-

59 4483 396 4573 nihilomnius,
427 4482 520 4555 nihil
543 4487 748 4570 amabilius,
781 4487 842 4555 sed
871 4484 1013 4575 longius
1039 4507 1059 4552 a
1110 4488 1227 4556 lorum
1251 4484 1412 4556 omnium
1437 4486 1568 4571 exitus,
1594 4511 1658 4558 uec
1680 4513 1760 4558 raro
1780 4490 1957 4574 accidere,
1983 4505 2024 4561 ut
2049 4495 2095 4561 ab

75 4604 271 4683 conspectu
293 4604 327 4660 et
345 4591 391 4662 ab
412 4588 524 4659 oculis
544 4584 732 4657 hominum
755 4589 917 4671 recessit,
950 4609 1057 4680 quam
1111 4588 1341 4658 inferioribus
1366 4587 1583 4678 potentiores
1605 4591 1814 4676 vincantur,
1839 4614 1941 4683 saepe
1963 4595 2094 4663 malum

75 4706 118 4766 ut
150 4693 251 4763 cerni
294 4705 424 4763 temere
462 4691 675 4782 agnoscique
713 4691 835 4782 possit.
897 4688 1060 4781 Suntque
1112 4714 1216 4761 omne
1232 4690 1271 4758 in
1286 4690 1419 4760 autoris
1434 4704 1539 4779 caput
1553 4698 1708 4780 vergere.
1760 4691 1852 4763 Nam
1876 4718 1957 4764 cum
1977 4719 2096 4766 mures

73 4796 232 4891 pueriles
253 4795 363 4869 animi
388 4798 430 4865 ad
459 4818 534 4863 eam
549 4807 716 4884 tanquam
729 4817 791 4884 per
806 4794 936 4881 gradus
953 4813 1062 4884 quos-
1113 4792 1288 4862 nonnulla
1308 4814 1391 4860 sane
1405 4790 1537 4860 iniuria
1554 4794 1751 4883 provocati,
1776 4793 1885 4865 armis
1901 4796 1999 4866 illam
2016 4798 2098 4870 vin-

77 4900 160 4971 dam
181 4898 345 4969 ‘ducendi
380 4895 628 4988 invitandique
652 4895 760 4964 variis
792 4895 989 4976 illecebris,
1021 4906 1062 4963 ut
1113 4894 1230 4965 dicare
1246 4916 1352 4987 quam
1371 4893 1594 4964 dissimulare
1609 4895 1770 4979 mallent,
1785 4897 2009 4992 nimiumque
2026 4903 2100 4973 suis

77 5001 231 5072 subinde
259 5001 408 5093 propius
437 4998 660 5068 considerare
689 4997 792 5067 liceat
816 5021 892 5066 rem
917 4997 1062 5090 quidem
1113 4996 1250 5067 viribus
1264 4999 1432 5067 adversus
1446 4996 1608 5066 imbelles
1621 5021 1725 5067 ranas
1737 4999 1904 5084 lidereut,
1918 5002 2101 5075 donarunt

78 5104 240 5173 omnium
262 5096 559 5194 pulcherrimam,
585 5102 647 5168 sed
669 5095 740 5168 heu
762 5098 916 5169 nimium
934 5100 1063 5168 obscu·
1115 5097 1235 5191 superi
1256 5099 1440 5169 victoriam
1461 5098 1739 5186 imbellioribus,
1772 5115 1807 5173 et
1840 5103 1925 5172 belli
1959 5120 2100 5177 autores

76 5226 156 5275 ram
177 5205 408 5297 ignotamque
429 5203 647 5272 mortalibus.
703 5198 752 5271 Et
781 5202 929 5294 perinde
959 5213 1066 5293 atquc
1116 5200 1329 5293 pertinaciae
1369 5225 1452 5270 suae
1492 5201 1701 5272 iustissimas
1739 5228 1872 5296 poenas
1912 5209 2098 5280 dederunt.

79 5307 143 5402 qui
159 5331 195 5377 se
210 5307 411 5380 infantibus
427 5304 536 5373 amari
552 5303 699 5388 volunt,
725 5300 871 5374 sacham
888 5318 949 5377 aut
962 5303 1066 5372 simi·
1117 5301 1258 5392 Quaeso
1279 5303 1365 5397 quid
1395 5327 1505 5396 aeque
1525 5305 1647 5377 retulit
1668 5307 1866 5398 puerilibus
1886 5312 2015 5379 animis
2041 5309 2098 5376 in-

80 5409 176 5483 libus
203 5411 310 5479 rebus
341 5409 516 5491 invitant,
553 5405 603 5476 ita
636 5405 824 5476 lenociniis
851 5406 1067 5501 quibusdam
1118 5405 1205 5489 seri,
1239 5420 1345 5501 atque
1365 5406 1487 5477 odium
1511 5408 1687 5479 bellorum
1711 5434 1751 5480 ac
1770 5413 1975 5494 turbarum,
2007 5410 2098 5480 tole-

81 5511 365 5582 commendanda
386 5509 515 5581 veritas
534 5521 605 5593 est,
630 5523 664 5580 et
684 5509 834 5581 rudibus
859 5507 989 5580 animis
1009 5508 1067 5577 in·
1117 5509 1256 5680 tentigo
1269 5509 1452 5597 studium,
1477 5525 1513 5582 et
1539 5506 1606 5583 hoc
1627 5535 1739 5603 genus
1760 5511 1848 5583 alias
1870 5504 2101 5585 humanitatis

1244 5614 1263 5658 a
