4732 6030
162 309 240 383 673
562 299 721 381 DECL.
765 298 840 376 DE
872 295 1132 402 stttlcro
1168 291 1312 373 tutta
1344 294 1421 372 ET
1453 292 1815 391 tau-utram
2131 296 2213 374 674

163 498 235 569 est,
262 478 513 574 aequissimum
535 480 629 547 esse:
664 475 828 546 videlicet
853 476 896 545 de
917 472 981 544 illo
1001 485 1076 546 toto
1100 492 1161 562 gea
1211 471 1274 542 tati
1290 494 1372 542 suae
1387 487 1558 562 gesserat:
1584 487 1704 543 tamen
1729 487 1846 563 postea
1864 493 2041 550 accusatus
2065 475 2102 544 in
2127 475 2203 567 ipsa

163 610 265 670 nere,
288 585 420 676 dequo
439 579 681 673 lexloquitur.
735 576 783 650 Ut
798 578 854 647 lex
870 600 961 671 quae
983 576 1081 647 iubet
1100 576 1159 648 fu·
1210 575 1307 645 curia
1323 590 1357 645 et
1371 574 1516 656 iudicio,
1542 599 1607 646 suo
1622 575 1741 665 gladio
1760 599 1833 644 sese
1848 582 2031 652 transfixit.
2072 578 2202 673 Sequi·

163 712 218 759 res
238 685 342 758 adfici
365 683 557 776 supplicio,
590 681 751 774 loquitur
776 683 820 751 de
844 693 1057 769 grassatore,
1083 701 1155 746 non
1209 690 1270 747 tur
1292 677 1388 745 euim
1408 676 1593 769 perfidiam
1614 693 1648 748 et
1664 673 1729 747 has
1751 673 2019 773 sycophanticas
2033 683 2123 752 iuris
2138 683 2202 751 de-

162 796 205 861 de
222 790 320 879 lapso
339 786 545 856 infirmitate
560 784 700 867 aetatis,
726 797 786 853 aut
804 785 848 853 de
863 807 904 854 eo
921 807 1026 875 quem
1047 781 1157 851 fames
1209 780 1450 871 pravationes,
1483 779 1606 851 divina
1629 780 1805 868 vindicta,
1836 795 1929 851 certa
1960 794 1995 849 et
2024 797 2100 852 rata
2131 781 2200 853 Dei

161 891 306 984 impulit
320 891 475 959 alienum
490 889 641 958 auferre.
669 881 780 976 'Ergo
794 886 836 957 in
846 908 930 955 casu
945 884 1043 974 legis,
1068 880 1157 952 scri·
1209 883 1447 954 ordinatione.
1507 881 1650 952 Possem
1673 883 1786 953 exitus
1808 882 2002 974 insignium
2028 883 2200 972 imposto-

162 1008 260 1087 ptum
271 992 497 1086 'sequendum
513 1002 574 1061 est.
627 987 796 1059 Strictum
815 1011 898 1059 vero
911 987 966 1057 ius
983 1007 1081 1056 nunc
1098 984 1155 1052 iu·
1207 1008 1288 1055 rum
1305 979 1410 1054 huius
1425 986 1548 1053 aetatis
1563 985 1722 1056 recitare.
1761 984 1832 1057 Sed
1849 1010 1929 1055 cum
1946 1000 2064 1056 vetera
2083 1007 2199 1052 exem-

160 1097 302 1187 telligo,
329 1093 359 1163 si
380 1093 542 1162 acerbam
560 1091 886 1181 interpretationem
912 1103 1007 1159 extra
1036 1110 1155 1156 casum
1210 1088 1266 1178 pla
1281 1087 1422 1172 auditis,
1448 1110 1511 1155 vos
1524 1087 1592 1176 ipsi
1609 1082 1737 1157 similia
1752 1089 1914 1177 cogitate,
1939 1102 1973 1158 et
1987 1087 2054 1159 Dei
2069 1087 2200 1155 volun-

160 1199 248 1289 legis
264 1195 451 1287 complecti
470 1195 576 1278 velis,
602 1217 648 1262 ue
663 1193 903 1262 discederetur
918 1216 936 1261 a
954 1190 1090 1275 verbis,
1116 1202 1156 1259 ut
1209 1202 1314 1259 tatem
1328 1189 1524 1280 agnoscite,
1551 1189 1665 1281 quiin
1690 1184 1747 1258 his
1768 1191 1936 1282 exemplis
1961 1212 2092 1282 poenas
2115 1213 2200 1280 pro-

161 1302 218 1370 lex
233 1303 276 1369 de
290 1299 436 1381 sabbato
453 1292 619 1387 probibet
634 1317 758 1386 operas
771 1294 928 1378 serviles,
954 1293 1068 1377 idest,
1093 1316 1156 1361 oc·
1210 1293 1310 1383 pouit
1330 1293 1639 1363 contemnentibus
1664 1292 1861 1379 iusticiam,
1895 1316 2031 1385 uosque
2055 1293 2099 1360 ad
2127 1292 2199 1361 fre·

163 1401 368 1494 cupationes
387 1398 633 1493 quotidianas,
667 1421 758 1490 quae
781 1421 857 1466 non
876 1397 1076 1466 concedunt
1093 1416 1155 1462 va·
1208 1396 1345 1462 uandas
1362 1417 1488 1486 pravas
1501 1395 1731 1487 cupiditates,
1757 1408 1792 1466 et
1813 1396 1998 1465 colendam
2023 1394 2198 1463 iusticiam

163 1528 242 1574 care
263 1502 445 1574 doctrinae
468 1501 609 1570 coelesti
630 1513 664 1569 et
680 1497 814 1569 divinis
830 1497 1051 1568 ceremoniis.
1111 1493 1153 1564 ln
1208 1492 1382 1571 bortatur.
1433 1495 1545 1568 Multi
1566 1500 1673 1567 decus
1693 1497 1830 1587 ingenii
1856 1521 1928 1567 esse
1953 1509 2096 1588 putant,
2121 1497 2198 1567 elu-

161 1603 229 1677 hoc
246 1628 373 1697 genere
395 1602 564 1694 scriptum
579 1602 829 1672 universaliter
848 1601 1053 1673 retineatur.
1105 1595 1155 1667 At
1208 1601 1291 1668 dere
1307 1599 1423 1690 legum
1439 1623 1580 1685 vocem,
1605 1600 1791 1671 offundere
1813 1599 2017 1692 praestigias
2033 1599 2145 1668 oculis
2157 1623 2198 1668 ac

162 1707 284 1779 ludaei
301 1705 554 1776 calumniosam
573 1704 828 1794 expositionem
844 1705 992 1785 addunt,
1016 1724 1061 1771 ne
1079 1699 1154 1769 dis·
1208 1702 1386 1772 mentibus
1402 1697 1607 1788 hominum,
1633 1704 1816 1774 veritatem
1835 1703 1989 1774 tenebris
2003 1701 2197 1773 involvere.

160 1813 287 1881 cedant
307 1834 327 1879 a
344 1805 475 1879 verbis.
527 1803 660 1877 Sedent
681 1805 793 1876 ociosi
815 1819 907 1877 totos
926 1807 1003 1874 dies
1024 1804 1062 1872 iu
1081 1801 1155 1872 suis
1208 1801 1277 1872 Sed
1294 1802 1398 1892 longe
1413 1816 1544 1886 errant,
1568 1803 1597 1872 si
1614 1804 1814 1874 existimant
1828 1828 1864 1873 se
1880 1830 1953 1875 nou
1967 1807 2111 1874 daturos
2124 1825 2197 1873 esse

160 1913 267 1996 casis,
292 1935 366 1981 uon
391 1921 567 2001 coquunt,
593 1932 637 1976 ne
662 1930 783 1977 mucos
807 1906 951 2000 quidem
975 1929 995 1975 a
1015 1899 1154 1998 lychnis
1209 1926 1339 1994 poenas
1361 1898 1469 1973 huius
1490 1904 1716 1993 petulantiae.
1769 1906 1902 1978 Discite
1926 1907 2099 1978 iusticiam
2120 1931 2198 1976 mo-

160 2018 355 2104 decerpunt
379 2011 465 2103 ipsi,
497 2012 557 2078 sed
577 2004 711 2079 habent
736 2010 930 2078 conductos
950 2029 992 2095 px
1022 2005 1154 2075 nostris
1209 2005 1294 2089 uiti,
1323 2017 1357 2075 et
1378 2028 1452 2073 non
1474 2017 1630 2075 temnere
1652 2007 1764 2076 divos.
1816 2005 1919 2077 Hauc
1944 2033 2065 2078 vocem
2091 2009 2197 2079 etiam

161 2111 380 2198 hominibus,
402 2112 465 2205 qui
480 2105 631 2205 lychnos
644 2113 849 2194 accendant,
874 2122 908 2178 et
921 2107 1054 2176 similes
1069 2130 1153 2199 ope·
1208 2102 1370 2179 Etbnicis
1387 2107 1601 2197 experientia
1611 2110 1791 2201 expressit,
1814 2111 1876 2203 qui
1888 2110 2054 2180 viderunt
2064 2112 2198 2195 dextra,

160 2241 217 2288 ras
232 2215 374 2286 faciant.
403 2211 482 2283 Hoc
496 2213 606 2283 modo
620 2211 650 2282 si
663 2211 824 2285 strictum
836 2210 891 2282 ius
902 2210 945 2278 de
956 2208 1153 2279 calumnio-
1208 2233 1289 2278 vera
1311 2223 1346 2279 et
1368 2211 1526 2279 modesta
1553 2210 1702 2280 consilia
1724 2211 1905 2282 verissima
1927 2235 2015 2283 esse:
2053 2227 2198 2283 econtra

160 2343 197 2389 sa
219 2317 509 2408 interpretatione
531 2306 760 2403 intelligitur,
785 2327 820 2385 et
839 2311 953 2383 tacitis
971 2325 1006 2383 et
1022 2310 1154 2381 saluta·
1207 2336 1289 2381 vero
1313 2309 1382 2380 Dei
1407 2312 1557 2383 consilio
1591 2316 1733 2384 tandem
1763 2316 1841 2405 rapi
1867 2317 1911 2385 ad
1938 2315 2109 2407 supplicia
2139 2314 2196 2382 iu-

160 2423 209 2491 ris
222 2433 274 2491 est
295 2418 494 2488 intellectus
515 2415 603 2506 legis
616 2412 767 2486 Placuit.
817 2410 1052 2485 Commendat
1067 2411 1153 2484 scri·
1205 2414 1336 2504 signia,
1370 2416 1578 2509 omnesqui
1603 2412 1665 2486 aut
1695 2416 1821 2487 fraude
1850 2431 1912 2487 aut
1935 2417 1970 2485 vi
1997 2418 2198 2509 petulanter

162 2539 261 2616 ptum
279 2535 313 2592 et
329 2532 449 2590 monet
469 2519 506 2589 id
524 2520 644 2590 dextre
666 2518 937 2609 intelligendum
958 2539 1044 2589 esse.
1100 2512 1152 2586 lta
1206 2517 1283 2585 iura
1300 2515 1492 2590 violarunt.
1542 2516 1624 2587 Non
1640 2530 1805 2610 putemus
1821 2519 1985 2610 exiguum
2003 2542 2075 2590 esse
2093 2521 2199 2590 decus

162 2637 267 2695 eruut
280 2624 401 2694 beatae
409 2618 544 2713 Respu.
561 2619 590 2689 si
607 2620 722 2710 legum
738 2620 816 2690 voci
828 2619 868 2688 in
884 2641 967 2688 vera
983 2633 1017 2690 et
1033 2619 1153 2689 nativa
1206 2618 1361 2709 ingenii,
1393 2618 1589 2711 simplicem
1611 2621 1793 2691 veritatem
1815 2621 1955 2706 videre,
1987 2636 2021 2692 et
2043 2646 2084 2690 ex
2105 2620 2199 2691 veris

161 2725 332 2796 sententia
353 2722 669 2816 obtemperabitur.
720 2718 794 2795 Nec
817 2720 1055 2792 calumniosae
1077 2719 1153 2790 elu—
1205 2720 1446 2813 fundamentis
1462 2735 1621 2793 extruere
1637 2723 1794 2794 veritatis
1810 2722 2063 2796 defensionem.
2099 2718 2199 2810 Haec

160 2829 276 2900 aiones
292 2828 489 2917 fingentur,
514 2839 556 2895 ut
567 2819 725 2915 lpbiclus
748 2847 829 2892 cum
844 2819 998 2894 Rhodiis
1019 2821 1154 2892 facien·
1205 2822 1318 2894 multo
1333 2823 1447 2894 maius
1460 2848 1619 2912 acumen,
1637 2824 1807 2896 maiorem
1821 2824 2062 2897 eruditionem
2076 2824 2199 2918 requi·

160 2933 256 3003 tibus
272 2929 493 3000 deditionem
517 2937 639 3016 pactus
656 2935 750 3003 erat,
773 2944 811 2990 se
827 2921 1059 2993 dimissurum
1080 2946 1153 2993 esse
1207 2939 1307 3011 runt,
1337 2949 1444 3019 quam
1470 2925 1588 2995 inanis
1610 2928 1828 2998 coacervatio
1849 2923 2106 3019 sophismatum
2122 2951 2198 2997 non

159 3056 220 3104 eos
244 3056 325 3101 cum
349 3027 502 3096 navibus
523 3030 700 3116 quotquot
724 3024 869 3097 vellent.
920 3023 1046 3093 Postea
1071 3047 1152 3094 cum
1206 3024 1484 3101 cohaerentium.
1553 3026 1675 3100 Placet
1704 3025 1792 3100 haec
1823 3018 1998 3101 calliditas
2029 3028 2199 3115 indoctis,

160 3131 290 3223 egressi
313 3128 475 3206 civitate,
509 3124 709 3214 navigaturi
733 3139 866 3210 essent,
896 3124 999 3197 iussit
1026 3147 1154 3211 remos,
1207 3152 1359 3221 quorum
1391 3132 1499 3202 servit
1527 3130 1732 3222 cupiditati,
1767 3134 1828 3201 sed
1857 3157 1920 3202 nec
1941 3133 2033 3203 veris
2055 3131 2198 3201 iudiciis

159 3235 292 3317 malos,
317 3230 395 3299 vela
416 3228 605 3298 anavibus
625 3225 777 3311 auferri,
801 3226 967 3321 inquiens
986 3250 1024 3297 se
1045 3250 1153 3298 naves
1208 3233 1338 3322 placet,
1359 3254 1438 3326 ¹uec
1464 3234 1607 3323 prodest
1633 3233 1804 3326 imperiis.
1864 3232 2067 3305 lullammat
2098 3232 2198 3305 eninr

162 3332 381 3427 promisisse,
406 3354 481 3400 nou
505 3341 641 3399 caetera
660 3328 908 3404 instrumenta.
968 3327 1046 3399 Hae
1071 3352 1153 3398 ver·
1207 3333 1401 3402 discordias
1421 3357 1511 3427 quae
1535 3347 1619 3406 suut
1634 3334 1793 3405 exitiales
1810 3336 1980 3429 imperiis.
2034 3334 2197 3406 Tandem

160 3440 291 3509 borum
315 3434 530 3525 imposturae
554 3424 649 3500 nihil
672 3425 804 3502 habeut
828 3432 1042 3523 sapientiae,
1072 3432 1153 3527 quis
1206 3435 1316 3525 igitur
1330 3437 1442 3506 exitus
1458 3438 1614 3507 ostendit
1631 3460 1721 3531 quae
1738 3437 1784 3509 sit
1798 3462 1880 3507 vera
1899 3451 1933 3508 et
1955 3437 2118 3508 salutaris
2139 3459 2197 3506 sa-

160 3541 256 3610 cnim
270 3559 344 3606 nou
360 3547 473 3627 potest
494 3533 716 3603 comminisci
730 3532 819 3604 tales
838 3535 1098 3615 cavillationes,
1123 3533 1152 3603 si
1207 3535 1351 3629 pientia.
1402 3535 1541 3610 Romae
1556 3538 1614 3608 vir
1636 3539 1868 3630 magnusluit
1884 3537 2040 3625 Marius,
2065 3541 2109 3609 de
2125 3563 2197 3632 quo

160 3639 294 3712 libeat?
318 3640 378 3709 sed
394 3634 576 3728 perfidiam
589 3647 625 3704 et
635 3635 864 3725 cupiditatem
874 3635 1028 3705 nocendi
1042 3635 1152 3724 signi·
1206 3639 1416 3722 dictumest,
1436 3640 1586 3709 dubium
1601 3661 1686 3720 esse,
1708 3664 1753 3723 au
1767 3654 1921 3710 armatus
1932 3643 2011 3733 plus
2024 3641 2200 3734 profuerit

160 3745 278 3815 licant.
328 3738 402 3811 Nec
427 3761 509 3808 raro
531 3736 670 3807 luditur
695 3735 872 3805 similibus
893 3733 1092 3826 praestigiis
1114 3735 1151 3803 in
1207 3740 1358 3830 patriae,
1389 3764 1436 3809 au
1460 3765 1542 3810 vero
1566 3754 1704 3831 togatus
1729 3743 1807 3833 plus
1827 3744 1999 3812 nocuerit.
2052 3741 2196 3812 Iseum

159 3843 369 3937 Rebuspub.
396 3838 579 3924 maximis,
618 3839 680 3906 sed
710 3837 867 3929 exempla
894 3837 1049 3907 recentia
1079 3860 1152 3905 non
1207 3842 1342 3931 eripere
1366 3841 1586 3931 provinciam
1607 3841 1726 3935 Syllae
1749 3857 1956 3925 conaretur,
1987 3866 2093 3935 quam
2115 3844 2198 3936 qui-

160 3964 244 4020 sunt
266 3942 336 4016 boc
361 3943 438 4013 loco
461 3941 788 4024 commemoranda,
823 3939 1009 4030 cogitanda
1034 3953 1163 4009 tamen·
1207 3944 1287 4011 dem
1311 3939 1409 4033 Sylla
1436 3942 1511 4031 lege
1539 3956 1574 4013 et
1596 3943 1724 4012 ordine
1752 3945 1913 4029 tenebat,
1945 3945 2107 4034 adiungit
2128 3945 2197 4015 sibi

161 4062 257 4132 sunt,
281 4063 322 4120 ut
336 4070 402 4117 uos
415 4044 484 4137 ipsi
496 4045 540 4113 ad
552 4064 708 4113 amorem
723 4041 891 4126 veritatis,
917 4057 950 4114 et
967 4045 1009 4112 ad
1029 4041 1151 4111 odium
1207 4039 1390 4112 hominem
1416 4042 1638 4136 eloquentem
1662 4069 1702 4115 ac
1726 4046 1883 4116 nobilem
1906 4046 2113 4140 Sulpitium.
2165 4044 2198 4115 ls

163 4145 627 4241 sophisuces'axuscicemus.
1206 4143 1375 4214 iniustam
1399 4143 1509 4215 Marii
1533 4169 1670 4217 causam
1693 4160 1764 4218 tam
1786 4148 2023 4239 plausibiliter
2044 4149 2132 4239 egit,
2157 4161 2198 4218 ut

264 4249 413 4322 Luserat
428 4251 551 4320 eodem
567 4247 675 4318 modo
689 4239 825 4317 Paches
837 4246 909 4317 dur
924 4241 1153 4316 Atheniensis
1207 4268 1281 4316 non
1303 4247 1412 4317 modo
1434 4247 1581 4320 Senatui
1603 4249 1840 4321 formidabilis
1863 4266 1970 4338 esset,
2004 4250 2199 4323 sedetiam

163 4375 245 4432 cum
263 4353 353 4423 duce
367 4348 551 4422 Arcadico.
602 4347 739 4421 Evocat
753 4372 835 4419 eum
852 4372 894 4418 ex
908 4348 1041 4439 oppido
1057 4349 1151 4440 quod
1206 4349 1322 4443 palam
1343 4349 1452 4422 lectos
1471 4364 1645 4422 trecentos
1660 4353 1795 4446 equites
1808 4375 1926 4426 secum
1941 4355 1981 4424 iu
1995 4355 2113 4424 lorum
2129 4354 2198 4424 dn·

164 4455 375 4525 defendebat
390 4451 517 4533 Arcas,
542 4466 577 4523 et
592 4452 782 4545 pollicetur
797 4473 834 4521 se
853 4451 892 4519 in
909 4450 1079 4543 oppidum
1095 4449 1153 4517 in·
1207 4465 1319 4539 teret,
1350 4477 1439 4547 quos
1461 4448 1712 4527 Antiseuatum
1735 4456 1895 4528 vocabat.
1950 4454 2054 4529 Hanc
2076 4480 2199 4526 amen-

163 4557 339 4627 colnmem
360 4555 591 4625 remissurum
614 4576 695 4624 esse.
746 4550 837 4624 Cum
855 4550 963 4643 igitur
987 4552 1025 4622 iu
1041 4564 1153 4622 castra
1207 4556 1293 4626 tiam
1307 4569 1411 4648 atque
1426 4556 1685 4648 impudentiam
1703 4559 1817 4629 adfert
1830 4559 1947 4649 legum
1963 4572 2195 4650 contemptus.

163 4654 328 4730 Pachetis
342 4657 495 4726 venisset
509 4654 631 4739 Arcas,
654 4654 829 4727 retinetur
842 4655 996 4725 vinctus:
1023 4668 1057 4726 et
1068 4655 1153 4749 quia
1208 4658 1279 4731 Sed
1293 4654 1381 4728 haee
1392 4659 1580 4729 insolentia
1596 4659 1749 4730 nonfuit
1764 4661 1958 4732 diuturna!
1978 4685 2042 4731 nec
2057 4675 2197 4732 tautum

165 4761 319 4831 abducto
342 4761 432 4829 duce
455 4755 571 4827 facilis
592 4769 668 4826 erat
683 4758 806 4848 oppidi
831 4758 1060 4850 expugnatio,
1086 4756 1155 4827 Pa·
1207 4762 1276 4854 ipsi
1294 4759 1450 4850 Sulpitio
1472 4759 1543 4830 fuit
1565 4761 1691 4845 exitio,
1722 4763 1783 4831 sed
1808 4762 1913 4832 etiam
1937 4764 2049 4833 multa
2064 4764 2198 4832 civium

165 4859 249 4934 ebes
272 4864 379 4934 rebus
400 4858 567 4929 omnibus
587 4857 774 4946 diligenter
795 4860 1026 4952 praeparatis,
1052 4859 1155 4950 oppi-
1208 4862 1320 4931 millia
1338 4862 1505 4953 perdidit.
1556 4861 1748 4955 Ipset‘uror
1763 4887 1826 4956 per
1844 4887 1918 4935 sese
1940 4888 2066 4957 magua
2084 4867 2200 4935 scierat

164 4969 251 5036 dum
266 4976 448 5058 oppugnat
460 4975 495 5032 et
510 4957 615 5051 capit.
635 4957 780 5029 ‘Postea
795 4959 970 5033 Arcadem
985 4963 1101 5033 redire
1117 4961 1155 5030 in
1208 4987 1340 5055 poena,
1374 4966 1472 5057 quod
1495 4980 1613 5056 spreto
1635 4987 1775 5035 summo
1800 4967 1949 5038 consilio
1972 4969 2069 5039 orbis
2087 4981 2199 5038 terra-

165 5068 337 5161 oppidum
352 5068 451 5136 lubet
465 5064 698 5145 incolumem,
726 5075 767 5133 ut
792 5064 1011 5153 promiserat.
1061 5061 1157 5134 Huic
1208 5090 1308 5151 rum,
1336 5062 1585 5148 Autisenatum
1605 5091 1705 5138 suam
1727 5069 1914 5141 nominare
1935 5066 2116 5142 cohortem
2135 5094 2200 5138 au-

164 5170 283 5240 fraudi
298 5190 425 5238 manus
441 5167 553 5237 scelus
569 5163 716 5234 addidit.
771 5160 814 5234 ln
831 5166 954 5236 urbem
976 5190 1155 5237 reversum
1209 5193 1268 5240 sus
1291 5182 1359 5255 est,
1382 5184 1417 5244 et
1443 5185 1558 5244 tamen
1585 5186 1705 5262 postea
1727 5171 1887 5242 infinitae
1907 5173 2122 5245 calamitates
2141 5173 2200 5240 iu-

166 5289 285 5365 postea
303 5270 478 5342 interficit.
530 5264 608 5337 Hoc
625 5290 697 5336 nou
716 5279 769 5337 est
781 5266 931 5337 consilio
950 5283 1011 5339 aut
1026 5269 1156 5341 virtute
1207 5295 1314 5362 super
1334 5287 1471 5343 secutae
1495 5286 1589 5348 sunt.
1641 5270 1814 5344 Obtestor
1836 5275 1947 5365 igitur
1968 5300 2030 5347 vos
2052 5287 2200 5366 propter

166 5391 317 5455 certare,
346 5374 406 5443 sed
428 5370 588 5443 Sinoniis
607 5369 756 5443 artibus.
814 5366 885 5439 Sed
908 5369 1026 5441 videte
1049 5366 1157 5442 huius
1209 5372 1344 5461 Deum,
1372 5389 1412 5445 ut
1435 5377 1480 5446 ad
1505 5375 1622 5467 legum
1647 5377 1899 5464 reverentiam,
1938 5378 2200 5447 adamandam

166 5476 369 5569 impostoris
384 5473 527 5546 exitum.
578 5467 658 5543 Etsi
672 5495 728 5541 res
743 5492 889 5563 magnas
902 5485 936 5544 et
951 5472 1058 5544 utiles
1069 5473 1157 5543 civi·
1210 5475 1405 5569 simplicem
1422 5479 1626 5565 veritatem,
1653 5490 1688 5548 et
1702 5480 1746 5548 ad
1763 5473 1930 5550 honestas
1948 5502 1988 5549 ac
2004 5478 2204 5549 moderatas

217 5583 394 5648 Mensura.
412 5582 518 5646 Oeen.
532 5576 616 5643 Vos.
631 5575 703 5667 xt.;
1717 5577 1766 5649 43
