4732 6030
230 263 304 341 17⁹
896 252 1059 334 DECI».
1097 254 1173 334 DE
1206 254 1565 337 naumann.
2187 268 2262 343 180

228 433 419 520 habemus,
451 459 529 505 eam
551 431 685 515 odisse,
719 441 756 499 et
778 442 819 500 ut
848 430 1134 502 nocentissimam
1158 455 1221 523 pe-
1273 433 1471 504 laciendam
1487 432 1657 525 impellit,
1683 433 1744 503 alii
1759 434 1944 505 subitanea
1961 448 2095 522 morte,
2120 451 2182 509 aut
2198 440 2270 511 alio

231 553 320 610 stem
345 539 483 626 fugere,
517 536 736 624 istorumque
766 525 962 601 heluonum
993 534 1222 605 consuetudi·
1275 535 1441 629 quopiam
1475 536 1569 606 tristi
1593 550 1628 606 ct
1658 536 1820 607 inaudito
1846 561 1929 608 casu
1956 537 2112 608 annnam
2144 543 2271 618 aufert.

233 666 315 712 nem
340 636 505 730 tanquam
529 633 686 724 pestiferi
709 633 827 703 morbi
847 635 1048 723 contagium
1065 637 1223 706 devitare
1275 634 1413 707 Omnes
1427 632 1608 708 horrendo
1625 660 1752 728 genere
1765 639 1826 708 leti
1847 639 2002 710 absumit
2020 655 2053 711 et
2068 643 2111 711 ad
2135 642 2271 716 inferos

234 745 412 813 debemus,
462 732 510 806 Et
529 735 666 828 quoties
682 735 787 805 nobis
803 736 884 805 talis
906 737 1082 829 quispiam
1100 761 1224 808 occur·
1275 739 1418 831 abripit.
1479 737 1550 810 Hic
1573 741 1706 824 exitus,
1736 764 1801 810 nec
1824 740 1915 812 alius
1937 740 2019 811 finis
2042 759 2093 814 est
2122 744 2270 816 istarum

232 845 297 925 rit,
320 836 386 908 hoc
407 837 559 927 elogium
582 838 636 906 illi
658 838 696 906 in
718 839 835 907 fronte
861 839 1029 930 scriptum
1047 852 1224 932 putemus,
1275 837 1534 915 heluationum.
1585 839 1661 930 Qui
1676 843 1725 911 sic
1739 841 1885 932 periisse
1901 843 2012 929 volet,
2038 844 2100 914 illc
2115 870 2199 916 sane
2218 850 2270 919 eis

233 943 329 1038 quod
343 942 387 1008 de
403 938 558 1011 Tantalo
575 941 678 1008 estin
698 938 914 1025 Tragoedia:
1276 967 1312 1012 se
1335 943 1524 1030 adiungat,
1548 964 1632 1012 nam
1655 943 1783 1014 melius
1803 946 1849 1013 de
1863 967 1901 1015 se
1924 968 1998 1014 non
2013 950 2172 1040 estquod
2189 973 2272 1040 spe-

282 1046 388 1113 Nolite
403 1049 537 1129 hospites
554 1048 711 1108 admetto
727 1051 798 1108 ittoo
813 1052 902 1126 istie,
1275 1056 1329 1115 ret
1338 1068 1348 1131 ;
1382 1043 1506 1113 nullus
1530 1044 1626 1113 enim
1650 1067 1771 1115 eorum
1790 1040 1940 1117 honesto
1961 1060 2024 1118 aut
2038 1049 2196 1120 naturali
2210 1074 2273 1141 ge-

283 1151 330 1216 Ne
346 1154 485 1231 oonugio
497 1170 565 1210 mes
580 1153 668 1212 bonis
683 1152 825 1212 umbrave
840 1152 937 1227 obsit,
1276 1170 1361 1214 nere
1382 1145 1509 1215 mortis
1530 1147 1728 1228 occumbit,
1761 1149 1882 1220 nullus
1908 1162 2056 1218 naturae
2073 1153 2274 1241 reposcenti

284 1254 382 1317 Tanta
397 1258 443 1315 vis
460 1256 578 1314 sceleris
594 1258 627 1313 in
644 1273 770 1335 corpore
784 1267 813 1313 et
825 1257 927 1313 auimo
941 1249 1043 1313 haeret
1057 1271 1138 1313 meo.
1275 1248 1431 1322 animam
1447 1248 1585 1332 reddit,
1601 1250 1671 1319 sed
1694 1261 1776 1319 ante
1792 1249 1886 1319 diem
1902 1272 1965 1320 sua
1979 1250 2048 1341 ipsi
2063 1276 2174 1324 manu
2189 1278 2273 1326 cru·

232 1349 369 1424 Revera
392 1349 488 1418 enirn
510 1349 647 1419 nullius
674 1349 791 1419 morbi
813 1347 1015 1437 contagium
1039 1345 1224 1418 nocentius
1275 1348 1404 1419 deliter
1423 1349 1667 1439 perimuntur,
1698 1351 1884 1422 sanitatem
1907 1353 2067 1443 corporis
2086 1368 2119 1425 ct
2141 1357 2273 1430 mentis

233 1469 306 1539 est,
332 1476 438 1545 quam
456 1452 581 1520 talium
597 1447 785 1520 homiuum
804 1451 1031 1534 consuetudo.
1275 1463 1479 1541 expugnant
1515 1451 1653 1542 poculis
1678 1465 1713 1522 et
1734 1454 1867 1537 cadunt
1889 1467 1971 1525 aute
1995 1467 2135 1547 tempus
2158 1481 2178 1527 a
2203 1483 2271 1531 na-

333 1553 579 1644 Proponamus
594 1554 698 1623 nobis
710 1553 857 1622 verbum
875 1549 961 1636 Dei,
986 1552 1082 1643 quod
1101 1550 1225 1620 multis

231 1657 270 1726 in
294 1657 381 1726 locis
401 1678 467 1724 nos
488 1658 534 1725 ab
553 1655 723 1725 ebrietate
742 1666 882 1724 revocat
900 1655 944 1722 ad
960 1652 1153 1736 ieiunium,
1178 1653 1222 1721 ad

233 1759 458 1829 sobrietatem
476 1757 615 1830 invitat.
659 1755 751 1826 Nota
769 1770 819 1826 est
833 1755 1023 1826 sententia:
1049 1752 1102 1823 Ne
1117 1755 1222 1822 corda

232 1874 345 1931 vestra
364 1873 555 1949 graventur
576 1860 731 1951 crapula.
787 1854 836 1927 Et
853 1871 995 1943 sauctus
1010 1853 1143 1925 Paulus
1159 1878 1224 1946 po-

232 1963 358 2055 pulum
375 1957 634 2031 israheliticum
656 1984 676 2029 a
699 1960 843 2050 crapula
860 1960 903 2027 ad
921 1956 1123 2027 idolatriam
1140 1981 1224 2048 pro-

232 2065 370 2156 lapsum
393 2063 558 2136 affirmat.
617 2059 735 2154 Atque
755 2055 919 2131 Christus
947 2060 1023 2148 ipse
1045 2059 1109 2127 ait:
1144 2055 1224 2127 Hoc

231 2267 405 2339 oratione.
463 2262 518 2335 Ex
538 2291 609 2360 quo
632 2265 816 2357 perspicue
839 2265 1000 2355 adparet,
1032 2262 1109 2331 istis
1126 2286 1224 2331 com·

230 2362 566 2438 messationibus'ac
580 2363 848 2438 heluationibus
863 2364 1029 2437 Satanam
1048 2364 1177 2433 accersi
1189 2362 1225 2435 εἰ

230 2471 417 2553 interesse,
459 2470 663 2561 sociumque
694 2491 732 2537 ac
755 2467 941 2538 convivam
970 2489 1044 2536 esse
1073 2466 1223 2537 istorum

230 2574 430 2643 lurconum.
497 2570 664 2642 Testatur
690 2565 758 2639 hoc
786 2569 892 2639 ctiam
926 2580 1071 2638 eventus
1097 2569 1223 2638 talium

229 2675 510 2769 symposiorum,
543 2695 633 2765 quae
660 2695 741 2740 raro
765 2670 842 2740 siue
863 2672 968 2742 caede
990 2669 1140 2763 aliisque
1154 2670 1225 2739 im-

152 2772 170 2797 '
229 2777 396 2846 manibus
413 2787 448 2843 et
465 2769 653 2848 horrendis
670 2773 812 2861 flagitiis
824 2773 1080 2863 transiguntur.
1131 2769 1225 2843 Ubi-

230 2902 370 2973 cunque
384 2876 493 2967 igitur
506 2877 575 2948 talc
591 2877 734 2969 aliquod
760 2875 963 2945 convivium
981 2874 1146 2966 adparari
1169 2875 1225 2943 vi-

230 2982 340 3066 dctis,
366 2975 638 3064 Adulescentes,
664 3000 710 3046 ne
726 2973 1109 3069 putetisAngelosillic
1123 3000 1224 3046 men-

228 3105 286 3151 sae
301 3080 530 3149 administros
542 3094 578 3151 et
595 3082 756 3151 custodes
769 3101 856 3150 esse:
877 3073 916 3148 hi
934 3091 1071 3149 tanturn
1084 3078 1224 3149 sobrio-

1274 1565 1354 1622 tura
1386 1552 1612 1644 praefinitum
1643 1554 1848 1646 turpissimo
1876 1568 1911 1625 et
1942 1551 2111 1628 horribili
2143 1583 2271 1650 genere

1275 1653 1419 1739 mortis,
1450 1655 1512 1747 qui
1535 1667 1699 1745 poterant
1725 1656 1858 1726 multos
1873 1652 1991 1728 adhuc
2008 1682 2122 1731 annos
2138 1663 2272 1750 vivere,

1275 1768 1309 1824 et
1322 1753 1410 1839 sibi,
1439 1756 1582 1848 suisque
1608 1781 1649 1828 ac
1663 1754 1820 1850 Reipub.
1847 1760 2024 1850 prodesse.
2076 1757 2112 1831 0
2128 1786 2271 1835 execra-

1275 1856 1385 1926 bilem
1400 1856 1509 1924 vitam
1522 1881 1628 1949 quam
1643 1858 1807 1950 exigunt!
1844 1857 1880 1931 0
1893 1875 2046 1932 mortem
2058 1866 2170 1937 multo
2186 1890 2269 1936 exe-

1275 1957 1498 2028 crabiliorem
1511 1957 1519 2028 !

1375 2058 1532 2130 Miretur
1557 2059 1689 2154 aliquis
1712 2087 1821 2156 quam
1851 2063 1908 2134 illi
1938 2088 2061 2136 revera
2089 2066 2209 2137 miseri
2235 2084 2270 2143 et

1274 2159 1493 2232 miserabiles
1525 2157 1712 2249 homines,
1753 2180 1860 2260 atque
1890 2166 1929 2234 in
1954 2169 2135 2240 neminem
2159 2171 2270 2260 magis

1275 2286 1382 2354 quam
1399 2264 1438 2332 in
1454 2263 1587 2354 seipsos
1612 2268 1794 2355 crudeles,
1829 2269 1972 2339 tandem
1991 2271 2210 2363 voluptatem
2228 2297 2270 2344 ex

1275 2363 1340 2434 ista
1356 2365 1434 2434 dira
1457 2377 1493 2435 et
1513 2364 1664 2436 immani
1684 2363 1889 2440 heluatione
1910 2369 2066 2461 capiant:
2101 2396 2184 2441 nam
2206 2398 2273 2464 gu-

1275 2480 1349 2537 stus
1371 2481 1482 2552 certe,
1514 2468 1578 2565 qui
1598 2491 1722 2541 sensus
1737 2473 1833 2541 solus
1852 2472 1933 2543 cibo
1951 2485 1987 2542 et
2005 2487 2094 2564 potu
2109 2475 2271 2563 aflicitur,

1275 2568 1444 2643 illis,iam
1469 2569 1555 2639 olim
1581 2570 1703 2661 periit,
1741 2571 1772 2642 is
1801 2574 1897 2642 enirn
1927 2552 2089 2645 coctione
2117 2579 2269 2660 sublata,

1276 2671 1398 2740 nullus
1420 2694 1492 2740 esse
1517 2684 1644 2762 potest.
1710 2669 1836 2743 Fames
1868 2697 1952 2743 vero
1977 2698 2019 2743 ac
2044 2677 2137 2760 sitis,
2176 2703 2269 2770 quae

1275 2773 1450 2865 optimum
1484 2773 1751 2844 condimentum
1780 2787 1884 2854 sunt,
1922 2797 2028 2866 quam
2060 2776 2266 2865 longissime

1275 2877 1406 2945 absrmt
1427 2877 1557 2945 abeis:
1588 2870 1765 2946 Esurimt
1780 2898 1986 2969 nunquam,
2012 2872 2137 2949 sitiunt
2151 2882 2267 2953 multo

1276 2977 1413 3062 minus,
1444 2977 1664 3066 ingurgitant
1692 2990 1808 3048 tamen
1838 2972 1973 3061 adhuc,
2004 2994 2200 3074 urgentque
2228 3006 2269 3054 ac
2315 3035 2329 3040 .‚

1275 3090 1445 3172 torquent
1466 3079 1618 3169 seipsos,
1652 3081 1928 3170 regurgitantem
1950 3102 2014 3169 per
2035 3103 2074 3150 os
2093 3105 2132 3152 ac
2149 3080 2271 3156 fauces

231 3206 312 3253 rum
328 3168 447 3251 coenis
463 3183 657 3261 intersunt,
684 3206 808 3251 eorum
831 3205 952 3251 curam
970 3194 1116 3272 gerunt,
1142 3206 1222 3252 cum
1276 3194 1399 3272 potum
1422 3180 1668 3260 infundentes,
1695 3182 1809 3250 donec
1824 3183 1869 3251 ad
1888 3181 2036 3271 plenum
2052 3183 2156 3253 istam
2174 3185 2269 3256 cloa-

231 3287 300 3355 isto
316 3305 417 3372 grege
433 3277 629 3352 heluonum
651 3282 853 3350 commercii
868 3278 962 3352 nibil
978 3278 1130 3368 habent,
1162 3285 1222 3354 sed
1276 3307 1351 3352 cam
1368 3283 1505 3373 poculis
1521 3283 1694 3372 expleant.
1743 3279 1852 3351 Nulla
1875 3295 1968 3352 certe
1982 3277 2070 3353 haec
2085 3285 2268 3360 delectatio

231 3385 381 3458 Satanas
414 3382 486 3452 illis
519 3383 716 3468 ministrat,
758 3381 906 3454 Satanas
939 3385 1066 3476 pocula
1092 3378 1225 3471 miscet,
1278 3397 1499 3476 potestesse,
1524 3384 1587 3452 sed
1603 3396 1673 3467 est,
1700 3385 1795 3476 quod
1807 3383 1924 3476 quivis
1936 3406 2020 3452 sana
2034 3401 2153 3458 mente
2166 3413 2269 3480 prae-

230 3512 372 3582 unaque
389 3510 469 3555 cum
486 3485 570 3555 vino
586 3510 626 3556 ac
641 3484 809 3556 cerevisia
825 3480 977 3577 sulphur
991 3499 1095 3579 atque
1110 3486 1223 3577 picem
1276 3486 1372 3557 ditus
1387 3484 1574 3574 intelligit,
1598 3484 1806 3555 manifestus
1825 3510 1866 3555 ac
1880 3485 2077 3556 diabolicus
2090 3489 2203 3562 furor.

230 3584 495 3687 phlegethontis
516 3588 702 3689 propinat,
735 3587 866 3681 quibus
886 3588 997 3680 potis,
1030 3588 1146 3659 statim
1166 3590 1225 3659 fu·
1376 3585 1491 3658 Divus
1512 3582 1725 3657 Ambrosius
1755 3588 1874 3657 ocium
1897 3587 1985 3658 dicit
2005 3610 2077 3657 esse
2098 3589 2269 3681 pulvinar

223 3690 307 3764 'rere
329 3692 520 3781 incipiunt.
579 3687 707 3759 Nonne
727 3689 872 3770 videtis,
897 3692 1115 3784 quamvclut
1132 3690 1224 3784 lym·
1276 3689 1446 3761 Satanae:
1488 3684 1537 3758 At
1564 3689 1714 3759 ebrietas
1748 3712 1823 3759 non
1852 3690 1960 3759 modo
1986 3690 2166 3780 pulvinar,
2202 3695 2270 3764 sed

228 3791 362 3888 phatici
375 3789 609 3877 bacchantur,
635 3806 669 3863 et
682 3806 851 3885 tanquam
866 3793 998 3863 rabiosi
1014 3816 1116 3862 canes
1130 3794 1225 3865 inter
1275 3793 1383 3860 molle
1405 3816 1445 3861 ac
1467 3790 1658 3860 delicatum
1682 3790 1799 3860 cubile
1823 3804 1874 3859 est
1890 3789 2060 3872 Satanae,
2090 3816 2269 3886 nusquam

233 3920 269 3966 se
283 3899 396 3989 ipsos,
421 3911 455 3966 et
472 3920 552 3967 curn
567 3895 663 3982 aliis,
689 3908 835 3966 cruento
851 3896 946 3965 ferro
962 3909 1190 3971 concurrant.
1275 3893 1336 3961 illc
1354 3896 1459 3964 cubat
1473 3916 1514 3962 ac
1528 3892 1908 3985 requiescitlibentius.
1960 3891 2034 3981 Qui
2051 3895 2157 3982 igitur
2171 3891 2271 3970 hunc

332 3998 411 4069 Hoc
426 4013 477 4068 est
496 4000 591 4092 quod
617 4012 650 4068 et
663 3994 868 4067 Alexander
882 3997 1032 4069 Macedo
1048 3999 1116 4070 sibi
1131 3998 1224 4069 acci·
1276 3996 1463 4065 convivam
1488 4008 1523 4064 et
1551 3995 1787 4067 convictorem
1815 3990 2181 4090 cohabitatoremquc,
2213 4013 2272 4073 at-

232 4104 315 4171 dere
347 4100 475 4183 sensit,
511 4113 546 4168 et
568 4112 712 4192 questus
742 4100 848 4167 etiam
877 4115 947 4184 est,
979 4126 1107 4194 nempe
1126 4102 1223 4196 quod
1275 4123 1345 4191 que
1362 4099 1466 4169 etiam
1485 4097 1785 4168 condormitarem
1807 4092 1938 4166 habere
1959 4099 2075 4190 cupit,
2109 4099 2171 4169 ille
2187 4115 2270 4173 tan-

232 4227 313 4272 cum
335 4201 504 4285 bibisset,
544 4200 583 4266 in
612 4221 688 4267 eam
711 4199 846 4268 rabiem
875 4203 1143 4285 accenderetur,
1183 4216 1225 4273 ut
1277 4213 1352 4270 tum
1369 4196 1461 4269 hanc
1484 4200 1516 4267 ei
1539 4201 1658 4266 sedem
1680 4211 1882 4288 praeparet,
1909 4199 2041 4270 credite
2057 4195 2167 4288 mihi,
2192 4226 2269 4274 non

233 4300 630 4394 interpoculaintimos
646 4296 1225 4374 etcharissimosamicoscontru-
1276 4303 1339 4373 diu
1364 4302 1496 4385 aberit,
1529 4300 1601 4370 vita
1627 4299 1789 4370 nefartis
1823 4301 2037 4391 condignam
2069 4306 2269 4376 mercedem

233 4406 385 4488 cidaret,
425 4415 461 4472 et
483 4397 663 4472 Bacchum
691 4425 771 4469 eum
801 4401 957 4471 furorem
981 4405 1049 4472 sibi
1072 4405 1226 4495 obiicere
1276 4404 1380 4474 etiam
1396 4404 1612 4475 redditurus.

232 4507 402 4587 credidit,
446 4504 671 4574 ulciscentem
698 4497 891 4572 Thebanae
916 4506 1017 4575 urbis
1039 4506 1225 4576 excidium.
1377 4502 1543 4577 Defessus
1557 4505 1627 4573 iam
1643 4527 1754 4595 prope
1768 4527 1845 4573 sum
1861 4505 2012 4575 dicendo
2023 4507 2072 4580 ,de
2083 4529 2121 4576 re
2133 4507 2270 4579 foedis-

233 4610 383 4681 Satanas
414 4609 483 4679 fuit
511 4607 576 4677 iste
595 4600 774 4691 Bacchus,
817 4606 880 4698 qui
912 4609 1074 4679 assiduus
1100 4609 1224 4678 talium
1277 4606 1384 4691 sima,
1417 4621 1452 4676 et
1473 4630 1536 4677 vos
1559 4602 1656 4675 haud
1678 4606 1787 4675 dubie
1809 4607 1923 4677 multo
1946 4607 2052 4676 etiam
2071 4608 2184 4699 magis
2202 4633 2269 4680 au·

233 4714 479 4782 conviviorum
504 4709 633 4779 assecla
656 4709 744 4777 solet
766 4731 851 4780 esse.
908 4708 1005 4780 Huic
1019 4711 1150 4799 gaudio
1163 4724 1227 4796 est,
1276 4709 1408 4778 diendo
1430 4708 1555 4778 defessi
1577 4708 1676 4791 estis,
1709 4709 1815 4778 linem
1838 4708 1946 4798 igitur
1964 4709 2103 4783 faciam.
2161 4707 2219 4782 Ac
2238 4712 2271 4782 si

233 4809 397 4886 homines
409 4838 473 4906 per
484 4812 718 4882 vinolentiam
737 4811 776 4878 in
789 4811 945 4881 furorem
963 4827 1075 4899 actos,
1099 4813 1150 4882 sic
1166 4814 1223 4881 in·
1277 4811 1371 4903 apud
1406 4834 1469 4880 vos
1503 4809 1679 4901 suscipere
1714 4832 1898 4902 personam
1929 4811 2118 4882 monitoris
2150 4836 2271 4884 meam

232 4930 286 4987 ter
305 4941 341 4986 se
363 4917 529 4987 caedibus
552 4928 585 4985 ct
609 4914 709 4984 omni
726 4936 854 5003 genere
872 4915 1104 4985 immanitatis
1127 4938 1225 4983 com·
1276 4909 1527 4982 hancaetatem
1543 4935 1619 4981 non
1632 4927 1794 5003 putarem
1809 4912 1996 4998 dedecere,
2021 4936 2084 4983 vos
2098 4908 2272 4989 adhorta-

233 5019 385 5091 mittere.
436 5015 516 5087 Hoc
533 5016 586 5085 illi
601 5018 838 5108 spectaculum
852 5015 1225 5100 iucundissimumest,
1276 5037 1335 5083 rer
1347 5009 1618 5101 Adulescentes,
1642 5028 1683 5087 ut
1699 5013 1904 5084 ebrietatem
1920 5006 2088 5108 tanquam
2104 5018 2271 5090 omnium

231 5122 264 5191 is
282 5122 329 5192 ita
347 5122 488 5190 affectos
505 5141 564 5197 eos
581 5132 614 5189 et
631 5121 685 5188 sui
702 5120 870 5210 impotes,
896 5118 1027 5188 deinde
1048 5142 1113 5187 suo
1128 5119 1226 5188 arbi·
1274 5114 1490 5205 flagitiorum
1509 5116 1755 5210 malorumque
1768 5114 1927 5186 fomitem
1953 5142 1994 5186 ac
2014 5118 2150 5189 fontem
2176 5121 2273 5192 vita-

231 5225 301 5294 trio
316 5248 386 5318 quo
403 5221 644 5293 vultducitac
659 5221 829 5310 impellit,
854 5222 967 5291 donec
983 5220 1046 5289 alii
1066 5222 1110 5290 de
1125 5220 1223 5288 fene-
1275 5218 1377 5300 retis,
1403 5218 1557 5290 sobriam
1578 5242 1663 5287 vero
1682 5217 1811 5302 vitam,
1835 5231 1877 5289 ut
1891 5217 2071 5289 ‘virtutum
2094 5222 2273 5312 omnium,

233 5343 303 5399 stra
336 5340 399 5397 aut
430 5349 493 5415 per
525 5325 654 5413 gradus
684 5323 850 5413 prolapso
875 5323 1049 5393 cervicem
1081 5321 1224 5410 frangit,
1275 5314 1469 5391 honestatis
1496 5346 1536 5391 ac
1557 5317 1719 5389 sanitatis
1749 5320 1972 5407 magistram,
2002 5338 2273 5421 parentemque,

232 5431 341 5501 alium
365 5428 618 5502 trucidandum
640 5424 765 5496 obiicit
780 5426 914 5508 sodali,
939 5438 1002 5497 aut
1021 5425 1066 5516 ad
1082 5425 1224 5522 caedem
1274 5421 1587 5514 amplecteremini.
1638 5417 1722 5492 Scio
1743 5442 1808 5511 ego
1839 5445 1947 5514 quarn
1974 5421 2109 5497 infame
2136 5442 2172 5502 et
2198 5429 2271 5502 iam
