4732 6030
102 184 209 298 m
707 191 867 298 unca
895 216 958 299 ‚ru
989 213 1226 302 ruunan
1258 214 1539 304 nuruum.
1833 312 1837 324 ,
2065 160 2144 312 :aa

203 389 253 468 Et
273 413 476 491 quanquam
497 383 594 464 athei
610 387 713 462 multi
730 389 1033 478 adversabuntur,
1057 406 1093 466 et
1142 389 1348 477 coaeterno,
1378 389 1534 465 Domino
1558 407 1680 466 nostro
1705 394 1785 471 lesu
1806 394 1968 487 Christo,
1992 417 2025 475 et
2050 403 2135 497 Spi-

102 520 248 589 magnos
270 495 443 566 tumultus
464 493 681 565 excitabunt:
705 506 824 562 umen
846 493 959 566 sciant
974 491 1091 564 Deum
1141 493 1213 563 ritu
1242 506 1383 575 sancto,
1425 495 1488 588 qui
1522 496 1658 586 colligis
1688 496 1936 571 haereditatem
1966 506 2042 575 filio
2071 522 2133 577 tuo

102 602 304 671 sedetnrum
318 618 392 665 esse
407 619 466 664 eas
479 606 713 685 tempestates,
739 606 773 664 et
787 609 1008 666 servaturum
1018 591 1091 669 Ec·
1141 617 1182 663 ex
1205 587 1271 664 hac
1292 595 1418 664 misera
1433 619 1548 665 massa
1569 600 1706 686 generis
1726 597 1893 680 humani,
1920 620 1955 678 et
1971 631 2045 675 eam
2063 611 2132 676 mi-

101 700 261 779 clesiam,
308 710 349 767 ut
387 708 475 768 tunc
505 718 647 789 quoque
675 688 903 764 Machabaeia
936 696 1091 769 restituit
1138 695 1252 764 cando
1277 696 1427 767 consilio
1451 699 1649 783 redemisti,
1681 715 1715 772 et
1737 703 1909 774 mirandis
1925 710 2040 777 modis
2057 731 2132 777 ser-

98 797 381 891 Rempublicam.
439 791 514 867 Nos
539 809 699 868 nostrum
721 795 878 866 ollicium
901 798 995 868 bona
1020 798 1089 869 lide
1139 818 1216 865 vas:
1256 796 1461 872 invocamus
1493 813 1528 871 et
1559 823 1719 885 oramus,
1760 818 1800 876 ut
1837 818 1982 895 propter
2017 809 2130 880 filium

97 901 286 981 iaciamus,
310 896 378 969 hoc
393 912 460 971 est:
483 896 677 968 necessaria
694 899 874 968 moderate
890 899 1089 986 doceamus,
1137 909 1239 966 tuum
1254 894 1451 969 Dominum
1475 914 1635 971 nostrum
1655 898 1770 973 lesum
1794 901 1987 992 Christum,
2013 913 2130 980 cruci·

97 1015 133 1074 et
146 1017 293 1073 eventus
308 998 385 1071 Deo
403 999 702 1073 commendemus.
1085 1001 1087 1007 ’
1137 997 1245 1068 lixum
1270 1023 1336 1089 pro
1364 1001 1468 1071 nobis
1492 1014 1527 1072 et
1557 1004 1821 1090 resuscitatum,
1855 1031 1960 1100 quem
1983 1010 2130 1081 voluisti

199 1102 295 1173 Haec
312 1103 432 1191 regula
448 1123 550 1191 saepe
565 1099 708 1171 coelesti
724 1123 809 1171 voce
824 1100 972 1181 tradita,
994 1123 1085 1170 sem.
1135 1121 1201 1187 pro
1224 1101 1328 1171 nobis
1351 1124 1424 1172 esse
1444 1102 1623 1174 victimam
1644 1101 1708 1178 καὶ
1728 1101 1884 1200 μεσίτην
1903 1105 1968 1183 καὶ
1990 1107 2125 1204 ἱκέτην,

95 1228 159 1295 per
184 1204 221 1271 in
243 1215 431 1294 conspectu
454 1196 615 1271 habenda
634 1213 697 1273 est.
747 1200 969 1272 Sirenimin
984 1199 1085 1272 Psal·
1136 1215 1271 1289 mentes
1285 1215 1422 1271 nostras
1434 1202 1570 1294 Spiritu
1584 1221 1703 1275 sancto
1718 1229 1828 1297 regas,
1854 1223 1889 1280 et
1906 1211 1942 1285 in
1957 1205 2024 1280 hac
2038 1217 2127 1284 urbe

94 1330 155 1374 mo
170 1306 316 1375 dicitur:
342 1302 514 1373 Subditus
525 1298 704 1386 estoDeo,
729 1314 762 1373 et
775 1327 836 1373 ora
853 1327 946 1377 evam.
997 1300 1083 1373 Ideo
1135 1302 1222 1373 etin
1248 1298 1304 1372 his
1326 1303 1531 1392 regionibns
1548 1301 1741 1380 Ecclesiam
1757 1311 1823 1380 tibi
1842 1311 2035 1400 colligaret
2052 1304 2127 1384 ser·

95 1405 251 1496 conditi,
272 1418 307 1475 et
327 1403 498 1494 sanguine
519 1402 583 1472 filii
595 1398 663 1473 Dei
684 1403 859 1497 redempti
875 1426 1016 1487 sumus,
1041 1417 1085 1475 ut
1134 1425 1212 1487 ves,
1235 1416 1271 1473 et
1285 1405 1402 1477 studia
1416 1426 1520 1475 verae
1535 1407 1718 1475 doctrinae
1735 1426 1913 1500 protegas,
1938 1427 1978 1484 ut
1993 1425 2026 1483 tc
2043 1440 2124 1485 vere

93 1501 162 1575 Dei
184 1504 313 1598 templa
334 1505 461 1584 simus,
494 1516 531 1575 et
552 1526 635 1575 vera
658 1502 698 1574 in
719 1504 826 1575 nobis
847 1506 893 1575 de
913 1501 989 1575 Deo
1015 1504 1083 1575 do·
1134 1502 1339 1578 invocemus
1358 1518 1393 1582 et
1408 1520 1579 1601 perpetuo
1595 1508 1822 1586 celebremus.
1873 1509 1969 1590 Diri,

93 1608 207 1678 ctrina
234 1608 360 1681 luceat.
409 1603 483 1677 Nec
509 1605 645 1700 aliquid
676 1597 830 1702 ἐφόδιον
851 1630 894 1679 ex
917 1599 984 1678 bac
1008 1605 1081 1680 vita
1897 1616 1907 1629 ”

90 1710 229 1780 auierre
242 1723 440 1801 possumus.
753 1719 757 1725 '
956 1715 958 1719 ’
1160 1709 1164 1714 ”

193 1810 313 1901 Quare
343 1810 417 1880 sive
440 1810 654 1905 tranquilla,
686 1811 761 1882 sive
780 1811 984 1885 turbulenta
1007 1806 1081 1882 sint
1128 1854 1195 1927 No·
1210 1854 1260 1929 39
1350 1856 1352 1860 ι
1948 1890 1986 1936 m
2026 1870 2110 1937 ¹54⁶

90 1923 267 2004 tempora,
292 1910 338 1982 sit
359 1906 446 1982 haec
466 1913 653 2004 praecipua
673 1937 778 1998 cura,
800 1926 842 1984 nt
861 1935 948 2005 pura
963 1925 998 1985 et
1013 1935 1079 1983 na·
1132 1909 1281 1986 saw-⁰-
1940 1916 2122 1991 dte-..⁰

90 2012 162 2082 tiva
192 2015 236 2082 de
258 2010 335 2082 Deo
364 2012 526 2084 doctrina
548 2027 690 2103 pectora
713 2014 940 2085 instruamus.
999 2010 1079 2083 Hoc
1281 2033 1295 2059 -·
1377 2053 1414 2141 Ι
1659 2057 1783 2147 Luh
1847 2063 1856 2084 .

89 2135 170 2183 curn
193 2113 250 2197 lit,
276 2113 458 2184 literarum
478 2126 512 2184 ct
527 2113 721 2184 multarum
736 2113 866 2184 artium
882 2112 999 2184 studia
1011 2114 1078 2185 ad·
1406 2083 1438 2140 n
1460 2050 1628 2171 filum
1735 2071 1754 2144 t
1784 2087 1867 2147 m·

89 2211 189 2307 iungi
211 2236 350 2284 necesse
372 2226 444 2299 est,
468 2227 509 2285 ut
530 2213 690 2306 quotidie
708 2215 836 2286 videtis
858 2214 898 2284 iu
918 2210 1076 2286 Ecclesia
1195 2226 1227 2282 ta
1239 2228 1333 2285 cetere.
1348 2229 1473 2288 hedam.
1487 2231 1519 2290 Τ.
1534 2229 1584 2285 ut.
1601 2246 1628 2302 p.
1641 2232 1678 2287 au
1692 2252 1769 2306 sqq„
1791 2235 1907 2293 smera.
1922 2238 2012 2297 ΝΗ.
2025 2262 2051 2316 ρ,
2067 2245 2119 2314 ts,

87 2316 282 2385 multarum
298 2315 501 2405 linguarum
514 2327 549 2385 et
566 2315 697 2387 actium
712 2338 815 2386 usum
833 2338 925 2402 esse,
948 2338 1075 2408 magna
1227 2298 1933 2430 {iffi{stlf‘l’pffli'fgg⁷¹1419gffl¹¹¹5nfff³mbl¹¹p
1951 2309 2118 2431 ⁸5s⁰fd³³¹¹⁰

85 2439 143 2486 res
167 2427 203 2488 et
223 2415 377 2485 difficilis
400 2429 470 2500 est,
495 2415 680 2507 explicatio
704 2431 738 2488 et
759 2415 967 2488 diiudicatio
989 2442 1075 2488 con·
1227 2435 1268 2491 tt.
1284 2405 1397 2492 thaleri
1412 2439 1535 2492 nstrata.
1564 2439 1653 2493 vises.
1672 2390 1747 2494 alls.
1765 2442 1791 2494 s.
1812 2395 1952 2514 ianLrp
1963 2398 2118 2505 intsih'fltl

85 2518 338 2590 troversiarum
360 2517 553 2608 religionis.
602 2513 652 2589 Et
673 2511 759 2589 haec
779 2519 979 2591 communis
1001 2519 1074 2590 vita
1227 2503 1732 2644 ssffifssss‘pssglffifffiffiffffi
1741 2511 2025 2644 ‘'ggpbfttwnsspp
2042 2519 2117 2653 pepp

85 2618 220 2709 indiget
242 2644 309 2711 ope
330 2619 525 2689 multarum
541 2617 688 2705 artium,
713 2618 855 2712 quaein
871 2615 1002 2691 scholis
1016 2620 1073 2691 di·
1168 2638 1174 2647 ’
1225 2642 1342 2701 reesa
1366 2645 1428 2702 ειη
1450 2645 1494 2700 te:
1518 2643 1583 2711 cccc,
1607 2643 1731 2714 ccccm,
1768 2649 1914 2717 mag,
1934 2653 2008 2720 ,mg
2034 2654 2114 2722 Μ

85 2722 233 2791 scendae
251 2734 356 2805 sunt,
377 2744 530 2814 quarum
544 2742 619 2790 non
632 2719 712 2792 ideo
728 2723 864 2792 nullam
882 2721 1072 2794 utilitatem
1225 2713 1331 2780 ΒΜ·
1348 2711 1425 2768 ¹⁶4⁶·
1443 2712 1471 2770 ⁴·
1493 2711 1560 2784 ²1¹L
1676 2748 1679 2753 ¹

83 2824 159 2894 iore
180 2820 403 2943 existimetis,
436 2822 520 2915 quia
539 2822 855 2939 bellum-minatur
874 2815 1072 2895 vastitatem
1157 2873 1286 2945 omno
1312 2876 1354 2945 in
1380 2866 1524 2964 sum
1551 2872 1600 2945 D·
1628 2875 1830 2946 Marum,
1851 2863 2059 2956 Lmen

85 2921 316 2996 Germaniae:
350 2924 410 2991 sed
441 2945 522 2990 cum
551 2917 745 2991 Ecclesiam
767 2919 837 2994 Der
868 2946 1071 2994 mansuram
1298 2977 1348 3059 (d,
1363 2979 1417 3045 ²2·
1432 2976 1520 3041 Febr.
1538 2976 1765 3043 allelmthone
1785 2987 1932 3067 recitare),
2066 2931 2079 2973 t

82 3048 157 3096 esse
183 3048 260 3094 non
283 3021 434 3092 dubium
454 3020 518 3104 sit,
550 3012 686 3110 sperate
708 3020 813 3091 etiam
835 3022 1014 3102 domicilia
1037 3036 1072 3096 et
1622 3086 1624 3090 .

81 3121 236 3217 hospitia
246 3119 484 3192 Ecclesiarum
494 3143 753 3195 mansuraesse.
798 3117 844 3193 Et
856 3117 948 3193 hanc
958 3122 1071 3214 ipsam
1119 3107 1207 3191 Etsi
1229 3115 1268 3186 in
1290 3111 1357 3186 hoc
1379 3114 1524 3209 publico
1545 3118 1643 3189 luctu
1664 3142 1742 3190 mea
1766 3146 1834 3192 vox
1860 3124 1984 3196 dolore
2006 3140 2040 3199 et
2059 3130 2112 3199 la·

81 3229 130 3295 ob
157 3245 299 3293 causam
321 3221 526 3310 diligentius
550 3221 691 3305 discite,
723 3223 807 3316 quia
832 3224 884 3292 ibi
905 3246 1070 3296 mansura
1119 3215 1276 3313 chcymis
1289 3216 1501 3310 impeditur:
1527 3231 1645 3289 tamen
1661 3221 1700 3288 in
1718 3234 1813 3293 tauta
1830 3223 2030 3318 frequentia
2045 3230 2112 3300 ali-

81 3339 133 3397 ccc
147 3321 303 3396 Ecclesia
319 3320 405 3406 Dei,
429 3321 493 3392 ubi
510 3323 567 3392 vet
584 3323 773 3393 mediocria
791 3338 895 3396 ccum
909 3325 989 3417 piac
1002 3328 1070 3396 dc.
1118 3321 1207 3414 quid
1221 3319 1414 3391 dicendum
1429 3319 1510 3404 fuit,
1527 3342 1602 3391 non
1618 3316 1886 3395 utabEtlruicis
1900 3327 2016 3415 tiebat,
2033 3344 2111 3402 tan-

79 3429 215 3499 ctrinae
230 3423 357 3496 studia.
406 3419 548 3493 Etcum
562 3417 648 3495 haec
661 3425 788 3495 mundi
804 3439 964 3497 senectus
977 3449 1069 3518 pene
1118 3422 1253 3491 tumde
1269 3421 1400 3490 mortui
1419 3420 1602 3490 laudibus:
1628 3423 1688 3490 sed
1706 3424 1825 3514 po'tius
1844 3430 1889 3497 ad
1906 3453 2109 3504 commone-

78 3530 151 3598 iam
173 3528 328 3598 delirans
348 3517 512 3595 habitura
536 3525 582 3596 sit
595 3526 710 3596 varias
724 3526 967 3613 confusiones,
989 3552 1068 3598 ma·
1117 3522 1318 3593 faciendum
1332 3534 1470 3594 coetum
1487 3523 1533 3590 de
1547 3522 1709 3593 miranda
1724 3527 1981 3614 gubernatione
1999 3547 2034 3604 et
2047 3558 2109 3625 pe-

76 3630 134 3701 ior
154 3626 200 3701 sit
221 3626 381 3700 discendi
402 3647 506 3711 cura,
531 3638 572 3695 ut
592 3648 756 3695 normam
772 3640 865 3698 recte
880 3627 1067 3698 indicandi
1116 3623 1238 3693 riculis
1251 3619 1443 3706 Ecclesiae,
1459 3637 1501 3693 ut
1513 3646 1583 3715 qua
1600 3624 1645 3691 de
1659 3647 1697 3692 re
1715 3627 1809 3715 angi,
1831 3651 1919 3719 quas
1934 3655 1989 3702 res
2005 3658 2108 3725 prae-

77 3732 262 3804 rectiorem
289 3742 488 3813 teneamus,
521 3725 635 3796 multa
662 3727 767 3796 etiam
789 3727 1011 3799 eruditorum
1031 3743 1066 3800 et
1115 3724 1218 3814 cipue
1237 3736 1417 3813 expetere,
1450 3723 1610 3816 adquae
1638 3726 1796 3817 exempla
1819 3729 1972 3818 dirigere
1995 3737 2106 3804 vitam

75 3835 254 3906 bonorum
277 3828 435 3901 consiliis
456 3825 613 3917 mitigari
632 3834 796 3917 possunt:
822 3828 976 3922 denique
989 3853 1064 3898 ma·
1115 3824 1280 3907 debeant,
1304 3821 1508 3912 cogitemus.
1542 3821 1620 3892 Etsi
1635 3826 1731 3896 enim
1750 3822 1912 3898 homines
1927 3831 2104 3923 prophani

76 3957 144 4026 gna
164 3932 294 4005 levatio
310 3943 380 4015 est,
404 3929 565 3999 dolorem
580 3926 814 4015 cadocuiua,
839 3953 930 4023 qnae
943 3952 1065 4000 causas
1114 3925 1154 3993 in
1179 3936 1277 3994 tanta
1306 3923 1515 3993 confusione
1545 3923 1638 3993 vitae
1664 3939 1794 3995 temere
1816 3930 1938 4001 omnia
1963 3947 1997 4004 et
2021 3958 2104 4007 casu

74 4032 310 4106 humanarum
335 4031 596 4110 calamitatum,
625 4042 659 4101 et
683 4043 826 4122 portum
848 4029 887 4099 in
911 4054 984 4124 quo
1006 4054 1065 4101 ae·
1112 4025 1199 4094 ferri
1213 4022 1446 4093 arbitrantur:
1470 4036 1588 4093 umen
1604 4048 1670 4094 nos
1684 4027 1807 4098 multis
1824 4032 2018 4123 perspicuis
2034 4035 2103 4108 Dei

75 4134 328 4231 qrriescendnm
343 4147 412 4219 est,
438 4134 622 4202 monstrat.
722 4142 727 4150 “
1112 4123 1325 4198 testimoniis
1352 4123 1570 4206 confirmati,
1603 4125 1830 4216 seiungamus
1856 4129 2050 4206 Ecclesiam
2079 4163 2101 4209 a

178 4232 253 4306 Has
271 4229 537 4306 adhortationes
551 4230 701 4305 studiosi
715 4253 818 4322 saepe
831 4232 1004 4323 cogitent,
1027 4245 1063 4306 et
1112 4219 1296 4321 prophana
1309 4224 1558 4311 multitudine,
1584 4239 1621 4299 et
1632 4241 1825 4301 statuamus
1840 4256 1922 4304 vere
1936 4260 2011 4306 eam
2026 4241 2100 4330 regi

74 4348 200 4410 senon
213 4336 328 4406 solum
342 4337 386 4406 ed
403 4335 624 4420 discendum,
649 4334 827 4405 sedetiam
840 4336 884 4405 ad
899 4328 1060 4405 omnium
1112 4343 1147 4401 et
1160 4327 1293 4400 servari
1308 4326 1508 4398 divinitus?
1532 4341 1566 4400 et
1582 4330 1658 4400 eius
1670 4330 1830 4422 politiam
1843 4349 1938 4408 recte
1949 4340 2100 4431 aspicia-

73 4439 248 4511 virtutum
260 4459 416 4506 amorem
432 4437 636 4508 exuscitent.
689 4432 772 4507 Sint
784 4449 1002 4521 constantes,
1026 4450 1062 4507 et
1110 4454 1207 4516 mus,
1235 4447 1465 4519 agnoscamus
1496 4453 1598 4502 veros
1629 4434 1882 4523 gubernatores
1913 4452 2098 4514 eteorum

73 4554 148 4612 acte
171 4535 344 4610 humanas
358 4536 517 4606 miserias
532 4539 624 4608 icccc
640 4536 798 4622 discant,
818 4560 884 4608 nec
898 4538 1061 4610 deserant
1110 4532 1327 4604 curriculum
1355 4530 1638 4618 consideremus,
1672 4549 1706 4607 et
1730 4535 1902 4627 eligamus
1926 4543 2032 4613 duces
2063 4560 2098 4617 et

72 4665 173 4713 suam
196 4639 385 4711 stationem
407 4637 508 4709 fracti
528 4650 642 4724 metu,
674 4652 738 4709 aut
759 4638 915 4709 mollicie
937 4638 1061 4710 animi.
1108 4631 1279 4706 Doctores
1299 4633 1466 4717 idoneos,
1523 4658 1589 4704 uos
1608 4636 1752 4730 quidem
1775 4651 1811 4709 et
1830 4641 1888 4728 pie
1906 4665 2097 4736 sequamur

71 4742 196 4816 Sciant
221 4742 347 4826 etiam,
379 4739 460 4809 idco
481 4734 674 4809 Ecclesiam
697 4739 885 4832 praecipue
906 4740 1060 4810 exerceri
1108 4748 1142 4807 ct
1160 4755 1380 4807 veneremur.
1432 4732 1490 4802 De
1498 4659 1566 4804 his
1589 4737 1699 4807 tantis
1716 4738 1820 4808 rebus
1844 4753 1878 4811 et
1897 4745 2043 4833 cogitari
2060 4763 2096 4818 et

71 4846 209 4934 magnis
234 4839 430 4927 aerumnis,
462 4851 505 4909 ut
529 4837 706 4909 invocatio
729 4840 775 4911 sit
795 4841 996 4924 ardentior,
1024 4852 1059 4911 et
1107 4836 1180 4907 dici
1193 4856 1332 4905 necesse
1345 4832 1424 4919 erit,
1450 4835 1590 4928 quoties
1606 4839 1791 4908 reverendi
1804 4839 1875 4911 viri
1890 4840 1934 4917 D.
1943 4845 2096 4920 Martini

69 4945 228 5038 mitigari
262 4956 407 5015 eventus
442 4938 575 5013 nostris
603 4938 791 5029 gemit‘dsns
818 4966 859 5013 ae
884 4942 1057 5036 precibus.
1105 4933 1277 5022 liutheri,
1306 4930 1504 5008 charissimi
1527 4935 1643 5009 Patris
1661 4952 1697 5012 et
1708 4945 2095 5040 praeceptorisnoscri,

68 5045 157 5121 ldeo
172 5049 297 5120 crebro
310 5056 510 5137 repetamus
523 5036 609 5112 baec
623 5052 723 5111 vota:
1106 5038 1241 5109 mentio
1262 5038 1337 5108 liet:
1363 5059 1469 5132 quem
1489 5038 1627 5111 etiamsi
1648 5041 1753 5112 multi
1774 5039 1953 5137 prophani
1975 5045 2095 5123 homi-
2218 5057 2221 5061 '

172 5148 227 5221 Te
247 5147 472 5240 omnipotens
491 5157 526 5216 ct
544 5138 752 5228 viveDeus,
776 5155 917 5216 aeterne
928 5157 964 5216 et
973 5142 1058 5215 nni·
1106 5164 1170 5211 nes
1191 5139 1415 5212 acerbissime
1442 5141 1614 5224 oderunt,
1645 5155 1763 5214 tamen
1786 5169 1853 5217 nos
1875 5150 1937 5244 qui
1965 5152 2095 5222 scimus

69 5277 109 5326 ce
138 5266 239 5347 pater
258 5248 407 5322 Domini
439 5245 555 5318 nostri
584 5241 663 5316 lesu
693 5236 846 5331 Christi,
892 5245 1058 5319 conditor
1106 5243 1212 5313 fuisse
1244 5241 1447 5312 ministrum
1471 5236 1659 5335 Evangelii
1689 5245 1864 5320 divinitus
1895 5253 2095 5341 excitatum,

69 5357 232 5427 omnium
261 5375 400 5439 rerum,
431 5363 465 5422 ct
486 5346 679 5467 opitulator
698 5368 771 5418 una
793 5366 873 5418 cum
895 5346 970 5418 lilio
993 5360 1056 5419 tuo
1106 5366 1263 5414 amemus
1286 5367 1326 5415 ac
1345 5343 1557 5436 probemus,
1589 5359 1625 5420 ct
1648 5347 1848 5431 testimonia
1877 5353 2096 5445 colligamus,

1412 5442 1500 5523 46*
1565 5460 1572 5495 s
