4732 6030
88 393 164 470 773
618 383 777 464 DECL.
819 376 1265 459 DE·DOROTHEA
1299 378 1593 458 PRINCIPE.
2046 399 2121 477 774

89 568 125 634 in
143 588 213 658 quo
231 557 363 631 dixisti:
391 553 555 630 SicDens
570 558 694 628 dilexit
706 559 891 642 muudum,
913 570 952 628 ut
966 556 1078 626 fitium
1128 554 1173 622 ab
1196 549 1352 624 Ecclesia
1375 556 1630 646 disputationes
1655 557 1735 627 illae
1760 555 1971 635 Stoicorum.
2023 567 2115 642 Nam

88 689 189 735 suum
206 661 428 752 unigenitum
446 662 546 730 daret
562 683 625 750 pro
644 661 800 740 mundo,
826 671 864 730 ut
882 659 999 727 omnis
1016 656 1078 749 qui
1127 668 1162 724 et
1174 653 1409 725 indiditDeus
1424 652 1589 727 humanis
1606 661 1807 750 pectoribus
1822 663 1998 764 uropyoic,
2022 696 2113 763 quae

88 767 198 836 credit
215 765 252 832 in
270 787 363 846 eum,
382 780 456 829 non
471 775 601 851 percat,
625 763 684 829 sed
699 755 826 830 habeat
842 761 948 830 vitam
966 774 1078 829 aeter·
1126 769 1312 842 moneant,
1338 770 1379 828 ut
1397 773 1536 831 nostros
1560 762 1766 850 diligamus,
1801 770 1964 838 secundis
1988 796 2111 844 eornm

87 891 182 937 narn.
234 860 313 934 Oro
340 862 447 933 etiam
469 876 502 932 te
524 858 621 930 Dens
644 874 785 931 aeterne
809 876 908 953 pater
931 859 1076 931 Domini
1126 859 1231 927 rebus
1247 858 1436 939 laetemur,
1460 872 1493 930 et
1515 863 1670 931 adversis
1693 865 1893 954 doleamus,
1924 885 1957 941 et
1982 886 2021 942 nt
2044 899 2112 946 uo.

87 960 442 1047 nostrilesuChristi,
458 976 498 1035 ut
512 961 733 1033 carissimum
749 965 932 1053 coniugem
948 986 1078 1045 meum,
1124 971 1278 1029 strorum
1294 960 1467 1031 desiderio
1484 963 1705 1034 adficiamur:
1733 981 1766 1034 et
1790 963 1875 1038 haec
1899 973 1974 1041 lieri
2001 976 2110 1065 iubet,

88 1085 121 1140 et
138 1066 378 1139 dulcissimam
395 1065 503 1133 liliam
518 1087 617 1154 regas
637 1076 670 1133 et
684 1087 819 1149 serves,
845 1078 878 1135 et
894 1066 931 1132 in
947 1059 1004 1134 his
1021 1087 1076 1132 re·
1124 1064 1186 1131 sed
1208 1060 1424 1156 moderate),
1454 1086 1682 1152 agnoscamus
1700 1068 1792 1138 mala
1812 1085 1949 1159 nostra,
1976 1100 2016 1146 ac
2042 1081 2110 1150 do·

88 1170 255 1260 gionibus
277 1166 513 1235 ministerium
527 1162 733 1253 Evangelii,
756 1161 929 1236 Ecclesias
952 1180 986 1235 et
1008 1163 1077 1233 Po·
1123 1163 1268 1235 leamus.

77 1273 181 1341 'litias
205 1270 381 1339 defendas.
450 1264 546 1335 Haec
577 1289 678 1356 saepe
702 1266 925 1357 ingeminans
950 1266 1081 1336 diebus
1225 1262 1295 1335 Sed
1310 1276 1427 1334 tamen
1441 1279 1586 1357 propter
1600 1261 1663 1335 has
1678 1268 1765 1339 duas
1779 1297 1899 1346 causas
1916 1279 2019 1349 dolor
2033 1305 2111 1354 mo-

88 1375 226 1455 deccm,
252 1384 285 1440 et
306 1392 379 1437 sese
403 1369 570 1436 adversus
591 1391 740 1458 pavores
765 1369 1005 1451 confirmavit,
1041 1381 1076 1437 et
1124 1366 1379 1439 deraudusest.
1430 1365 1610 1450 Primum,
1636 1368 1813 1458 quianon
1837 1390 2111 1473 estrepugnan-

90 1471 294 1542 charissimo
324 1469 466 1559 coniugi
490 1467 649 1561 Principi
678 1482 713 1539 et
735 1469 960 1539 dulcissimae
983 1468 1075 1537 filiae
1124 1468 1210 1535 dum
1225 1467 1384 1537 iusticias
1398 1464 1484 1547 Dei,
1510 1493 1599 1562 quae
1622 1470 1825 1543 universum
1847 1501 1957 1566 genus
1981 1479 2108 1558 huma.

89 1575 201 1643 lenire
215 1572 432 1655 moesticiam
447 1571 594 1642 studuit.
622 1568 734 1662 Saepe
746 1571 850 1640 etiam
870 1567 1008 1641 hortata
1025 1583 1076 1640 est
1123 1591 1210 1638 num
1236 1583 1350 1638 morte
1373 1569 1542 1643 oneravit.
1607 1568 1745 1641 Deinde
1774 1578 1838 1644 etsi
1860 1604 1953 1651 mors
1973 1589 2109 1658 malum

88 1676 197 1744 liliam
214 1688 246 1744 et
261 1687 411 1743 caeteras
425 1671 590 1762 virgines,
617 1696 663 1740 ne
677 1673 859 1742 coelestem
875 1673 1074 1742 doctrinam
1124 1682 1194 1748 est,
1224 1682 1343 1743 tamen
1363 1669 1561 1738 firmissima
1586 1674 1788 1744 assensione
1809 1692 1905 1748 tuam
1930 1685 2112 1759 celsitudi-

88 1790 148 1845 ant
167 1775 407 1868 voluptatibus
420 1784 481 1842 aut
495 1773 704 1864 corruptelis
731 1774 933 1861 dogmatum
960 1772 1076 1842 excuti
1124 1792 1206 1837 nem
1221 1771 1416 1859 amplexam
1433 1793 1505 1838 esse
1520 1767 1583 1839 has
1597 1772 1736 1842 divinas
1749 1782 1937 1852 sententias
1953 1811 2026 1856 non
2042 1792 2111 1861 du-

88 1878 156 1945 sibi
174 1889 396 1967 paterentur,
431 1898 519 1943 neve
542 1876 698 1945 sinerent
718 1874 874 1962 extingui
897 1874 1075 1954 timorem,
1124 1870 1214 1938 bito:
1242 1867 1405 1939 Pretiosa
1420 1894 1516 1938 mors
1529 1870 1759 1962 Sanctorum5
1794 1879 1895 1951 item:
1922 1884 2021 1959 Beati
2047 1895 2112 1984 qui

88 1980 222 2056 sedem,
251 1992 285 2047 et
302 1975 562 2045 invocationem
576 1976 658 2045 Dei.
705 1972 868 2065 Denique
881 1968 941 2043 hic
956 1986 1075 2045 extre·
1123 1970 1161 2038 in
1175 1968 1331 2040 Domino
1347 1971 1560 2046 moriuntur.
1617 1973 1698 2044 Non
1721 1991 1772 2050 est
1793 2006 1888 2052 mors
1915 2001 2110 2064 extremum

90 2102 168 2147 mus
185 2101 274 2166 agon
293 2091 387 2145 totns
404 2076 540 2145 illustre
555 2074 798 2145 testimoninm
812 2075 880 2146 fuit
903 2075 1006 2154 fidei,
1041 2088 1077 2144 et
1123 2071 1318 2156 malorum,
1354 2075 1414 2142 sed
1442 2073 1512 2166 piis
1536 2074 1604 2145 iter
1630 2089 1681 2146 est
1707 2081 1750 2148 ad
1778 2083 2015 2161 dulcissimam
2040 2094 2110 2167 Dei

89 2194 251 2248 aeternae
267 2177 423 2248 iustitiae
440 2177 509 2244 iam
527 2177 563 2243 in
579 2178 684 2245 corde
699 2199 873 2249 accensae.
919 2175 969 2248 Et
982 2177 1076 2246 inter
1124 2173 1424 2245 cousuetudinem.
1469 2172 1580 2246 Levat
1595 2178 1754 2249 dolorem
1770 2183 1807 2252 in
1824 2211 2034 2286 quacunque
2059 2223 2110 2285 re,

90 2277 175 2348 haec
198 2292 298 2361 rota,
343 2291 378 2348 et
400 2273 463 2346 has
483 2277 719 2346 confessiones
742 2301 761 2346 a
785 2301 931 2368 corpore
957 2279 1074 2348 anima
1123 2275 1252 2366 siquid
1270 2276 1380 2345 inesse
1400 2277 1485 2344 boni
1501 2279 1668 2351 cernitur.
1718 2279 1815 2372 Ergo
1839 2293 1967 2366 mentis
1988 2301 2110 2370 oculos

90 2394 209 2450 sancta
241 2393 274 2448 et
295 2377 371 2447 Deo
404 2402 483 2447 cara
515 2379 749 2469 placidissime
772 2379 940 2452 discessit.
1007 2377 1076 2448 Hic
1124 2376 1266 2464 deligito
1283 2377 1320 2444 in
1337 2371 1422 2446 haec
1441 2379 1544 2446 bona.
1602 2375 1682 2448 Etsi
1703 2384 1801 2455 abest
1826 2392 1981 2464 coniunx
2007 2412 2110 2472 tuna

89 2482 247 2551 mortalis
262 2481 355 2549 vitae
369 2480 448 2547 linis
462 2479 549 2562 fuit,
576 2479 641 2570 ipsi
657 2481 800 2574 quidem
817 2479 992 2550 Dominae
1007 2481 1076 2547 mi·-
1124 2491 1409 2567 conspectutuo,
1435 2491 1469 2548 et
1491 2478 1585 2548 tiliae
1606 2481 1847 2574 dulcissimae,
1879 2505 1995 2565 tamen
2019 2501 2111 2575 laeta

88 2584 185 2652 nime
199 2582 326 2665 tristis,
358 2583 418 2649 secl
442 2581 577 2671 optimo
592 2578 750 2674 Principi
775 2582 886 2666 filiae,
912 2595 945 2651 et
970 2582 1076 2651 nobis
1124 2578 1257 2647 fruitur
1283 2578 1353 2647 iarn
1384 2592 1593 2670 conspectu,
1633 2585 1803 2674 sapientia
1828 2604 1861 2660 et
1885 2603 2110 2675 sermonibus

90 2685 255 2752 omnihus
270 2683 372 2751 valde
386 2682 584 2752 luctuosus:
612 2705 651 2751 ac
670 2706 715 2750 ne
735 2682 905 2775 principis
926 2695 960 2753 et
982 2683 1075 2751 tiliae
1124 2675 1211 2764 Dei,
1236 2694 1270 2751 et
1284 2680 1349 2749 filii
1364 2680 1440 2750 eius
1454 2677 1602 2753 Domini
1619 2689 1732 2757 nostri
1750 2688 1827 2761 lesu
1844 2689 1993 2785 Christi,
2019 2701 2110 2774 Pro·

89 2784 266 2876 ingentem
285 2784 444 2853 dolorem
460 2805 624 2871 augeam,
652 2783 713 2874 qui
730 2805 850 2853 causas
867 2784 922 2853 sui
935 2808 1076 2854 moero·
1125 2777 1324 2872 phetarum‚
1350 2778 1615 2872 Apostolorum.
1649 2783 1722 2856 Iam
1737 2790 1774 2858 iu
1792 2808 1892 2865 coetu
1907 2802 2111 2879 coelestium

90 2887 138 2955 ris
158 2887 344 2969 maximas,
371 2885 475 2951 etiam
492 2881 595 2949 nobis
612 2882 827 2964 tacentibus,
855 2884 998 2975 rident,
1031 2887 1075 2953 de
1124 2896 1367 2953 matronarum
1399 2884 1499 2955 audit
1528 2885 1755 2959 disserentem
1778 2891 1930 2966 Mariam
1955 2905 2000 2973 de
2024 2907 2111 2997 lilio,

89 2988 194 3056 nobis
211 2989 337 3055 dicam.
387 2981 536 3050 Ferreus
559 2994 630 3063 est,
656 2982 719 3074 qui
742 2982 781 3049 in
804 2995 904 3051 tanto
930 2984 1074 3073 publico
1125 2984 1224 3053 audit
1241 2981 1354 3053 Evam
1375 2986 1419 3053 de
1431 2985 1545 3075 prima
1568 2986 1770 3062 conditione
1792 3001 1930 3083 generis
1949 2997 2110 3098 humani,

89 3090 205 3170 luctu,
243 3108 322 3153 cum
338 3080 455 3151 videat
469 3080 644 3169 Principis
671 3095 705 3150 et
729 3082 997 3174 praecipuorum
1020 3086 1076 3152 vi·
1126 3084 1171 3152 de
1197 3086 1270 3153 suis
1297 3087 1475 3155 aerumnis
1491 3100 1524 3156 et
1539 3087 1810 3163 liberationibus
1825 3104 2110 3183 concionantem,
2140 3169 2145 3179 ,

88 3211 209 3259 rorum
226 3185 263 3251 in
280 3183 445 3251 omnibus
462 3181 666 3264 ordinibus,
698 3185 875 3253 nobilium
902 3198 938 3255 et
960 3207 1075 3254 sacer·
1125 3180 1238 3254 Audit
1254 3183 1377 3256 Sararu
1395 3198 1428 3256 et
1442 3202 1594 3258 caeteras
1607 3191 1738 3262 similes
1756 3211 1934 3273 matronas
1956 3233 2112 3284 comme.

89 3293 213 3359 dotum
234 3279 447 3376 lachrymas,
471 3307 549 3351 cum
566 3282 658 3351 filiae
673 3283 849 3377 Principis
876 3301 910 3358 et
931 3299 985 3357 tot
1008 3281 1075 3357 ho-
1125 3299 1303 3357 morantes
1326 3285 1395 3356 Dei
1421 3289 1602 3361 beneficia.
1658 3291 1772 3367 Audit
1796 3301 1952 3396 denique
1975 3328 2111 3399 patrem

88 3387 366 3458 nestissimarum
385 3398 626 3454 matronarum
649 3387 801 3457 eiulatus
824 3388 964 3469 audiat,
999 3389 1075 3458 sine
1125 3388 1229 3457 etiam
1246 3410 1369 3472 suum,
1391 3386 1525 3480 Regem
1541 3391 1639 3481 pium
1660 3410 1701 3464 et
1718 3394 1793 3467 Deo
1808 3396 1973 3492 charum,
1999 3414 2111 3486 filios.

88 3498 477 3576 moeroreessepotest.
527 3482 658 3554 Causas
680 3488 788 3576 igitur
812 3491 957 3560 dolendi
979 3491 1076 3578 cogi·
1125 3513 1193 3579 que
1213 3511 1253 3556 ac
1269 3489 1359 3559 filias
1372 3492 1627 3581 complectitur.
1679 3493 1779 3566 Nihil
1796 3504 1937 3598 utrique
1954 3527 2110 3588 vestrum

88 3607 222 3673 temus,
246 3588 450 3658 adficiamnr
466 3587 563 3656 luctu
580 3586 704 3675 optimi
722 3587 900 3678 Principis
921 3605 955 3660 et
971 3591 1074 3669 filiae,
1125 3588 1280 3678 optatius
1295 3589 1380 3671 fuit,
1406 3614 1511 3681 quam
1530 3605 1570 3660 ut
1593 3593 1655 3661 illa
1681 3598 1882 3673 dulcissima
1905 3612 2110 3688 coelestium

90 3708 129 3764 ut
148 3693 245 3761 iubet
260 3687 449 3773 nosDeus‚
477 3687 679 3778 praesertim
688 3686 895 3779 Principum
911 3690 1076 3758 beneme-
1124 3688 1380 3759 consuetudine
1395 3691 1614 3776 frueremini,
1638 3696 1683 3764 ad
1700 3721 1804 3790 quam
1821 3710 1915 3795 quod
1935 3713 2032 3800 prior
2049 3723 2112 3788 ad-

89 3797 239 3864 ritorum
259 3793 424 3861 adversos
449 3810 549 3859 casus
560 3801 709 3878 nostros
734 3792 880 3876 ducere,
908 3805 944 3862 et
963 3790 1075 3861 nostri
1125 3789 1268 3857 ducitur
1284 3790 1439 3858 coniunx
1455 3805 1531 3874 tua,
1557 3794 1587 3861 si
1606 3796 1768 3867 volumus
1783 3826 1863 3873 vera
1878 3809 2004 3900 dicere,
2031 3842 2112 3906 gra.

89 3895 220 3965 amoris
249 3917 328 3983 erga
357 3914 417 3959 eos
438 3888 729 3979 significationem
748 3892 909 3963 societate
932 3893 1075 3962 moesti·
1125 3888 1270 3959 tulanda
1285 3902 1339 3959 est
1353 3890 1385 3959 ei
1401 3884 1487 3963 haec
1505 3891 1665 3965 felicitas.
1723 3897 1814 3970 Nam
1841 3902 1927 3978 haec
1951 3940 2041 4006 quae
2064 3925 2110 3991 de

89 3999 163 4065 riae
178 3998 370 4066 ostendere.
421 3991 560 4062 Deinde
584 4015 625 4060 eo
648 3991 848 4076 doleamus,
882 3995 980 4087 quod
1007 3993 1076 4061 tale
1125 3989 1382 4060 consuetudine
1396 3989 1743 4070 teltfflafflctltsslte
1757 4005 2014 4099 adseveramus,
2036 4045 2111 4095 non

89 4099 197 4166 decus
218 4107 252 4166 et
274 4093 452 4185 exemplar
474 4084 665 4185 uirtutum,
714 4087 799 4162 haec
827 4096 923 4182 regio
948 4094 1076 4178 amisit,
1125 4090 1382 4162 suutfabulosa
1397 4115 1437 4163 ac
1452 4093 1579 4164 similia
1594 4113 1796 4185 poematum
1821 4111 1865 4177 ‹le
1889 4137 2012 4209 campo
2034 4125 2111 4219 ely·
2151 4111 2153 4114 ’

88 4190 709 4290 quodquePatronamEcclesiarum,
735 4194 916 4265 literarum
934 4209 968 4266 et
983 4196 1076 4265 mul-
1125 4193 1188 4261 sio.
1245 4190 1321 4263 Nos
1341 4194 1381 4263 in
1402 4189 1557 4266 Ecclesia
1581 4199 1653 4268 Dei
1683 4207 1892 4280 testimoniis
1913 4215 2112 4297 illustribus

88 4315 207 4371 torum
233 4295 515 4365 calamitosorum
537 4297 730 4365 amisimus.
783 4295 851 4367 Sed
877 4292 1076 4390 lachrymae
1125 4293 1348 4365 confirmatas
1361 4297 1589 4369 essediviuas
1604 4306 1853 4392 promissiones
1874 4317 2020 4407 scimus,
2055 4329 2111 4396 vi.

88 4422 209 4468 vocem
226 4396 445 4486 impediunt,
459 4394 551 4484 'ideo
567 4392 660 4483 hanc
677 4410 810 4489 partem
825 4398 997 4469 orationis
1012 4397 1076 4466 ab·
1125 4395 1252 4465 delicet
1266 4398 1564 4469 resuscitationem
1580 4403 1644 4472 tilii
1658 4402 1736 4492 Dei,
1760 4424 1795 4481 et
1811 4416 2003 4491 multorum
2021 4429 2111 4498 alio-

89 4524 228 4590 rumpo.
271 4495 416 4568 Utinam
432 4510 560 4580 autem,
585 4513 624 4568 ut
638 4498 783 4569 dolendi
798 4523 917 4569 causas
931 4511 1076 4592 propter
1125 4520 1226 4579 rum,
1254 4497 1317 4588 qui
1335 4499 1478 4568 extincti
1494 4503 1707 4580 revixerunt.
1759 4509 1864 4584 Certo
1880 4518 1988 4607 igitur
2003 4529 2111 4600 adfir-

88 4602 262 4694 populum
277 4599 433 4689 exposui,
455 4599 500 4666 ita
519 4620 654 4687 possem
671 4601 789 4693 aliqua
805 4625 846 4668 ex
863 4615 960 4690 parte
977 4613 1074 4671 tanto
1126 4600 1293 4667 mnndum
1319 4613 1388 4682 est,
1425 4594 1587 4671 homines
1609 4607 1653 4673 ad
1676 4607 1791 4680 Deum
1816 4639 2003 4693 conversos
2029 4656 2111 4705 vera

89 4703 229 4772 vulneri
248 4698 426 4789 Principis
442 4712 476 4769 et
490 4697 581 4765 filiae
600 4698 740 4768 mederi.
802 4696 1076 4794 Acfiliamqui-
1127 4700 1340 4788 poenitentia
1358 4713 1393 4768 et
1408 4700 1491 4786 lide,
1521 4718 1554 4773 et
1573 4709 1830 4799 acquiescentes
1856 4718 1892 4786 in
1917 4729 2111 4805 mediatore

89 4807 169 4874 dem
196 4804 286 4895 patri
310 4824 434 4869 omnes
454 4798 596 4868 ordines
622 4804 890 4887 commendant,
925 4825 1075 4894 eumque
1125 4797 1292 4884 lilioDei,
1318 4801 1536 4874 discedentes
1551 4830 1592 4874 ex
1608 4803 1672 4878 hac
1688 4811 1776 4897 vita,
1802 4818 1884 4888 duci
1900 4826 1945 4894 ad
1962 4829 2112 4906 laetissi-

89 4918 211 4990 orant,
236 4918 276 4975 ut
291 4917 324 4974 ec
343 4902 389 4972 ob
410 4895 501 4970 hanc'
519 4920 658 4968 ennam
678 4898 804 4969 tonius
817 4917 990 4995 repugnet
1011 4907 1076 4972 do·
1126 4924 1219 4968 mam
1235 4915 1396 4970 aeternae
1411 4898 1588 4976 Ecclesiae
1612 4918 1915 4998 consuetudinem.
1980 4929 2114 5006 Memi-

89 5007 177 5091 lori,
202 5021 242 5075 nt
259 5005 333 5074 eius
348 5003 508 5073 oratione
525 5013 559 5070 et
572 4999 672 5069 vultu
688 5001 791 5070 liliaa
808 5025 944 5075 summa
960 5006 1077 5074 luctus
1127 5002 1211 5071 nisti
1227 5015 1343 5072 autem
1361 5001 1530 5098 Princeps
1547 5021 1660 5081 totum
1678 5013 1767 5085 vitae
1782 5023 1999 5099 curriculum
2025 5061 2112 5107 con-

88 5109 277 5180 acerbitate
293 5108 499 5175 abducatur.
551 5098 630 5172 Etsi
646 5116 781 5183 autem,
808 5101 977 5196 Princeps
993 5106 1077 5175 illu·
1125 5103 1235 5192 iugis,
1257 5104 1401 5193 plenum
1422 5107 1578 5196 pietatis,
1604 5125 1637 5191 et
1655 5115 1691 5181 in
1709 5110 1776 5187 hoc
1793 5135 1947 5198 extremo
1963 5136 2112 5208 articulo

87 5198 278 5288 unissime,
312 5210 423 5298 pietas
439 5219 500 5275 tua
517 5204 693 5275 laudanda
709 5217 780 5288 est,
814 5207 1076 5296 quodextineta
1127 5204 1321 5274 clarissima
1342 5207 1441 5296 signa
1466 5210 1577 5281 animi
1603 5217 1854 5309 acquiescentis
1887 5227 1923 5297 in
1947 5232 2020 5303 lilio
2044 5235 2114 5310 Dei

88 5306 294 5381 charissima
317 5310 467 5396 coniuge
492 5307 591 5376 tauto
614 5305 739 5374 dolore
763 5319 797 5374 et
810 5307 986 5378 desiderio
1001 5309 1076 5378 eius
1127 5307 1420 5383 animadvertisti.
1477 5308 1543 5381 His
1569 5315 1668 5387 iactis
1692 5321 1932 5399 fundamentis
1953 5341 2116 5410 consola.

88 5411 248 5482 adficeris
262 5415 354 5503 (non
370 5410 464 5480 euim
479 5408 506 5477 ii
521 5430 654 5491 sumus,
680 5407 742 5500 qui
759 5401 850 5475 nihil
868 5409 1003 5492 dolere,
1022 5431 1077 5478 aa·
1129 5409 1285 5492 tionum,
1327 5422 1362 5479 et
1383 5412 1478 5503 quod
1501 5410 1577 5486 Deo
1599 5420 1836 5495 obediendum
1859 5429 1922 5515 sit,
1961 5448 1995 5507 et
2019 5446 2117 5534 quod

87 5512 258 5607 pientiam
276 5526 335 5585 aut
348 5512 512 5584 virtutem
530 5530 603 5578 esse
616 5508 804 5594 fluxerunt,
829 5522 1079 5581 removeantur
1128 5509 1284 5582 coniunx
1323 5524 1383 5582 tua
1423 5514 1628 5591 coelestium
1667 5529 1922 5602 consuetudine
1961 5538 2115 5620 fruatur:

1418 5610 1504 5684 te·
