4732 6030
269 285 348 365 oss
757 270 919 356 DECL.
951 270 1028 352 DE
1058 268 1392 401 Flttntttttco
1417 271 1825 356 BARBAROSSA.
2241 287 2319 361 sto

276 477 357 538 rent
374 484 474 536 suam
488 456 714 551 impietatem.
753 446 894 525 Deinde
908 463 1081 549 quantum
1095 449 1203 521 decus
1217 459 1271 526 est
1320 446 1455 522 cumin
1469 449 1578 522 armis
1591 450 1698 523 loelix
1715 434 1821 524 etism
1835 447 1955 535 luerit,
1977 462 2011 523 et
2028 448 2224 545 profligatis
2240 457 2320 528 bel.

278 564 485 660 magnitudo
505 557 632 642 animi,
658 556 755 649 quod
779 577 885 627 ausus
903 568 956 625 est
981 552 1106 646 procul
1129 553 1168 621 in
1184 547 1270 621 Asia
1321 553 1383 642 lis,
1408 552 1597 625 diuturnae
1615 555 1711 646 pacis
1727 568 1761 625 et
1779 552 1906 645 optimi
1920 565 2033 624 status
2047 569 2152 627 autor
2170 558 2209 627 in
2225 557 2321 629 Ger·

281 687 449 767 quaerere
476 656 638 748 hostem,
671 670 707 728 et
736 678 874 728 sumere
905 654 1152 727 difficillimam
1183 650 1271 723 belli
1321 655 1488 725 manisct
1504 652 1604 725 ltalia
1619 654 1739 736 fuerit,
1766 654 2015 748 deniqnecnm
2032 661 2236 748 represserit
2251 661 2321 734 Sa.

280 784 435 865 partem,
461 763 557 859 quod
580 784 655 830 non
678 758 851 830 deterruit
873 781 954 830 eum
971 756 1143 828 foelicitas
1169 752 1271 826 Sala·
1322 756 1495 841 ladinum,
1512 756 1590 826 iure
1606 757 1710 827 bonis
1727 754 2014 847 Imperatoribns,
2033 771 2069 828 et
2085 754 2225 832 heroica
2244 764 2323 834 vir-

280 870 371 944 dint
407 864 528 957 Quare
544 861 767 935 Eridericusn
781 885 857 932 non
873 856 1120 931 existimabitis
1135 855 1273 926 medio·
1324 872 1397 929 tute
1413 858 1672 949 praestantibus
1688 856 1910 927 Fridericum
1925 880 2213 936 annumeremus.
2246 863 2322 935 Po·

281 994 375 1046 crem
390 970 545 1063 aliquem
552 948 694 1036 llucem
710 960 830 1038 fuisse.
872 957 1058 1033 Excellens
1073 956 1184 1051 ipsius
1199 957 1273 1025 vir·
1324 959 1476 1030 stulabat
1490 953 1549 1028 hic
1566 959 1681 1044 locus,
1707 973 1745 1029 ut
1765 957 1871 1031 etiam
1887 959 1931 1028 de
1947 960 2139 1031 domestica
2156 964 2232 1034 eius
2248 965 2322 1038 vita

283 1093 361 1158 tus,
386 1071 474 1141 etin
490 1067 597 1138 armis
615 1063 806 1151 foelicius,
829 1062 915 1135 satis
931 1062 1143 1144 ostendunt,
1165 1057 1273 1128 fnisse
1324 1075 1360 1131 et
1377 1060 1537 1130 moribus
1551 1062 1765 1144 diceremus,
1790 1083 1881 1154 quos
1904 1061 2042 1150 egregie
2066 1065 2242 1153 praedicat
2255 1064 2321 1136 Li·

283 1169 486 1250 Acbilleam
510 1182 685 1239 naturam.
737 1162 791 1236 lta
813 1165 910 1235 enim
926 1160 1087 1237 saladini
1106 1158 1273 1229 virtutem
1326 1162 1485 1253 guarinus.
1539 1157 1589 1233 Et
1604 1162 1812 1250 magnitudo
1835 1185 1954 1231 mrum
1976 1176 2126 1234 testatur
2140 1189 2217 1235 enm
2243 1190 2320 1237 non

285 1294 319 1351 et
341 1273 567 1346 foelicitatem
592 1267 788 1338 conterruit
808 1263 1028 1348 Eriderieus,
1053 1277 1189 1332 utnon
1214 1282 1273 1329 so·
1324 1263 1432 1334 fuisse
1453 1262 1612 1332 deditum
1633 1262 1749 1347 luxui,
1783 1276 1845 1334 aut
1867 1263 2126 1355 voluptatibus:
2158 1265 2264 1337 luisse
2277 1268 2318 1336 in

285 1382 362 1452 lum
381 1379 605 1466 languescere
625 1368 742 1440 statim
759 1364 921 1441 Saladini
943 1366 1084 1435 animus
1109 1362 1276 1455 coeperit,
1326 1390 1368 1435 eo
1386 1365 1612 1457 praecipuum
1626 1364 1783 1434 studium
1800 1363 2000 1454 religionis,
2024 1370 2219 1439 ostendunt
2241 1393 2318 1438 rno—

287 1482 348 1553 sed
371 1477 478 1549 etiam
505 1486 625 1567 postea
648 1470 712 1540 diu
733 1491 790 1539 res
803 1462 1090 1540 Christianorum
1115 1464 1154 1533 in
1171 1461 1275 1559 Syria
1300 1526 1304 1543 ὅ
1327 1478 1496 1537 numents
1516 1465 1678 1556 plurima.
1730 1463 1848 1535 Multa
1877 1466 1973 1534 enim
1997 1468 2142 1558 collegia
2163 1466 2319 1559 Regula·

286 1574 646 1667 fuerintsuperiores.
681 1569 952 1664 Potuissentque
965 1581 1041 1639 tum
1059 1564 1198 1659 penitus
1213 1566 1276 1634 de·
1328 1570 1440 1645 rium,
1465 1583 1505 1636 ut
1524 1581 1667 1651 avocant,
1692 1567 1872 1652 condidit,
1898 1581 1938 1637 ut
1956 1566 1995 1636 in
2022 1569 2093 1639 illis
2116 1570 2320 1641 colerentur

288 1684 374 1768 leri,
398 1691 459 1751 aut
473 1690 565 1747 certe
581 1698 622 1743 ex
637 1670 741 1767 Syria
756 1684 791 1742 et
807 1667 968 1765 Aegypto
986 1668 1070 1760 pelli
1091 1662 1277 1737 Mahome-
1329 1669 1445 1739 studia
1472 1666 1654 1737 doctrinae
1675 1662 1919 1752 Christianae,
1948 1691 2039 1761 quae
2068 1684 2152 1742 tunc
2176 1672 2321 1743 videbat

290 1788 392 1859 tistae
410 1805 450 1851 ac
463 1776 592 1860 anci,
618 1797 770 1868 quorum
786 1795 917 1842 nomen
936 1785 1020 1842 tunc
1042 1768 1195 1859 primum
1213 1789 1278 1837 au·
1301 1824 1306 1903 p
1329 1769 1457 1858 negligi
1475 1768 1512 1836 in
1530 1768 1601 1837 illis
1617 1769 1792 1839 veteribus
1809 1783 1843 1839 et
1864 1769 2145 1860 opulentioribus
2158 1773 2320 1862 collegiis

291 1889 407 1959 ditum
429 1892 500 1965 est,
526 1879 555 1948 si
572 1874 773 1946 Fridericus
796 1873 930 1942 diutius
952 1881 1126 1963 superstes
1144 1868 1277 1940 luisset.
1302 1918 1305 1969 p
1329 1884 1362 1941 et
1378 1868 1610 1942 monasteriis.
1650 1866 1736 1939 Tria
1753 1870 1898 1939 memini
1912 1870 2057 1960 collegia
2073 1873 2117 1942 ab
2136 1873 2211 1963 ipso
2229 1897 2320 1942 cun-

206 2054 214 2069 ,
290 1988 362 2062 Sed
384 1986 473 2067 lata,
504 1993 544 2050 ut
564 1999 629 2068 ego
660 1975 803 2069 quidem
833 1973 1064 2064 interpretor,
1102 1969 1279 2059 urgebant
1302 1972 1306 2081 Ι
1329 1972 1422 2056 dita,
1451 1967 1736 2060 Adelburgense,
1768 1969 1981 2062 Hagonense
2003 1986 2039 2043 et
2061 1968 2321 2058 Gelbusanum,

291 2090 435 2171 Asiam,
457 2096 491 2154 et
504 2079 600 2152 Dens
622 2101 771 2170 poenam
788 2075 931 2145 differre
951 2070 1179 2166 aliquandiu,
1204 2091 1278 2138 non
1302 2086 1307 2229 p
1329 2085 1462 2144 caetera
1479 2094 1553 2141 non
1569 2073 1727 2145 memini.
1775 2069 1908 2143 Curam
1930 2073 2047 2161 legum
2066 2088 2101 2146 et
2115 2075 2321 2167 disciplinae

291 2211 436 2284 prorsus
459 2183 636 2255 remittere
660 2178 785 2249 voluit.
835 2173 926 2246 Cum
950 2173 1058 2263 igitur
1077 2182 1279 2262 mctaperata
1304 2234 1306 2241 .
1330 2173 1493 2267 publicae
1508 2196 1682 2244 summam
1698 2174 1736 2243 in
1752 2197 1794 2243 eo
1815 2174 1923 2244 hrisse
1938 2187 1973 2244 et
1990 2174 2083 2264 leges
2099 2176 2176 2246 eius
2190 2190 2320 2247 testan-

290 2289 417 2366 Cilicia
439 2283 641 2357 Eridericus
668 2299 890 2369 progressus,
923 2274 1084 2347 Saladini
1107 2271 1279 2342 exercitus
1303 2246 1308 2327 1
1330 2290 1408 2355 tur,
1434 2289 1468 2345 et
1484 2276 1656 2368 quaedam
1672 2275 1843 2366 exempla.
1892 2273 2094 2346 Palatinum
2112 2278 2321 2370 principem,

292 2419 331 2464 ex
356 2386 528 2461 Armenia
553 2381 686 2452 minori
708 2379 914 2470 expulisset,
940 2401 1021 2447 cum
1043 2375 1134 2445 torte
1152 2373 1279 2441 delati·
1304 2334 1308 2433 1
1332 2391 1514 2469 propterea
1536 2378 1632 2469 quod
1656 2398 1692 2447 se
1715 2377 1859 2449 munte
1876 2378 2047 2470 quaedam
2069 2392 2257 2469 occuparat
2280 2378 2320 2447 in

291 2504 392 2586 gatus
411 2489 533 2557 labore
553 2496 657 2575 atque
681 2494 777 2550 aestu
791 2502 896 2570 quem
913 2474 1084 2547 Germani
1102 2498 1174 2543 non
1196 2472 1281 2544 satis
1303 2448 1308 2543 l
1335 2477 1585 2546 Wormacensi
1599 2474 1835 2570 Episcopatu,
1861 2500 1980 2547 severe
2001 2479 2140 2570 punivit
2164 2493 2197 2549 et
2210 2480 2321 2549 veteri

291 2597 560 2668 ferre'norunt,
586 2581 767 2653 descendit
791 2580 829 2650 in
852 2579 1006 2657 flumen,
1040 2576 1182 2646 lavandi
1204 2587 1280 2643 stu·
1303 2550 1308 2627 1
1332 2602 1429 2648 more
1443 2579 1555 2669 coegit
1574 2602 1637 2670 per
1656 2592 1766 2649 totam
1781 2575 2027 2649 Wormatiam
2048 2602 2170 2649 canem
2190 2581 2226 2649 in
2251 2575 2322 2650 hu.

292 2696 365 2768 dio.
418 2688 474 2760 lbi
494 2687 557 2757 alii
571 2685 692 2754 ferunt
708 2706 789 2752 eum
805 2682 988 2771 abreptum
1006 2679 1137 2749 vortice
1155 2677 1193 2744 in
1211 2676 1279 2744 llu-
1332 2680 1439 2750 meris
1466 2695 1618 2770 gestare,
1658 2680 1837 2770 prioribus
1867 2675 2124 2772 apprehensum
2157 2683 2323 2773 pedibus.

294 2797 390 2867 mine
413 2789 574 2885 periisse;
610 2781 672 2855 alii
695 2784 815 2853 lerunt
835 2781 998 2851 redeunti
1020 2803 1060 2849 ex
1082 2802 1173 2872 aqua
1197 2799 1282 2868 epar
1332 2781 1469 2853 Literas
1493 2780 1622 2851 latinas
1638 2780 1687 2851 sic
1700 2782 1784 2853 satis
1798 2780 1938 2867 calluit,
1963 2804 2002 2851 ac
2023 2804 2156 2851 amasse
2172 2806 2212 2852 ac
2234 2808 2324 2874 pro-

293 2898 386 2968 male
415 2893 579 2963 affectum
603 2908 697 2971 esse,
729 2898 768 2957 ut
797 2883 850 2969 fit3
887 2880 1097 2951 meministis
1121 2877 1280 2948 enimin
1333 2882 1466 2953 vexisse
1480 2907 1560 2951 eum
1574 2895 1749 2953 testantur
1763 2877 1862 2954 Otho
1878 2880 2112 2973 Erisingensis
2129 2895 2162 2952 et
2177 2883 2324 2974 Liguri·

293 2997 418 3072 Cilicia
443 2995 620 3063 lavantem
646 2987 683 3056 in
704 2986 872 3068 flumine,
897 2982 1062 3063 inciditis
1086 2979 1281 3051 inletalem
1333 3008 1412 3056 nns.
1470 2982 1560 3053 Nam
1592 2979 1693 3055 Otho
1721 2981 1918 3076 Episcopus
1949 2982 2205 3075 frisingensis,
2240 3009 2323 3054 cum

294 3099 473 3168 morbum.
506 3091 647 3163 Dicitur
661 3089 790 3180 itaque,
811 3084 1014 3157 Fridericus
1033 3083 1141 3174 epatis
1158 3081 1282 3150 morbo
1333 3088 1477 3180 quidem
1492 3085 1598 3156 fuerit
1616 3085 1691 3157 eius
1707 3101 1885 3176 cognatus,
1903 3086 1951 3157 ait
1965 3107 2044 3156 eum
2059 3111 2077 3155 a
2095 3087 2325 3176 sepelivisse,

295 3198 388 3269 intra
406 3215 535 3288 paucos
550 3192 626 3260 dies
641 3189 813 3258 extinctus
829 3210 912 3259 esse.
954 3184 1023 3256 Hie
1040 3185 1106 3255 trit
1119 3182 1282 3252 interitus
1306 3144 1310 3313 ι
1335 3202 1373 3256 ut
1388 3183 1570 3256 historiam
1586 3187 1765 3262 scriberet.
1817 3186 1864 3257 Et
1878 3188 2072 3277 Ligurinus
2090 3187 2194 3258 Poeta
2211 3189 2324 3278 signi.

295 3294 469 3369 Friderici
484 3289 658 3382 imprimis
673 3289 846 3376 lugendus
858 3285 1013 3378 Reipub.
1048 3284 1131 3374 Quo
1146 3285 1185 3352 in
1204 3283 1283 3353 loco
1307 3334 1310 3347 ·
1334 3290 1412 3359 licat
1428 3286 1647 3359 Fridericum
1664 3312 1737 3358 non
1757 3289 1871 3358 solum
1887 3289 2016 3357 fovisse
2039 3289 2159 3358 literas
2174 3302 2209 3359 et
2226 3289 2326 3380 inge·

296 3400 391 3473 subit
409 3391 588 3469 recordari
603 3390 672 3460 sata
690 3387 882 3458 multorum
905 3387 1157 3477 praestantium
1172 3383 1284 3452 bella-
1306 3350 1311 3451 1
1333 3391 1415 3473 nia,
1441 3389 1501 3457 sed
1519 3386 1621 3457 etiam
1639 3413 1796 3474 curasse,
1820 3403 1861 3460 ut
1876 3389 1950 3459 filio
1972 3391 2084 3483 probe
2100 3393 2325 3463 traderentur

294 3516 435 3584 torum,
472 3495 534 3590 qui
559 3514 639 3564 cnm
663 3489 797 3560 virtute
820 3511 957 3558 summa
986 3484 1136 3578 praediti
1159 3498 1284 3567 essem,
1307 3468 1311 3535 i
1334 3491 1474 3574 literae3
1500 3489 1549 3559 sic
1564 3490 1658 3559 enim
1679 3491 1815 3585 inquit:

295 3617 414 3675 tamen
431 3595 619 3669 levissimis
635 3591 775 3663 casibus
789 3588 922 3675 afflicti,
939 3587 1132 3707 perierunt.
1158 3578 1284 3704 Achil·
1436 3613 1469 3680 0
1484 3618 1560 3677 gg„
1575 3619 1657 3701 quod
1674 3621 1765 3680 ,dm
1782 3618 1883 3678 dmm
1898 3620 2030 3701 Pom,
2044 3612 2158 3697 pff„

295 3704 346 3775 1⁰³
368 3705 454 3773 dum
478 3709 623 3791 ³PP³¹²¹
646 3693 804 3785 ⁰⁰P¹i¹¹⁸2
832 3713 895 3783 [³²¹⁸
916 3690 1063 3761 in⁸id¹³⁸
1080 3690 1125 3759 “b
1137 3683 1284 3805 h⁰¹¹¹¹¹¹f
1438 3717 1588 3797 lnstituit,
1615 3725 1668 3803 qui
1684 3725 1726 3782 slo
1742 3720 1848 3782 studiis
1864 3722 1996 3788 imbutus
2012 3718 2156 3798 honestis,

295 3807 426 3897 ignavo
460 3798 681 3870 interficitur.
747 3793 911 3886 Denique
943 3787 1110 3861 Aeandae
1142 3802 1283 3905 caetera,
1435 3818 1530 3882 Nm,
1544 3824 1580 3882 ,g
1596 3823 1727 3905 gmgpfflo
1743 3823 1866 3884 dmum
1879 3824 2144 3904 „gemwupgo'

294 3904 406 3987 Aius
428 3896 607 3999 nyfhms
630 3909 805 3990 110111οιῃο
823 3889 1027 3966 mimda
1047 3891 1161 3964 *11111111
1176 3904 1210 3962 ⁸¹
1226 3912 1283 3957 ¹¹¹·
1435 3919 1560 4006 Iamque
1575 3923 1628 3985 diu
1641 3939 1757 4003 mutas,
1782 3928 1943 4008 solitasque
1957 3926 2043 3986 silere
2056 3922 2220 3987 camoenas

295 4010 402 4100 digna
428 4017 541 4075 morte
563 4001 755 4094 perierunt.
815 3995 913 4085 Quid
937 3995 1053 4064 dicam
1075 3992 1282 4110 Samsonern
1436 4021 1576 4100 Enim,
1603 4028 1641 4089 ‘d
1657 4034 1784 4090 veterem
1803 4028 1892 4107 digna
1910 4026 2044 4089 mercede
2060 4026 2203 4087 laborem.

296 4112 434 4201 ipsum,
467 4118 503 4176 et
532 4102 620 4171 alios
645 4098 794 4183 multos,
827 4120 980 4189 quorum
1009 4096 1121 4166 exitus
1141 4094 1283 4182 indigni
1758 4118 1852 4191 Dixi·

296 4221 393 4281 tanta
410 4206 539 4276 virtute
553 4203 710 4271 [uerunt.
763 4195 884 4286 Quare
902 4209 1046 4287 propter
1060 4218 1170 4286 genus
1187 4217 1283 4264 mor·

295 4309 360 4394 tis,
387 4301 480 4377 nihil
496 4306 539 4373 de
562 4301 666 4371 laude
682 4297 824 4368 virtutis
836 4294 1010 4366 Friderici
1026 4291 1282 4366 detrahendum

297 4412 374 4481 erit.
429 4405 498 4477 Sed
514 4403 559 4473 sit
574 4402 610 4471 id
627 4421 768 4494 quoque
783 4395 1002 4487 exemplum,
1029 4399 1124 4489 qnod
1141 4419 1206 4466 nos
1219 4398 1282 4465 ad.

296 4523 437 4583 moneat
454 4503 630 4576 humanae
646 4499 826 4580 miseriae,
848 4499 945 4591 quod
961 4492 1095 4567 heroici
1110 4510 1146 4567 et
1164 4498 1283 4567 lortis-

296 4614 378 4685 simi
401 4611 487 4694 viri,
514 4628 616 4698 saepe
646 4602 783 4674 levibus
807 4601 997 4671 momentis
1020 4598 1195 4691 oppressi,
1227 4598 1283 4667 in·
1649 4669 1658 4688 ⁸
1704 4670 1713 4688 ο

296 4715 402 4806 digna
418 4724 530 4782 morte
550 4718 710 4801 pereunt.
753 4703 817 4775 llla
835 4725 919 4772 vero
933 4701 1117 4781 foelicitati
1130 4700 1206 4769 eius
1219 4699 1283 4769 tri·
1509 4668 1585 4753 De
1601 4666 1904 4779 sighimundo
1922 4667 2146 4780 Imperat.

296 4821 464 4899 huamus,
492 4812 585 4907 quod
609 4833 682 4880 non
698 4819 780 4878 ante
797 4805 971 4875 extinctus
993 4819 1063 4888 est,
1088 4827 1193 4897 quam
1211 4803 1281 4871 fra·
1404 4826 1485 4907 *¹3⁸³
1501 4823 1614 4881 Geton.
1634 4827 1706 4897 Myr.
1726 4845 1753 4898 p.
1766 4827 1817 4882 335
1828 4845 1903 4898 sqq„
1922 4826 1949 4881 ᾗ,
1965 4828 2086 4883 nectem.
2104 4829 2140 4882 T·
2154 4825 2189 4881 „-
2206 4842 2233 4897 P·
2248 4826 2331 4897 ω,

297 4935 371 4991 ctus
400 4929 490 4987 esset
516 4911 723 4995 saladinus,
755 4922 790 4981 et
816 4902 902 4976 Asia
934 4904 1082 4976 liberata
1114 4904 1283 4996 periculo.
1437 4913 1466 4950 ¹¹¹
1478 4895 1599 4953 SM·
1611 4895 1644 4954 Τ·
1658 4897 1693 4955 ¹¹·
1707 4897 1803 4971 ΡΜ·
1819 4905 1846 4950 ‘²
1861 4898 1932 4967 ’Μ
1947 4895 2076 4953 Rimas.
2090 4895 2123 4952 Τ·
2135 4896 2170 4952 ¹¹·
2189 4912 2217 4966 e·
2229 4895 2302 4953 827.-

295 5020 404 5092 Domi
426 5019 530 5088 etiam
545 5013 692 5105 Respub
720 5007 910 5102 tranquilla
931 5007 1017 5092 fuit,
1041 5007 1283 5096 designaverat

295 5125 390 5192 enim
415 5139 646 5189 successorem
665 5114 799 5197 filium,
826 5133 871 5179 ne
896 5109 981 5203 quid
1002 5109 1126 5179 electio
1151 5109 1283 5179 tumul-

295 5241 371 5298 tum
396 5233 533 5313 pareret
557 5218 633 5307 ipso
662 5215 800 5283 amisso.
865 5208 985 5304 ltaque
1009 5234 1089 5279 cnm
1116 5209 1283 5280 fueritin

293 5324 475 5398 Friderico
490 5318 663 5391 fortitudo
683 5330 717 5384 et
733 5314 879 5385 scientia
898 5313 951 5382 rei
965 5311 1130 5381 militaris
1145 5310 1283 5390 eximia,
1335 5298 1419 5380 Etsi
1435 5308 1541 5379 laudo
1558 5309 1716 5379 studium
1735 5334 1878 5397 eorum,
1903 5311 1966 5404 qui
1982 5304 2051 5379 hnc
2066 5325 2201 5382 veteres
2214 5323 2250 5380 ct
2268 5334 2330 5401 pe-

293 5445 326 5500 et
342 5446 545 5523 quanquam
562 5421 635 5512 ipsc
653 5416 759 5488 variis
776 5417 922 5487 iactatus
937 5428 987 5485 cst
1001 5413 1149 5500 casibus,
1167 5426 1283 5484 tamen
1335 5411 1492 5503 regrinas
1507 5407 1674 5481 historias
1691 5410 1857 5498 afferunt,
1884 5437 1965 5483 nam
1981 5412 2063 5481 illae
2079 5414 2185 5484 etiam
2202 5434 2269 5481 nos
2281 5412 2330 5481 de

1342 4456 1512 4586 Q
1936 4468 2002 4554 (sn.
2019 4467 2115 4533 isso.
2129 4480 2164 4528 ut
2178 4464 2326 4564 ridatnrs)

1963 4556 2318 4594 m

1334 5048 1690 5154 Desipismuud
1699 5081 1719 5128 o
1743 5061 1974 5148 Imperatore
1987 5054 2236 5145 declamatio,
2263 5078 2331 5129 re·

1334 5161 1455 5230 citata
1477 5182 1501 5231 a
1525 5158 1734 5232 Iohanne
1756 5154 2017 5254 Oelhafen,
2043 5157 2332 5257 Noribergeusi.
