4732 6030
105 242 182 319 na
793 239 953 318 ouer.
994 238 1070 316 na
1103 236 1434 321 anaeosm.
2057 216 2152 340 570'

106 416 145 486 in
173 415 314 511 publiea
337 436 494 486 censura.
551 412 691 486 Profuit
717 427 834 485 autem
857 413 988 507 Reipu.
1010 407 1096 484 haec
1145 412 1231 480 urbs
1257 409 1393 499 Roma,
1432 417 1517 485 dum
1544 417 1633 491 iusta
1660 423 1752 495 bella
1779 443 1930 518 gereret,
1968 456 2008 503 ae
2034 429 2132 506 douai

104 516 287 589 Ambrosii
310 516 473 607 gravitas.
530 514 620 585 Nam
642 529 761 608 postea
779 511 1022 601 Theodosius,
1055 527 1097 586 ut
1145 512 1387 603 disciplinam,
1412 518 1525 588 bonos
1542 535 1574 590 et
1589 536 1701 594 castos
1716 551 1848 613 mores,
1874 547 1906 602 et
1921 548 2054 606 veteres
2074 563 2131 608 re-

105 619 308 687 iraeundiae
341 618 441 710 quasi
474 618 614 686 frenum
650 617 829 699 iniicere,
864 619 977 708 Iegem
1013 617 1096 688 tulit
1144 613 1293 702 ligiones
1318 629 1485 689 tueretur.
1543 620 1648 692 Nunc
1672 629 1856 698 ruentibus
1886 638 2064 725 moribus,
2097 654 2131 711 et

104 743 193 811 quae
216 733 306 789 extat
332 720 370 786 in
385 716 514 788 Codice
530 719 575 787 de
597 719 739 806 poenis,
765 731 806 788 ut
828 734 906 809 post
928 720 1095 789 mandatu
1144 715 1315 804 religione
1328 732 1481 803 mutata,
1506 723 1592 791 urbs
1608 749 1679 795 rana
1695 730 1859 806 concidit.

103 819 297 911 Principis,
329 843 392 910 per
409 819 554 907 triginta
577 819 653 887 dies
680 819 891 888 differantur
910 819 1094 910 supplicia.
1245 813 1341 886 Haec
1357 821 1471 890 oratio
1490 825 1721 913 popularibus
1748 843 1782 898 et
1809 833 2057 922 plausibilibus
2073 866 2131 910 ar-

101 916 271 989 Haec'lex
293 920 445 989 servavit
466 920 595 988 deinde
609 915 869 989 Antiochenam
893 921 1094 991 multitudi-
1143 916 1319 1006 gumentis
1335 919 1515 1006 instructa,
1541 938 1575 994 et
1591 928 1820 1001 confirmabat
1836 935 1974 1025 impios,
2000 953 2034 1010 et
2049 965 2130 1032 per-

102 1045 203 1107 nem,
228 1045 334 1114 quarn
352 1020 461 1089 simili
483 1022 591 1090 modo
610 1020 759 1091 iusserat
772 1017 970 1112 Imperator
984 1021 1094 1092 truci·
1143 1018 1310 1088 turbabat
1326 1020 1518 1095 imbecilles
1536 1025 1629 1096 inter
1644 1029 1731 1119 pios.
1776 1030 1895 1120 Quare
1911 1061 2049 1110 necesse
2063 1043 2131 1114 init

102 1123 197 1206 dari,
221 1135 367 1214 propter
382 1135 532 1192 statuam
547 1119 715 1192 Flaeillae
740 1121 902 1213 coniugis
925 1145 1094 1193 eversam.
1143 1142 1322 1211 opponere
1343 1144 1481 1204 veram,
1516 1126 1752 1217 luculentam,
1787 1156 1929 1224 gravem
1956 1152 1989 1211 et
2010 1145 2131 1214 erudi-

102 1220 172 1293 Hic
189 1247 268 1292 cum
284 1223 421 1292 veniret
443 1221 618 1315 quispiam
642 1237 721 1312 post
744 1223 838 1292 edita
860 1225 1026 1293 mandata
1047 1225 1093 1292 ad
1142 1232 1214 1290 tam
1235 1221 1445 1311 apologiam.

101 1323 306 1416 praefectos,
333 1347 372 1392 ac
388 1323 612 1394 inheretdici
630 1320 856 1414 Imperatori,
881 1348 927 1394 ne
949 1337 1093 1416 propter
1245 1317 1356 1392 Erant
1389 1323 1521 1393 similes
1546 1327 1767 1402 defensiones
1792 1350 1826 1405 et
1852 1353 1952 1410 antea
1981 1344 2130 1435 scriptae

101 1424 260 1492 mortuae
284 1424 443 1513 coniugis
464 1424 674 1514 imaginem,
708 1425 806 1492 vivas
829 1422 897 1494 Dei
920 1425 1104 1514 imagines.
1142 1445 1160 1489 a
1187 1419 1341 1503 Iustino,
1376 1417 1619 1514 Athenagora,
1655 1427 1899 1523 Tertulliano,
1932 1440 2130 1522 Lactantio.

101 1525 262 1600 violaret.
313 1522 526 1616 Imperator,
560 1525 641 1618 quia
660 1525 730 1596 iam
750 1525 1004 1617 deflagraverat
1026 1525 1091 1607 ira,
1142 1519 1208 1591 His
1236 1520 1446 1593 Ambrosius
1471 1549 1570 1597 suam
1597 1530 1733 1602 adiecit.
1786 1532 1832 1606 Et
1858 1540 1941 1631 quia
1968 1546 2056 1614 utile
2078 1563 2129 1619 est

100 1628 264 1697 mandata
282 1625 494 1700 retractavit.
1140 1623 1245 1694 bonis
1261 1622 1300 1692 in
1318 1640 1506 1715 conspeetu
1525 1622 1654 1699 habere
1670 1650 1888 1724 argumenta,
1913 1666 2003 1734 quae
2018 1647 2130 1736 pieta.

200 1726 380 1800 Hactenus
395 1725 559 1817 exposui,
587 1726 768 1819 quomodo
784 1721 996 1797 Ambrosius
1009 1750 1089 1796 cum
1141 1739 1211 1795 tem
1234 1724 1421 1795 inanimis
1444 1728 1671 1816 confirmant,
1696 1735 1809 1827 capita
1826 1762 1965 1833 rerum,
1988 1746 2033 1813 de
2048 1751 2129 1841 qui-

98 1828 324 1920 Principibus
340 1827 563 1898 conflictatus
578 1828 634 1908 sit,
652 1850 748 1897 nunc
763 1829 976 1898 recensenda
990 1840 1091 1897 erant
1141 1824 1207 1893 bns
1225 1824 1365 1893 disserit
1379 1821 1608 1909 Ambrosius,
1635 1834 1789 1905 breviter
1806 1844 2007 1928 recensebo,
2034 1871 2129 1918 eam-

98 1931 231 2021 praelia
260 1942 340 2000 eum
368 1924 569 2012 haereticis,
609 1952 699 2020 quae
724 1940 844 1998 extant
874 1927 912 1995 in
938 1929 1088 2018 scriptis.
1140 1947 1209 2016 que
1226 1927 1613 2014 commemorationem,
1640 1947 1672 2001 et
1695 1950 1839 2027 propter
1854 1964 1909 2009 res
1932 1943 2024 2034 ipsas
2049 1971 2129 2036 gra.

99 2028 251 2102 Obstitit
276 2031 372 2101 velut
399 2052 523 2098 murus
548 2023 685 2104 Ariane
717 2027 832 2097 irrrori
856 2028 1027 2116 grassanti
1050 2028 1089 2096 in
1139 2037 1212 2093 tam
1234 2023 1310 2093 fore
1333 2025 1555 2098 auditoribus
1577 2032 1757 2119 existimo,
1784 2052 1817 2107 et
1834 2043 1877 2107 ad
1903 2042 2024 2114 laudes
2040 2046 2129 2118 Am.

99 2128 272 2215 Oriente,
304 2153 349 2199 ne
375 2141 577 2221 penetraret
605 2128 643 2196 in
671 2121 935 2213 Occidentem,
955 2129 1088 2198 semina
1138 2124 1249 2195 brosii
1266 2125 1441 2216 pertinere
1456 2128 1586 2210 iudico,
1607 2127 1690 2202 binc
1704 2137 1797 2206 enim
1815 2139 2018 2232 intelligetis
2035 2153 2129 2220 mul-

97 2231 289 2322 impietatis
310 2253 428 2322 sparsa
453 2229 498 2301 ab
516 2228 714 2308 Auxentio‚
747 2228 808 2320 qui
831 2251 867 2297 se
889 2225 1089 2300 Constantii
1139 2226 1252 2318 tipliei
1268 2228 1487 2315 eruditione,
1513 2243 1546 2300 et
1560 2234 1780 2327 antiquitatis
1802 2242 2003 2331 cognitione
2026 2274 2128 2340 prae-

98 2347 275 2424 tempore,
300 2345 340 2402 ut
360 2332 417 2415 fit,
442 2332 487 2402 ad
507 2331 724 2403 voluntatem
741 2327 920 2420 Principis
943 2330 1089 2401 inllexe-
1137 2327 1230 2397 clare
1256 2327 1466 2400 instructum
1493 2331 1610 2403 luisse.
1661 2332 1709 2406 Et
1735 2342 1901 2413 studiosis
1929 2352 2128 2441 exemplum

97 2448 171 2516 rat,
203 2432 386 2525 oppressit.
448 2429 608 2504 Dimicat-
631 2441 667 2503 et
690 2453 773 2501 cum
796 2428 1022 2504 Marcionitis
1047 2454 1087 2503 ac
1137 2429 1299 2523 prodest,
1324 2442 1363 2499 ut
1388 2433 1588 2503 eruditione
1606 2460 1645 2505 ae
1668 2437 1779 2509 literis
1802 2442 1839 2511 in
1858 2440 2014 2520 Ecclesia
2038 2478 2127 2544 opus

97 2534 315 2606 Novatianis.
1138 2552 1211 2600 esse
1232 2530 1398 2620 cogitent.
2183 2612 2186 2616 a

197 2633 344 2708 Relutat
375 2630 625 2732 Symmachum
660 2650 856 2708 senatorem
883 2631 1085 2710 hortantem
1253 2628 1412 2725 Utraque
1445 2657 1554 2704 manu
1587 2631 1793 2733 hypothesis
1823 2643 2025 2739 accipienda
2058 2670 2128 2741 est,

95 2734 280 2809 Romanos
313 2735 517 2829 Principes,
556 2751 597 2809 ut
625 2751 778 2810 veterem
812 2731 1087 2830 εἰδωλομανίαν
1135 2733 1251 2837 ⁴solam
1286 2757 1361 2802 eam
1393 2734 1599 2824 religionem
1625 2767 1744 2812 veram
1770 2767 1861 2831 esse,
1894 2775 1983 2842 quae
2013 2755 2126 2844 prima

96 2837 294 2920 restituant,
319 2853 354 2909 et
368 2840 495 2908 callide
509 2838 745 2928 disputantem
761 2841 1013 2910 vetustissimas
1031 2863 1087 2908 re-
1137 2848 1200 2909 est.
1253 2832 1337 2904 Ideo
1361 2835 1458 2927 enirn¹
1477 2839 1637 2911 condidit
1658 2840 1754 2914 Deus
1782 2841 1976 2920 humanum
2007 2877 2127 2944 genus,

82 2938 244 3029 -ligiones
258 2940 457 3008 verissimas
473 2960 560 3011 esse.
609 2934 701 3005 Cum
720 2937 815 3005 enirn
830 2940 1002 3030 quaedam
1018 2937 1085 3009 Dei
1136 2949 1176 3006 ut
1192 2948 1281 3005 esset
1295 2935 1413 3037 aliqua
1431 2932 1605 3024 Ecclesia,
1631 2941 1667 3010 in
1685 2969 1752 3037 qua
1774 2972 1853 3016 vera
1869 2951 1979 3041 ipsius
1993 2958 2125 3028 noticia

95 3041 225 3109 noticia
257 3034 425 3106 humanis
455 3036 584 3107 animis
614 3035 838 3116 innascatur,
870 3060 1009 3107 neeesse
1035 3053 1086 3108 est
1136 3036 1287 3119 luceret,
1320 3059 1433 3127 eoque
1457 3059 1493 3106 se
1517 3041 1680 3129 patefecit
1701 3069 1774 3115 non
1796 3073 1869 3118 uno
1895 3056 2021 3139 morlo,
2055 3059 2125 3127 im-

93 3141 228 3231 primos
243 3134 419 3220 bornines,
440 3135 540 3228 quasi
556 3135 721 3227 propiore
736 3137 1086 3226 cognationecondi-
1135 3136 1261 3227 pressit
1276 3137 1436 3205 omnium
1453 3141 1633 3212 mentibus
1650 3161 1829 3218 nascentes
1849 3154 2034 3225 nobiscum
2058 3183 2126 3229 no·

94 3253 207 3310 torem
224 3239 337 3309 Deum
362 3237 591 3326 attingentes,
617 3250 651 3305 et
674 3237 844 3327 sapientia
866 3239 1085 3326 excellentes,
1134 3235 1250 3334 titios,
1276 3238 1321 3305 de
1337 3251 1477 3306 aeterna
1494 3255 1614 3312 mente
1640 3246 1765 3336 opifice
1787 3272 1907 3320 rerum
1935 3269 1969 3325 et
1993 3259 2125 3347 guber-

94 3334 160 3408 hac
182 3338 260 3408 luce
280 3337 446 3407 excitatos
471 3359 545 3416 esse
565 3338 610 3408 ad
630 3333 746 3408 Deum
763 3337 1023 3432 ,inquirendum
1050 3354 1084 3412 et
1134 3337 1268 3406 natrice
1283 3331 1429 3407 humani
1446 3341 1593 3429 generis,
1616 3344 1659 3414 de
1674 3347 1879 3420 discrimine
1894 3349 2122 3431 honestorum

95 3439 345 3525 inyocandum,
1133 3449 1168 3506 et
1185 3438 1364 3529 turpium,
1390 3452 1424 3509 et
1446 3440 1533 3513 alias
1556 3444 1694 3516 multas.
1746 3447 1896 3522 Addidit
1910 3470 1944 3526 et
1962 3482 2045 3528 voce
2061 3485 2125 3532 sua

194 3538 331 3609 Deinde
345 3563 425 3610 cum
446 3536 678 3628 imperiorum
693 3537 920 3620 constitutio,
947 3563 1082 3630 poenae
1133 3539 1350 3621 doctrinam,
1377 3564 1445 3632 qua
1468 3546 1621 3613 ostendit
1645 3552 1824 3637 quomodo
1846 3552 2004 3625 invocari
2026 3561 2124 3637 velit.

91 3641 303 3711 iniustorum
325 3640 505 3722 caedium,
530 3639 684 3730 denique
698 3662 765 3707 vox
785 3639 1018 3718 conscientiae
1044 3641 1082 3708 in
1131 3632 1233 3706 Nihil
1251 3640 1359 3729 igitur
1374 3641 1523 3710 dubium
1547 3658 1617 3732 est,
1645 3647 1728 3716 inde
1744 3673 1854 3744 usque
1878 3657 1922 3724 ab
1941 3658 2044 3729 initio
2063 3685 2123 3751 ge·
2152 3699 2153 3702 ¹

92 3743 241 3831 singulis
273 3730 479 3810 hominibus
514 3751 685 3810 testentur
712 3735 787 3806 Deo
815 3761 952 3830 semper
977 3762 1083 3811 carrae
1133 3738 1227 3806 neris
1243 3733 1402 3824 humani,
1428 3765 1528 3810 veras
1542 3744 1676 3837 aliquas
1691 3749 1878 3838 religiones
1893 3758 2011 3831 fuisse.
2045 3760 2122 3832 Hoc

91 3845 196 3914 inisse
216 3865 326 3934 genus
342 3837 550 3911 humanum.
603 3833 835 3932 Symmachus
852 3841 1083 3910 contenderat
1132 3848 1312 3907 teneamus
1330 3839 1368 3905 in
1383 3864 1484 3910 causa
1499 3856 1665 3934 tanquam
1680 3847 1885 3922 redolenda
1903 3855 2095 3951 θεώρημα.

91 3969 235 4036 prorsus
257 3943 408 4013 delirare
429 3964 510 4029 eos,
543 3939 747 4033 quiveram
770 3938 978 4028 religionem
999 3939 1082 4008 nni-
1238 3935 1308 4006 Sed
1332 3937 1420 4005 illud
1441 3945 1681 4031 quaerendum
1705 3961 1773 4026 est,
1798 3974 1887 4040 quae
1911 3957 2061 4046 luerint,
2088 3976 2121 4032 et

92 4070 192 4115 verso
217 4046 335 4136 generi
360 4039 536 4126 humano,
561 4064 601 4109 ac
626 4039 828 4130 praesertim
845 4041 889 4106 iis
904 4039 1081 4130 gentibus,
1132 4059 1177 4103 an
1194 4037 1287 4126 apud
1304 4059 1425 4104 omnes
1441 4041 1669 4132 incorruptae
1679 4051 1898 4122 manserint?
1928 4054 2120 4144 Quomodo

92 4146 221 4239 quibus
237 4147 335 4217 Deus
358 4143 507 4236 imperia
530 4140 698 4225 tradidit,
723 4154 775 4212 tot
794 4139 955 4209 millibus
969 4164 1083 4210 anno
1131 4159 1213 4204 vera
1239 4152 1274 4206 et
1297 4136 1455 4208 eoelestis
1479 4143 1638 4212 doctriua
1674 4165 1880 4240 propagata,
1914 4177 2120 4233 conservata

92 4270 173 4315 rum
199 4259 300 4316 antea
327 4248 484 4337 ignotam
510 4243 637 4327 inisse,
660 4265 701 4311 ac
726 4264 822 4310 nnnc
849 4242 991 4310 demum
1020 4264 1083 4331 per
1131 4252 1163 4307 et
1179 4237 1338 4307 restituta
1354 4238 1423 4306 sit?
1450 4237 1532 4311 Erit
1546 4243 1653 4333 igitur
1669 4241 1737 4318 hoe
1760 4247 1992 4346 κρινόμενον,
2021 4258 2120 4353 Apo-

92 4353 239 4438 paucos'
260 4347 428 4418 obscuros
463 4339 628 4416 homines
665 4355 700 4414 et
733 4365 877 4411 errones
909 4342 1082 4412 divinitus
1130 4338 1273 4408 stolicae
1286 4363 1350 4424 ne,
1372 4363 1418 4408 an
1434 4339 1635 4430 Romanae,
1657 4371 1800 4437 graecae
1816 4370 1876 4426 aut
1890 4358 2022 4430 similes
2041 4365 2120 4455 opi-

92 4449 293 4523 mmsmst,
1130 4441 1256 4509 niones
1277 4443 1320 4511 de
1342 4442 1410 4510 diis
1427 4446 1635 4517 vetustiores
1649 4451 1746 4521 sint?
1793 4452 1867 4524 Nec
1891 4459 2046 4532 difficilis
2069 4480 2121 4535 est

194 4547 312 4637 Quid,
337 4546 434 4641 quod
450 4543 622 4613 mirandis
639 4542 835 4625 eventibus,
861 4544 1009 4614 veritate
1025 4544 1081 4612 di·
1131 4542 1352 4615 diiudicatio.
1503 4626 1511 4643 ι

92 4652 317 4723 vinationum
336 4646 459 4740 poenis
482 4645 693 4735 impiorum,
717 4644 904 4717 foelicitate
928 4646 1081 4736 piorum,
1238 4640 1399 4713 Primum
1433 4661 1628 4719 monstrosa
1665 4653 1864 4727 absurditas
1897 4686 1986 4753 quae
2019 4666 2120 4758 fingit

92 4768 248 4824 vetustae
264 4749 452 4839 religiones
468 4744 692 4814 confirmatae
709 4746 927 4818 viderentur.
965 4744 1082 4818 Rexe-
1130 4744 1260 4813 multos
1285 4747 1385 4828 deos,
1424 4757 1572 4817 testator
1600 4747 1690 4837 hanc
1712 4756 1918 4845 opinionem
1942 4787 2014 4834 non
2044 4791 2119 4838 esse

92 4869 177 4925 runt
195 4853 366 4924 exercitus
390 4862 424 4919 et
439 4843 586 4916 consilia
599 4841 739 4934 Regum
755 4849 848 4917 veris
869 4845 1082 4939 praedictio·
1129 4845 1296 4936 primam,
1322 4859 1456 4934 pugnat
1473 4848 1567 4917 enim
1584 4876 1663 4919 cnm
1679 4853 1738 4922 illa
1756 4857 1829 4947 ipsa
1847 4868 1998 4934 naturali
2022 4871 2119 4939 noti-

90 4958 209 5042 nibus‚
235 4942 632 5043 AmphiarausArgivos
648 4947 821 5036 profectos
836 4952 879 5020 ad
898 4971 1081 5040 oppugna·
1130 4947 1204 5029 cia,
1226 4968 1315 5036 quae
1329 4940 1421 5015 haud
1438 4948 1564 5030 dubie,
1589 4976 1669 5020 cum
1684 4957 1868 5029 nobiscum
1882 4978 1962 5034 nata
1978 4970 2037 5054 sit,
2061 4972 2119 5039 di-

91 5059 226 5128 tionem
246 5051 471 5125 Thebarum:
505 5041 653 5118 Chalcas
677 5047 841 5130 classem,
867 5074 956 5143 quae
981 5049 1083 5116 navi·
1131 5046 1263 5115 vinitas
1289 5046 1327 5114 in
1344 5071 1410 5117 nos
1427 5052 1617 5135 transfusa,
1644 5070 1736 5125 certa
1754 5072 1786 5129 et
1810 5061 2041 5139 immutabilis
2056 5085 2119 5145 est.

90 5161 185 5251 gavit
203 5160 244 5227 ad
263 5156 425 5227 Troiam:
453 5149 662 5222 Aristander
681 5150 806 5217 ducem
826 5148 1080 5220 Alexandrum.
1131 5144 1277 5217 Etiamsi
1296 5171 1331 5215 se
1346 5165 1514 5239 rumpant
1533 5155 1675 5244 patroni
1690 5163 1979 5249 superstitionum
1999 5166 2119 5241 ethni-

89 5259 137 5332 Et
158 5263 303 5330 fuerunt
331 5279 385 5327 res
408 5252 578 5324 secundae
600 5250 662 5335 iis,
695 5249 759 5343 qui
783 5248 911 5321 Vatum
936 5250 1083 5320 monitis
1131 5273 1262 5330 carum,
1283 5262 1401 5319 tamen
1418 5245 1522 5322 huius
1537 5261 1732 5344 argumenti
1749 5274 1843 5333 tauta
1858 5281 1908 5335 est
1924 5272 2118 5363 perspicui-

90 5364 280 5455 parebant,
306 5373 340 5429 et
351 5356 539 5445 religiones
554 5353 824 5425 venerabantur.
860 5350 980 5424 Crevit
997 5347 1083 5421 haec
1133 5363 1202 5435 tas,
1222 5363 1260 5419 ut
1275 5374 1319 5419 ne
1333 5351 1461 5420 mutire
1477 5355 1618 5446 quidem
1633 5375 1753 5432 contra
1768 5366 1912 5456 possint.

141 5469 320 5535 Mensura.
339 5465 441 5530 Orrr.
470 5458 633 5530 Voraxl.
1433 5453 1482 5522 57
