4732 6030
85 308 162 380 ou
673 299 832 379 nucu
863 298 939 375 un
964 295 1159 376 sauro
1186 298 1517 381 arosroro.
2003 242 2102 376 'ou

87 475 260 557 retinent,
283 472 344 541 sed
360 471 405 539 ad
423 469 636 543 incrementa
650 472 829 561 dignitatis
846 485 879 542 et
895 465 1071 541 honorum
1121 472 1178 542 nis
1211 476 1285 560 sui,
1325 489 1358 547 et
1389 472 1568 549 Ecclesiae
1599 474 1679 547 lesn
1712 471 1846 549 Christi
1876 474 2099 547 incrementa.

88 576 324 646 emolumenta
341 571 538 643 translatos.
590 569 631 642 ln
648 568 703 641 bis
719 586 850 666 quanta
867 572 981 641 indies
996 585 1073 642 tur-
1122 572 1237 662 Quem
1254 578 1396 668 quidem
1412 590 1488 648 toto
1503 590 1642 667 pectore
1656 601 1721 647 oro
1735 588 1882 669 propter
1892 576 2004 647 lilium
2018 572 2100 645 Me·

86 677 213 769 pitudo
228 687 411 764 appareat,
436 672 605 745 videmus.
657 670 812 768 Ideoque
831 686 866 743 et
884 672 1072 742 comternni
1120 676 1311 762 diatorem,
1334 692 1374 749 ut
1392 678 1429 745 in
1442 672 1498 746 bis
1511 678 1620 748 tantis
1634 680 1730 775 orbis
1750 691 1924 748 terrarum
1937 674 2101 747 tumulti·

87 772 172 846 haec
189 787 329 844 suenue
345 772 521 863 incipiunt
546 787 581 845 et
606 795 626 843 a
645 774 767 845 suiset
785 773 1012 857 abexternis,
1036 786 1071 842 et
1121 776 1188 845 bus
1210 778 1390 870 relliquias
1404 777 1582 849 Ecclesiae
1602 802 1685 849 suae
1701 792 1833 863 servet,
1859 791 1893 848 et
1908 777 1967 868 pia
1984 776 2100 846 studia

87 875 217 945 sensim
240 873 393 963 diminui
420 887 525 966 atque
550 875 689 944 collabi.
749 873 886 945 Interea
909 873 1071 963 augendo
1121 876 1160 944 in
1174 873 1239 948 hac
1253 875 1440 949 Academia
1456 892 1490 948 et
1503 879 1588 948 alibi
1607 892 1757 952 tueatur.
1808 874 1936 949 Amen.
1987 872 2082 950 Dixi.

86 974 298 1068 imperitiam
321 988 354 1043 et
374 974 572 1045 barbariem
594 987 635 1045 ut
655 975 786 1044 alicubi
809 987 930 1044 contra
952 972 1071 1045 fatalia

86 1077 179 1147 mala
202 1076 386 1157 nituntur,
418 1088 630 1144 accersentes
651 1075 820 1145 nimirum
842 1076 910 1144 sibi
933 1073 1072 1164 gravio-

86 1200 163 1246 rem
185 1174 377 1246 interitum.
428 1172 510 1244 Non
533 1175 627 1245 enim
647 1191 739 1246 certe
761 1175 949 1247 consistere
974 1188 1071 1266 pote·

86 1289 191 1360 runt,
217 1273 417 1367 quicunque
436 1297 472 1344 se
493 1288 614 1347 contra
631 1277 813 1347 veritatem
834 1290 869 1347 et
889 1270 1070 1347 Christum
1119 1257 1186 1329 ΝΟ·
1201 1254 1263 1334 74·
1921 1261 2101 1383 Qo

85 1376 258 1459 incitant,
283 1375 343 1443 sed
365 1375 552 1459 cornibus,
579 1389 619 1447 ut
639 1377 788 1462 dicitur,
813 1376 851 1445 in
875 1398 932 1446 aes
950 1376 1070 1445 incur-
1122 1359 1255 1389 Μ

87 1476 163 1546 suri
177 1488 269 1549 sunt.
310 1474 450 1544 Horum
465 1475 573 1566 igitur
587 1478 743 1569 exempla
758 1500 824 1547 nos
839 1490 1002 1547 moveant
1015 1486 1070 1544 at·
1348 1455 1424 1541 De
1459 1452 1607 1541 Paulo
1634 1452 1872 1568 Apostolo-

87 1598 157 1668 que
172 1588 355 1659 moneant,
379 1590 418 1646 ut
432 1588 466 1647 et
479 1573 711 1668 Reipublicae
724 1592 758 1649 et
773 1573 950 1649 Ecclesiae
964 1570 1070 1648 Chri·
1187 1634 1219 1689 tn
1233 1632 1347 1688 Dm
1370 1630 1396 1685 Τ
1417 1629 1474 1699 ¹·t’
1498 1629 1548 1683 119
1563 1647 1622 1701 sqq.
1661 1629 1776 1686 SM·
1790 1627 1883 1702 ,MP
1906 1631 1965 1687 Μ
1984 1639 2011 1686 a
2029 1631 2101 1705 md

88 1677 134 1747 sti
154 1671 354 1745 scholarum
384 1675 662 1748 incolumitatem
688 1694 911 1770 praestemus.
960 1674 1072 1747 Multi
1222 1671 1458 1757 ateana.⁰T.'ltt.
1474 1670 1576 1769 praa.
1629 1665 1639 1697 ’
1884 1671 1893 1686 ’

88 1788 173 1846 sunt
187 1774 314 1844 animis
331 1776 500 1867 superbis,
525 1779 586 1870 qui
600 1779 774 1871 progressi
790 1781 834 1849 ad
849 1774 1013 1861 bonores,
1037 1788 1072 1847 et

87 1875 159 1945 iarn
175 1875 337 1946 collocati
361 1876 399 1944 in
420 1877 497 1947 luce
513 1875 764 1971 Reipublicae,
789 1880 884 1948 unde
906 1878 1072 1949 ascende-
1122 1879 1247 1949 Oratio
1262 1874 1309 1946 de
1330 1873 1475 1945 Panlo
1499 1873 1738 1963 Apostolo,
1755 1871 1887 1945 linbila
1912 1896 1937 1945 rs
1960 1865 2102 1949 Clare·

88 1977 163 2046 rint
194 1976 354 2046 celeriter
385 1975 654 2048 obliviscuntur.
713 1973 762 2050 Et
785 1989 921 2048 constat
945 1992 1073 2059 tamen,
1222 1973 1444 2067 stophoro
1468 1978 1491 2045 1
1495 1995 1601 2063 ossa,
1625 1974 1730 2045 Anno
1744 1975 2002 2048 MstXblll.

86 2075 187 2145 nulla
203 2074 271 2143 alia
286 2075 456 2164 opinione
471 2090 505 2147 et
520 2079 624 2163 fama,
640 2101 744 2171 quam
760 2077 953 2163 doctrinae,
968 2075 1073 2146 altius
1121 2130 1159 2212 Ρ
1275 2138 1284 2156 ,
1441 2136 1451 2154 ,
1611 2137 1621 2155 ‚
1746 2136 1756 2154 ·
2011 2138 2019 2159 ⁹
2073 2139 2083 2158 ·

87 2171 253 2245 homines
267 2174 398 2250 extolli.
449 2176 550 2268 Quae
565 2190 681 2247 autem
697 2177 904 2270 perversitas
916 2193 968 2249 est
982 2199 1072 2270 quo·
1160 2152 1301 2231 ‘⁰P⁰¹¹¹¹
1324 2131 1393 2205 ¹¹⁰⁰
1415 2138 1473 2204 ὼε
1486 2131 1642 2206 Eccl‘ffl
1663 2137 1900 2207 med'iffldam
1918 2135 2021 2208 9³⁰¹!
2045 2134 2103 2208 ¹¹¹-

1061 2274 1070 2292 ·
1122 2241 1290 2322 storiam,
1316 2261 1356 2309 ac
1369 2234 1437 2307 Dei
1450 2235 1658 2306 beneficium
1671 2237 1834 2322 celebrat,
1859 2238 1922 2330 qui
1936 2251 1970 2310 et
1984 2262 2102 2310 exem·

88 2276 253 2358 rundam,
279 2288 397 2365 postea
413 2276 517 2346 etiam
533 2277 693 2346 ordinem
712 2273 957 2348 scholasticum
972 2298 1071 2369 quasi
1275 2340 1286 2357 ,
1344 2338 1354 2355 ,
1444 2337 1453 2355 ,
1624 2336 1634 2354 .
1670 2336 1680 2353 .
1727 2339 1736 2354 ,
1946 2339 1956 2357 ,

87 2369 260 2444 humilem
278 2375 493 2464 despiciunt,
517 2389 552 2446 et
566 2377 680 2470 iniqui
703 2372 785 2447 huic
807 2392 890 2448 sunt
905 2391 1070 2469 tanquam
1122 2345 1220 2465 {stum
1237 2338 1496 2458 “Poenmrd'a‘
1510 2349 1805 2454 ⁰³⁰¹⁶¹¹⁵.¹⁰⁵¹3⁰⁰
1820 2340 1983 2458 “tendat
2003 2335 2103 2459 h⁰⁸¹i

1122 2468 1161 2513 m
1179 2456 1325 2531 gratram
1347 2451 1504 2526 recepto,
1530 2450 1564 2506 et
1580 2438 1683 2505 uobrs
1694 2434 1882 2507 Ductorem
1898 2440 2014 2524 dedit,
2039 2466 2102 2533 qus

88 2475 253 2543 inimico:
290 2487 351 2544 aut
375 2477 588 2565 neglectores
609 2478 732 2546 saltem
752 2477 867 2563 illius,
891 2492 929 2548 ut
952 2475 1072 2549 alieni.
1195 2544 1204 2559 ,
1654 2535 1699 2552 .,
1934 2538 1943 2556 .

89 2574 187 2663 Quqd
211 2573 271 2641 affl
293 2575 437 2666 quidam
461 2577 621 2667 opulenti
644 2590 678 2649 ep
703 2577 848 2661 divim,
874 2578 936 2670 qui
957 2600 1071 2670 quon,
1123 2557 1156 2614 et
1170 2564 1272 2610 vrvus
1287 2559 1399 2607 annos
1414 2539 1485 2605 lere
1499 2558 1557 2605 sex
1570 2548 1602 2605 et
1619 2549 1762 2625 triginta
1773 2532 2005 2626 Evangelrum
2020 2563 2101 2630 pas·

90 2680 171 2742 dam
188 2673 277 2742 servi
298 2689 396 2744 erant
414 2677 691 2767 superstitionis,
715 2701 811 2748 nunc
827 2679 999 2748 declarata
1011 2700 1072 2745 ve-
1123 2645 1189 2712 ‘im
1206 2641 1246 2710 5¹¹
1263 2642 1356 2708 b⁰¹¹⁸
1372 2634 1477 2706 ‘4⁸3³‘
1499 2649 1604 2727 ³¹q¹¹⁰
1617 2632 1782 2726 Eumpae
1797 2648 1894 2727 ΡΜ
1911 2638 2101 2709 ‘iteum’

89 2776 192 2844 ritate
216 2773 416 2863 religionis,
440 2777 525 2868 quid
546 2777 703 2847 faciunt?
735 2780 930 2847 mercedem
948 2775 1073 2865 angui·
1124 2745 1196 2862 lfifi
1228 2737 1276 2812 Et
1293 2752 1477 2857 ᾨῨθῑξῖῃῗω
1494 2760 1535 2804 ⁰¹
1549 2729 1615 2806 ¹¹³⁶
1631 2735 1758 2852 'unffi'
1775 2749 1938 2854 θνθξθωῦ
1950 2752 2019 2822 ²⁸¹,
2033 2763 2100 2857 fe·

88 2899 171 2944 nam
196 2877 398 2964 rependunt
424 2864 706 2946 benefactoribus
733 2877 824 2958 suis,
855 2893 888 2948 et
912 2877 1073 2945 libertate
1123 2846 1215 2912 ¹¹⁶²ss
1255 2840 1451 2910 ⁰¹¹¹¹⁸⁸¹¹⁰¹⁸
1483 2850 1724 2906 ¹⁰⁰¹¹¹¹¹¹¹2⁰¹¹⁸
1757 2838 1875 2908 ²de
1909 2830 2101 2909 Eidem

86 2989 186 3067 parta
210 2976 255 3042 ad
275 2975 507 3064 cupiditatum
528 2997 671 3043 suarum
687 2973 853 3066 obsequia
868 2976 1074 3044 abutuntur.
1123 2954 1303 3037 ΡΕΓΡθωο·

87 3072 261 3167 Reliquae
278 3069 394 3139 adhuc
410 3085 590 3165 utcunque
609 3068 749 3142 scholae
767 3085 850 3142 sunt
868 3073 904 3142 in
923 3072 1073 3143 Germa·
1225 3071 1325 3144 Nihil
1349 3086 1464 3143 autern
1490 3072 1599 3163 magis
1621 3074 1721 3143 decet
1746 3071 1949 3164 praesertim
1981 3073 2020 3142 in
2046 3069 2103 3143 bis

88 3177 165 3244 nia:
192 3170 336 3259 collegia
360 3171 419 3238 illa
443 3173 660 3241 sacerdotum
682 3174 752 3240 iam
767 3173 905 3264 pridem
918 3173 1073 3243 labantia
1123 3174 1366 3265 congressibus
1388 3174 1535 3258 nostris,
1560 3197 1666 3265 quam
1684 3186 1718 3242 et
1733 3196 1854 3242 vocem
1872 3187 2047 3259 nostram,
2070 3187 2105 3244 et

89 3295 152 3342 sua
167 3270 414 3343 molenutant.
465 3266 638 3341 Monacbi
654 3273 692 3340 in
709 3273 898 3344 stoliditate
913 3287 947 3345 et
961 3275 1073 3364 impe-
1123 3277 1260 3346 animos
1290 3287 1325 3343 et
1356 3287 1455 3358 vota,
1498 3297 1578 3343 cum
1613 3269 1768 3343 Ecclesia
1804 3271 1871 3344 Dei
1900 3296 2104 3364 congruere.

89 3372 171 3442 ritia
203 3393 264 3438 sua
297 3381 331 3438 et
356 3369 665 3460 superstitionibus
698 3371 858 3442 ridiculis
890 3375 963 3443 lere
992 3397 1073 3442 eva·
1124 3375 1231 3465 Quod
1263 3399 1343 3443 cum
1376 3373 1583 3461 cogitarem,
1624 3373 1723 3442 nulla
1747 3373 1792 3441 de
1817 3397 1855 3441 re
1881 3373 1949 3443 alia
1975 3376 2104 3464 potius,

89 3483 257 3542 nuerunt.
310 3467 408 3560 lpsae
432 3471 537 3539 etiam
565 3467 705 3543 scholae
731 3473 861 3543 alicubi
885 3496 959 3544 sese
982 3473 1074 3541 male
1124 3499 1229 3569 quam
1252 3477 1297 3542 de
1311 3472 1422 3542 Paulo
1445 3474 1635 3542 dicendum
1657 3494 1730 3540 esse
1750 3473 1923 3562 iudicavi,
1947 3496 2105 3564 praeser-

89 3586 252 3653 tuentur,
275 3569 406 3640 alicubi
420 3570 535 3640 iacent
549 3574 718 3644 desertae.
770 3569 911 3659 Quibus
933 3587 967 3643 et
989 3574 1074 3664 ipsis
1124 3576 1187 3645 tim
1210 3599 1289 3645 cum
1307 3573 1380 3642 eius
1398 3568 1545 3642 historia
1564 3592 1630 3669 nos
1646 3573 1689 3639 de
1711 3566 1768 3641 his
1791 3571 1876 3662 ipsis
1893 3573 2041 3659 studiis,
2064 3574 2105 3642 in

89 3671 254 3754 vastatis,
283 3670 369 3763 quid
398 3671 556 3739 futurum
581 3694 655 3739 esse
677 3671 858 3755 videatur,
890 3695 964 3741 non
988 3673 1075 3740 libet
1124 3676 1253 3767 quibus
1268 3693 1465 3754 versamur,
1490 3685 1524 3740 et
1540 3672 1585 3740 de
1597 3672 1763 3741 universo
1779 3686 1898 3742 nostro
1915 3674 2106 3760 curriculo,

90 3771 281 3846 tristissimi
304 3769 433 3839 ominis
456 3794 558 3839 causa
581 3770 712 3863 eloqui.
765 3766 991 3863 Quapropter
1008 3793 1075 3839 nos
1124 3773 1275 3866 plurima
1289 3783 1422 3841 monet.
1462 3769 1578 3859 Quem
1591 3770 1686 3839 enim
1701 3766 1870 3840 habemus
1884 3772 1991 3840 alium
2008 3773 2105 3843 Scri·

90 3895 232 3956 ornnes,
257 3871 416 3940 omnium
433 3869 598 3938 ordinum
615 3883 650 3940 et
666 3869 910 3941 conditionum
927 3892 1076 3940 consen·
1124 3886 1272 3965 ptorem‚
1295 3872 1355 3962 qui
1369 3892 1495 3958 genera
1513 3870 1766 3952 doctrinarum,
1790 3865 2051 3960 Philosophiae,
2070 3885 2106 3943 et

90 3976 218 4044 tiamus
232 3972 359 4041 animis
380 3993 420 4039 ac
434 3970 693 4050 voluntatibus,
713 3970 935 4040 conseramus
954 3991 1076 4057 operas
1125 3968 1321 4058 Evangelii,
1345 3967 1565 4036 artificiosius
1578 3968 1756 4052 discernit,
1781 3968 1843 4062 qui
1858 3990 1959 4039 usum
1975 3973 2107 4042 utrius·

92 4086 127 4142 et
142 4069 428 4156 studia,'olbciis
452 4071 585 4141 mutuis
600 4093 665 4139 nos
687 4069 883 4143 fulciamus.
933 4068 1023 4138 Nam
1037 4082 1077 4138 ut
1126 4094 1195 4162 que
1211 4084 1280 4140 tam
1305 4067 1487 4159 perspicue
1508 4080 1700 4152 monstrat,
1726 4069 1787 4161 qui
1810 4070 1914 4140 nobis
1929 4068 2106 4164 Rempub.

92 4172 195 4242 aliter
216 4172 314 4241 nulla
336 4172 570 4240 communitas
594 4172 719 4240 llorere
735 4181 839 4262 atque
852 4170 915 4240 diu
940 4192 1076 4258 perma-
1125 4183 1303 4254 nostram,
1334 4167 1371 4236 id
1388 4182 1438 4237 est
1453 4163 1665 4247 Ecclesiam,
1691 4169 1818 4238 clarius
1836 4173 2020 4257 describit,
2045 4173 2107 4266 qui

92 4297 178 4342 nere
195 4284 323 4360 potest:
349 4272 395 4341 ita
413 4271 529 4339 civilis
545 4286 580 4343 et
594 4267 799 4340 scholastica
819 4269 1077 4340 administratio
1126 4273 1261 4361 saepius
1283 4283 1403 4337 rnorset
1428 4292 1578 4361 quarum
1606 4291 1724 4338 rernm
1747 4271 1907 4341 doctrina
1932 4270 2110 4343 Ecclesiae

93 4376 170 4445 sine
202 4369 355 4462 pernicie
376 4369 609 4464 Reipublicae
633 4371 756 4439 divelli
789 4395 828 4439 ac
855 4370 968 4439 dividi
1002 4395 1076 4439 nun
1126 4369 1318 4441 necessaria
1341 4367 1410 4441 sit?
1460 4366 1513 4438 Ac
1533 4370 1605 4438 scio
1629 4394 1691 4441 vos
1711 4393 1833 4442 omnes
1855 4370 1957 4440 Pauli
1978 4398 2109 4443 nornen

93 4484 253 4567 possunt.
302 4468 504 4541 Delendant
522 4466 770 4541 scholasticum
794 4472 956 4540 ordinem
971 4469 1077 4565 Prin·
1126 4472 1175 4541 ita
1192 4493 1326 4553 amare,
1350 4482 1390 4540 ut
1413 4468 1601 4539 consilium
1618 4493 1734 4539 meum
1755 4472 1904 4541 maxime
1925 4474 2109 4564 probaturi

94 4573 189 4664 cipes
211 4586 246 4642 et
264 4571 440 4654 civitates,
466 4571 582 4654 alant,
611 4583 812 4661 protegant,
837 4570 1076 4643 munificentia
1126 4571 1214 4646 sitis.
1265 4568 1334 4641 Sed
1349 4571 1466 4638 'dicam
1483 4570 1653 4658 ingenue,
1676 4594 1877 4665 quanquam
1891 4573 1990 4643 nulla
2008 4576 2048 4643 in
2071 4599 2110 4643 re

93 4697 156 4744 sua
184 4671 387 4753 sublevent,
432 4669 487 4736 vel
520 4671 638 4758 potius
663 4672 842 4743 extollant.
898 4669 967 4741 Hic
994 4695 1078 4739 vero
1126 4672 1269 4742 suavius
1293 4669 1493 4760 acquiesco,
1518 4692 1623 4760 quam
1644 4670 1682 4737 in
1703 4672 1913 4759 cogitatione
1927 4675 2110 4745 doctrinae

93 4774 277 4861 Principes
301 4783 334 4838 et
357 4769 516 4838 civitates
537 4768 649 4849 colat,
674 4785 816 4863 augeat,
842 4787 962 4853 ornet,
988 4772 1078 4840 cele·
1126 4786 1162 4843 et
1187 4771 1366 4841 actionum
1392 4765 1495 4837 Pauli
1526 4781 1560 4839 et
1584 4767 1754 4838 similium
1780 4771 1957 4843 virorum:
1990 4788 2109 4845 tamen

94 4877 183 4944 bret.
217 4870 286 4940 Hic
302 4869 543 4939 subministret
557 4880 593 4938 et
606 4869 696 4938 aulis
712 4886 746 4941 et
758 4871 904 4945 Senatui
920 4895 959 4943 ac
977 4895 1079 4961 prae·
1126 4871 1324 4962 amplitudo
1339 4892 1457 4938 rerum
1473 4891 1530 4937 me
1545 4870 1727 4954 movebat,
1750 4885 1792 4942 ut
1807 4871 1903 4941 aliud
1923 4897 2110 4962 argumen-

94 4975 207 5056 torio‚
241 4986 346 5064 atque
369 4968 406 5037 iu
436 4968 559 5058 primis
581 4965 766 5052 Ecclesiis,
797 4973 932 5056 bonos,
964 4972 1080 5056 utiles,
1126 4986 1202 5040 tum
1217 4968 1334 5062 potius
1350 4992 1570 5060 quaererem:
1596 4981 1635 5039 nt
1656 4970 1751 5038 enim
1768 4969 1938 5042 Paulinae
1951 4976 2110 5068 disputa-

95 5078 257 5146 doctrina
283 5085 317 5141 et
339 5071 466 5163 pietate
494 5070 700 5158 conspicuos
729 5069 921 5146 ministros.
976 5069 1080 5141 Hanc
1126 5072 1242 5140 tiones
1265 5085 1369 5162 atque
1386 5070 1558 5152 actiones,
1584 5070 1785 5141 universam
1801 5069 1994 5145 Ecclesiam
2012 5101 2110 5148 eom-

95 5174 380 5249 coniunctionem
396 5171 559 5261 probabit
575 5168 689 5252 Deus,
718 5183 752 5239 et
774 5170 969 5241 fortrmabit
984 5173 1022 5241 in
1039 5195 1079 5241 ea
1127 5172 1249 5263 plexae
1270 5184 1373 5254 scint,
1399 5170 1447 5239 ita
1470 5173 1513 5238 de
1534 5169 1584 5239 eis
1604 5172 1786 5262 perspicue
1800 5172 1873 5243 dici
1893 5198 1966 5247 non
1985 5191 2111 5268 potest,
2235 5260 2240 5269 ¹

96 5293 201 5370 atque
227 5268 396 5367 provehet
417 5286 582 5356 conatus,
609 5271 745 5351 studia,
781 5294 906 5360 operas
926 5288 1079 5359 nostras,
1126 5271 1196 5341 nisi
1226 5270 1408 5361 religionis
1436 5269 1597 5355 exordia,
1640 5269 1856 5346 incrementa
1882 5289 1918 5347 ct
1943 5278 2110 5370 pleraque

95 5380 250 5469 dirigens
274 5372 359 5445 haec
376 5372 494 5443 omnia
508 5374 553 5442 ad
570 5374 709 5442 laudem
733 5371 942 5444 sanctissimi
962 5372 1080 5443 nomi·
1128 5372 1318 5444 certamina
1339 5384 1552 5463 repetantur.
