4732 6030
162 333 237 405 ars
504 352 505 356 ι
553 322 717 402 unct.
753 320 830 399 nu
856 285 1097 400 sruuns
1128 317 1239 393 mr.
1271 313 1390 392 uon
1420 312 1808 395 uusurunms.
2129 323 2205 397 ιιι

163 517 299 577 mentes
331 511 474 573 teneant
508 498 547 570 in
587 510 776 591 conspectu
814 511 1021 589 argumenta
1051 509 1158 577 certa,
1210 502 1312 582 gent,
1336 513 1411 559 non
1435 503 1562 560 sanant
1584 488 1727 579 publica
1749 491 1853 573 mala.
1903 488 2049 565 Rectius
2070 507 2120 564 est
2137 488 2200 565 has

142 607 294 698 quibus
316 605 373 674 vel
395 602 533 672 leniant
557 601 719 671 dolorem
739 624 862 687 suum,
888 603 944 672 vel
965 600 1159 672 accendant
1210 592 1473 683 indignationes
1488 614 1723 680 compescere,
1745 616 1786 662 ac
1800 590 1957 663 modeste
1972 596 2124 684 cogitare
2141 620 2201 665 ve·

163 709 332 784 studium.
681 752 685 758 -
1210 717 1266 765 ras
1280 715 1400 764 causas
1416 693 1563 763 iraeDei
1580 696 1746 763 adversus
1761 717 1839 779 nos,
1857 720 1896 765 ac
1911 697 2040 765 deinde
2058 720 2099 766 ex
2114 721 2198 787 pro-

1208 797 1436 866 missionibus
1451 795 1583 863 divinis
1604 796 1758 865 remedia
1781 810 1915 887 petere,
1940 801 2036 890 quod
2063 800 2124 890 qui
2148 800 2201 868 la-

1208 899 1320 979 cient‚
1348 897 1502 987 primurn
1528 896 1602 987 ipsa
1621 897 1791 968 modestia
1815 899 2056 990 impetrabunt
2076 924 2096 967 a
2122 898 2200 971 Deo

1208 1000 1465 1090 mitigationem
1482 998 1706 1091 publicorum
1724 1015 1758 1070 et
1775 1000 1993 1090 privatorum
2012 1001 2199 1074 malorum.

1209 1099 1335 1172 Postea
1357 1116 1391 1172 et
1409 1100 1592 1170 doctrinae
1615 1101 1780 1190 cogitatio
1804 1126 1844 1171 ac
1865 1104 2019 1172 suavitas
2042 1126 2104 1192 pec
2126 1125 2200 1171 sese

1207 1197 1437 1296 μαλακτικὸν
1471 1201 1540 1271 erit
1570 1204 1782 1275 moesticiae.
1841 1201 2024 1275 Praeterea
2058 1204 2201 1272 verissi-

1208 1329 1307 1374 mum
1331 1319 1385 1377 est
1405 1304 1495 1374 illud
1516 1298 1775 1393 Sophocleum,
1805 1297 1836 1376 ui
1858 1310 1979 1400 μῶρε,
2013 1300 2140 1397 θυμὸς
2161 1305 2200 1376 ἐν

267 1407 340 1480 Nec
362 1409 432 1480 ism
449 1409 614 1504 alloquor
628 1408 825 1482 Democriti
850 1426 912 1483 aut
925 1407 1072 1504 Epicuri
1093 1434 1157 1501 ap-
1207 1409 1337 1486 κακοῖς
1351 1402 1396 1478 οὐ
1411 1399 1618 1501 σύμφερον.
1660 1404 1776 1476 Multa
1790 1422 1936 1497 peccant
1951 1404 2112 1476 homines
2128 1408 2199 1477 ira-

162 1516 365 1607 plausores,
386 1510 450 1604 qui
466 1513 728 1603 providentiam
744 1513 923 1585 derident:
958 1537 1064 1608 quos,
1090 1512 1155 1584 etsi
1206 1509 1337 1580 cundia
1353 1509 1390 1577 in
1407 1509 1512 1577 rebus
1529 1506 1700 1576 adversis:
1728 1507 1791 1576 ubi
1806 1508 1922 1577 sinon
1938 1509 2200 1579 tumultuaren-

162 1628 245 1687 sunt
262 1615 504 1704 impudentes,
517 1626 648 1687 ,tamen
668 1639 737 1684 vox
752 1615 827 1707 ipsa
843 1629 991 1688 naturae
1015 1618 1155 1701 refutat,
1206 1623 1288 1693 tur,
1311 1622 1347 1681 et
1370 1606 1483 1680 aDeo
1506 1622 1665 1700 peterent
1687 1607 1953 1695 liberationem,
1982 1605 2201 1700 catastrophe

162 1741 255 1810 quae
269 1715 426 1786 clamitat
440 1738 513 1784 esse
527 1712 654 1799 Deum,
680 1733 835 1790 mentem
850 1731 1043 1803 aeternam,
1068 1742 1156 1788 con·
1205 1714 1326 1785 futura
1341 1724 1432 1782 esset
1445 1709 1630 1802 placidior.

163 1818 323 1888 ditricem
339 1830 374 1887 et
390 1816 543 1887 iudicem
560 1819 697 1908 generis
712 1812 870 1891 humani.
903 1817 973 1890 Sed
987 1843 1051 1889 vos
1064 1821 1155 1889 allo-

162 1944 275 2014 quor,
300 1919 363 2012 qui
387 1918 480 1988 cives
494 1920 576 1989 estis
590 1917 768 1991 Ecclesiae
784 1921 876 2007 Dei,
903 1934 937 1992 et
956 1922 1155 1991 doctrinam

163 2022 351 2090 coelestem
370 2020 467 2089 scitis
488 2023 755 2093 resuscitatione
777 2035 1001 2092 mortuorum
1026 2022 1156 2091 confir·-

264 855 389 928 Dicam
405 854 533 943 igitur,
560 878 669 948 quare
684 878 757 924 nou
772 853 964 924 deserenda
978 851 1051 923 siut
1070 847 1158 924 haec

163 957 348 1027 literarum
372 956 506 1040 studia,
532 956 671 1026 etiamsi
692 980 789 1027 nunc
809 957 847 1024 in
866 957 932 1024 ista
949 956 1158 1025 confusione

164 1058 262 1129 orbis
278 1072 464 1141 terrarum,
481 1081 554 1125 non
569 1059 685 1128 solum
703 1053 817 1127 honos
832 1058 953 1127 nullus
969 1071 1020 1126 est
1034 1058 1157 1143 literis,

162 1145 223 1230 {d
256 1161 361 1229 etiam
390 1158 472 1228 odia
506 1171 540 1228 et
563 1159 721 1250 ingentia
753 1158 909 1252 pericula
940 1159 1157 1231 discentibus

161 1262 346 1355 proposita
364 1273 460 1332 sunt.

1309 1859 1447 1931 Multae
1462 1873 1544 1930 sunt
1562 1880 1697 1940 causae,
1711 1858 1879 1930 curDeus
1891 1856 2083 1929 Ecclesiam
2099 1885 2202 1931 aeru-

718 2123 727 2139 .
799 2124 807 2140 .
933 2124 942 2140 .
1126 2123 1135 2140 .
1207 2089 1265 2135 sae
1291 2063 1529 2148 erecordari,
1554 2061 1642 2132 utile
1662 2075 1724 2136 est.
1776 2060 1893 2131 Multa
1916 2077 2051 2133 suntet
2073 2088 2129 2133 ma
2155 2088 2201 2134 na

161 2135 292 2190 malam
308 2142 392 2205 Μ’
417 2144 563 2214 ‘mque
578 2124 729 2214 amplm
745 2135 838 2204 ω’
855 2135 944 2194 ”¹⁰¹¹
961 2147 1041 2194 ⁰⁰¹⁰
1057 2137 1156 2243 ‘5⁵¹¹‘
1208 2089 1355 2250 delicta,
1386 2165 1592 2256 praesertim
1620 2163 1657 2231 in
1681 2158 1746 2232 hac
1769 2162 1880 2232 delira
1902 2164 2028 2234 mundi
2050 2088 2200 2241 sancita.

1212 2267 1294 2339 ldeo
1309 2279 1471 2339 crescunt
1487 2289 1638 2357 poenae,
1665 2279 1706 2336 ut
1720 2265 1812 2334 lilius
1827 2264 1895 2337 Dei
1918 2265 1991 2357 ipse
2009 2268 2199 2356 praedixit:

1208 2367 1252 2438 ln
1274 2364 1341 2439 hac
1356 2368 1482 2438 mundi
1502 2381 1639 2437 senecta
1661 2367 1813 2436 maiores
1833 2367 2063 2458 imperiorum
2081 2382 2116 2438 et
2129 2366 2200 2438 Ec-

262 2468 336 2539 Nec
361 2493 445 2538 vero
477 2471 571 2540 iuter
593 2465 771 2541 Ecclesiae
801 2471 913 2554 cives,
947 2473 1154 2567 cuiusquam
1208 2471 1333 2542 clesiae
1349 2470 1574 2539 confusiones
1587 2470 1724 2537 luturas
1739 2491 1831 2552 esse,
1852 2491 1958 2560 quam
1975 2470 2200 2540 lueruntan-

161 2574 242 2676 plus
256 2572 373 2640 valere
390 2572 504 2640 oratio
521 2573 635 2657 debet,
650 2596 756 2666 quam
772 2574 848 2643 eius
863 2576 1025 2660 oratoris,
1050 2599 1155 2668 quem
1208 2586 1274 2647 tea.
1308 2570 1356 2641 Et
1370 2569 1631 2641 denunciantur
1646 2562 1732 2637 haec
1747 2569 1839 2637 mala
1855 2569 2065 2637 caelestibus
2080 2570 2200 2658 signis.

162 2222 294 2290 moniis
318 2222 390 2290 illis
413 2222 587 2292 divinitus
619 2218 805 2308 exhibitis,
836 2239 913 2295 turn
934 2249 1019 2296 vero
1048 2239 1155 2297 ettam

160 2322 239 2392 luce
256 2346 401 2392 accensa
418 2323 592 2395 divinitus
609 2323 648 2393 in
667 2327 844 2395 mentibus
859 2327 997 2401 vestris.

163 2673 326 2742 conditor
340 2672 526 2742 universae
543 2687 688 2743 naturae
703 2675 748 2743 ad
764 2698 831 2745 nos
844 2675 952 2760 misit,
972 2676 1155 2771 inquiens:
1207 2672 1358 2743 Vidistis
1379 2695 1502 2742 recens
1524 2666 1740 2740 horrendam
1762 2668 1857 2740 Solis
1878 2669 2043 2761 eclipsin,
2074 2671 2112 2739 iu
2129 2694 2200 2764 qua

160 2771 232 2844 Hie
248 2787 298 2844 est
314 2774 407 2843 lilius
421 2798 519 2845 meus
534 2775 702 2859 dilectus,
726 2769 823 2846 hunc
837 2779 970 2852 audite.
1022 2775 1156 2847 Memi-
1208 2775 1320 2846 iuncti
1337 2775 1375 2843 in
1396 2773 1550 2844 tenebris
1569 2769 1654 2855 Sol,
1681 2769 1799 2852 Mars,
1826 2769 1971 2856 Venus,
1995 2769 2200 2843 Mercurius

161 2876 265 2945 nistis
283 2891 400 2947 autem
425 2870 519 2943 hanc
537 2877 612 2943 eius
629 2875 851 2945 concionem:
886 2878 1022 2970 Siquis
1039 2879 1157 2969 diligit
1208 2891 1242 2948 et
1263 2876 1388 2961 Luna,
1418 2898 1523 2969 quarn
1547 2873 1624 2941 dira
1650 2896 1784 2942 venena
1810 2873 1850 2940 in
1870 2866 1963 2941 hanc
1992 2873 2213 2962 inferiorem⁸

160 3002 228 3063 me,
253 2999 450 3047 sermonem
464 2997 584 3043 meum
600 2975 773 3059 servabit,
798 2989 833 3045 et
848 2991 946 3066 pater
959 2966 1057 3048 meus
1071 2982 1156 3048 dili·
1208 2993 1370 3048 naturam
1394 2978 1623 3068 sparserunt?
1676 2973 1751 3043 lam
1775 2969 1972 3044 hisdiebus
1992 2997 2199 3066 congressus

163 3095 220 3169 get
236 3101 330 3161 eum,
347 3088 382 3143 et
398 3074 581 3142 veniemus
597 3077 640 3143 ad
658 3098 752 3160 eum,
776 3089 810 3146 et
823 3078 1044 3147 mansionem
1060 3083 1155 3171 apud
1207 3081 1274 3149 erit
1289 3077 1436 3151 Saturni
1452 3090 1485 3148 et
1501 3075 1629 3146 Martis
1652 3074 1691 3144 in
1708 3088 1930 3164 aegocerote,
1955 3074 1993 3143 in
2010 3101 2081 3169 quo
2097 3099 2200 3167 prae-

163 3178 439 3248 cumfaciemus.
482 3172 550 3242 Hic
566 3175 735 3266 praecipit
750 3201 947 3248 sermonem
963 3202 1066 3248 suum
1083 3205 1156 3250 ser·
1208 3179 1310 3271 cipua
1327 3192 1379 3249 est
1394 3178 1538 3272 saevitia
1554 3178 1740 3269 utriusque
1758 3177 1889 3247 stellae.
1927 3165 1986 3246 ⁸Et
2003 3176 2077 3268 ipse
2094 3200 2200 3266 aego-

161 3279 250 3362 vari‚
276 3278 312 3344 id
330 3290 401 3361 est,
427 3286 467 3344 ut
482 3278 642 3346 custodes
661 3278 843 3348 doctrinae
860 3280 982 3364 simus,
1005 3292 1046 3351 ut
1059 3282 1155 3372 lega-
1207 3303 1305 3350 ceros
1334 3303 1398 3370 per
1432 3302 1505 3348 sese
1532 3278 1779 3347 turbulentum
1803 3279 1902 3345 sidus
1923 3290 1987 3347 est.
2048 3275 2201 3369 Propter

162 3399 261 3462 mus,
285 3377 490 3461 audiamus,
517 3377 701 3463 discamus,
728 3382 1008 3451 transmittamus
1026 3384 1071 3452 ad
1088 3408 1154 3475 po·
1206 3406 1311 3474 quam
1336 3402 1474 3449 causam
1490 3390 1660 3461 vetustas,
1686 3401 1776 3470 quae
1797 3391 1942 3447 naturas
1963 3378 2144 3448 stellarum
2164 3394 2199 3451 et
2232 3424 2234 3430 .

163 3493 274 3551 steros
292 3479 437 3570 scripta,
471 3502 560 3569 quae
575 3475 731 3548 Ecclesia
747 3483 907 3554 tradidit.
958 3481 1054 3554 Haec
1073 3509 1154 3556 cum
1204 3477 1384 3576 μετέωρα,
1411 3479 1813 3549 involucrisiabularum
1826 3495 1942 3567 tegere
1957 3478 2103 3564 solebat,
2128 3480 2197 3548 lin-

163 3583 240 3652 siue
255 3581 367 3651 literis
381 3591 415 3648 et
429 3579 616 3668 multiplici
635 3582 796 3650 doctrina
816 3584 891 3651 fieri
908 3608 981 3652 non
1006 3587 1156 3676 possint,
1205 3585 1257 3654 xit
1271 3585 1310 3650 in
1325 3575 1605 3671 gigantomachia
1621 3579 1718 3648 Pana
1736 3579 1900 3648 indutum
1920 3579 2033 3668 specie
2054 3601 2199 3670 aegoce-

162 3680 256 3755 hanc
282 3696 438 3752 nostram
467 3680 631 3750 militiam
654 3680 858 3751 docentium
887 3696 922 3753 et
941 3684 1152 3754 discentium
1206 3685 1314 3761 rotis,
1340 3694 1554 3771 grassantem
1570 3673 1747 3773 Typhona
1763 3681 1827 3749 reti
1846 3678 1986 3771 cepisse.
2030 3677 2112 3749 Non
2129 3682 2197 3772 igi-

163 3785 396 3873 necessariam
411 3804 570 3850 essenon
585 3783 734 3853 dubium
751 3795 813 3856 est.
851 3781 931 3854 Non
947 3784 1053 3871 bella,
1078 3810 1153 3855 nou
1205 3799 1265 3855 tur
1278 3783 1373 3851 leves
1386 3795 1503 3853 motus
1521 3781 1739 3871 impendent,
1755 3782 1814 3849 sed
1834 3775 2018 3849 horribilis
2034 3781 2198 3871 giganto-

162 3883 350 3958 hominum
364 3885 519 3967 furores,
546 3907 618 3952 non
635 3883 881 3975 dissipationes
902 3886 1060 3976 gentium
1075 3912 1153 3956 mo·
1206 3876 1364 3966 machia,
1387 3905 1478 3976 quae
1490 3904 1565 3950 non
1582 3882 1662 3950 ideo
1676 3880 1875 3964 sedabitur,
1900 3881 1983 3971 quia
2000 3882 2103 3953 multi
2118 3881 2195 3953 Deo

161 4004 269 4059 veant
292 4011 379 4069 nos,
412 3997 452 4054 ut
474 3984 590 4054 studia
611 3985 794 4055 literarum
813 3986 1030 4061 abiiciamus.
1082 3987 1154 4058 Ne-
1206 3988 1424 4068 irascuntur,
1446 3997 1481 4053 et
1494 3981 1710 4051 maledicunt
1724 3981 1860 4050 miseris
1875 3976 2109 4054 scholasticis:
2133 3985 2194 4054 sed

162 4112 257 4160 cesse
277 4102 329 4160 est
353 4087 449 4158 enim
474 4109 596 4178 parere
616 4087 785 4156 mandato
805 4087 947 4175 divino,
972 4090 1068 4182 quod
1088 4091 1153 4159 do-
1204 4089 1248 4158 ad
1273 4085 1480 4153 flectendam
1515 4083 1612 4151 iram*
1627 4078 1693 4150 Dei
1717 4081 1786 4151 alia
1811 4105 1894 4151 cura
1917 4084 2109 4153 necessaria
2133 4101 2195 4171 est,

161 4190 313 4262 ctrinam
327 4210 509 4274 arcanam,
534 4214 640 4283 quam
655 4189 749 4259 lilius
771 4214 812 4258 ex
832 4189 915 4280 sinu
937 4191 1070 4261 aeterni
1090 4215 1153 4282 pa-
1204 4185 1415 4279 cogitandae
1425 4199 1509 4256 sunt
1527 4183 1671 4254 divinae
1690 4183 1960 4274 promissiones,
1987 4185 2194 4275 confugien-

161 4292 228 4365 tris
245 4288 404 4382 protulit,
424 4290 503 4379 legi,
525 4291 642 4361 audiri
666 4305 699 4362 et
713 4289 799 4361 disci
816 4293 999 4385 praecipit.
1040 4291 1154 4363 Dein·
1200 4293 1290 4361 xdum
1310 4289 1355 4357 ad
1373 4283 1490 4357 Deum
1507 4285 1634 4356 fiducia
1651 4285 1736 4369 lilii,
1761 4299 1795 4355 et
1817 4285 1974 4354 modeste
1988 4287 2194 4371 vivendum,

163 4395 208 4463 de
230 4415 310 4462 cum
336 4390 521 4481 promissio
542 4395 660 4476 addita
683 4393 729 4462 sit
749 4393 983 4484 amplissima,
1009 4390 1153 4489 (diliget
1204 4418 1245 4463 ac
1266 4386 1378 4461 alteo
1399 4390 1613 4481 petendum,
1637 4400 1676 4458 ut
1700 4386 1737 4455 in
1760 4388 1814 4456 ira
1835 4386 2095 4457 misericordiae
2111 4411 2195 4460 suae

163 4493 345 4564 doctrinae
367 4493 528 4562 custodes
551 4508 713 4564 aeternus
736 4509 852 4585 pater,
878 4509 983 4590 atque
1005 4496 1052 4566 ita
1066 4497 1152 4567 dili·
1203 4492 1425 4565 recordetur:
1460 4492 1657 4560 curandum
1679 4488 1804 4571 etiam,
1835 4502 1876 4558 ut
1898 4488 2048 4579 posteris
2073 4513 2193 4559 veram

163 4610 240 4688 get,
270 4608 312 4665 ut
332 4587 399 4662 hos
422 4593 586 4663 nominet
598 4597 970 4683 'domicilium'suum,
1001 4609 1034 4667 et
1058 4598 1153 4669 inter
1203 4608 1239 4667 et
1261 4594 1503 4683 incorruptam
1525 4591 1735 4661 senteutiam
1758 4590 1802 4659 de
1823 4589 1899 4661 Deo
1923 4591 2119 4672 tradamus,
2151 4604 2193 4661 ut

162 4720 223 4769 eos
238 4720 321 4766 vere
335 4691 513 4790 versetur)
529 4695 596 4786 ipsi
609 4720 712 4765 curae
727 4699 808 4782 erit,
834 4724 879 4769 ne
893 4699 1009 4769 desint
1029 4700 1099 4771 sibi
1117 4713 1152 4770 et
1204 4698 1295 4769 veris
1310 4694 1435 4765 officiis
1447 4689 1543 4762 Deus
1557 4693 1705 4762 colatur.

162 4799 268 4871 nobis
288 4793 463 4887 hospicia,
497 4807 530 4865 et
555 4820 600 4865 ne
625 4796 762 4867 labores
785 4802 854 4872 sint
874 4801 1027 4875 inutiles.
1079 4800 1150 4872 Sed

161 4916 261 4974 recta
272 4913 306 4970 et
321 4922 401 4968 vera
419 4898 604 4983 discamus,
630 4912 664 4967 et
679 4899 834 4970 modeste
848 4902 1071 4997 inquiramus
1088 4926 1151 4970 ve-

160 5004 321 5087 ritatem,
349 5013 383 5070 et
403 5013 584 5091 expetatur
605 4999 784 5083 doctrina,
816 5015 857 5074 ut
873 5018 1020 5076 ornetur
1037 5004 1149 5094 gloria

159 5103 248 5192 Dei,
271 5127 344 5172 non
358 5116 399 5173 nt
411 5101 458 5173 sit
478 5114 675 5194 praetextus
688 5102 920 5195 cupiditatum
934 5121 1150 5178 nostrarum.

1303 4843 1384 4914 Non
1400 4842 1509 4930 igitur
1521 4865 1617 4912 nunc
1632 4865 1696 4932 per
1710 4838 1930 4909 iracundiam
1947 4853 2009 4914 aut
2026 4842 2192 4933 despera-

1201 4949 1334 5018 tionem
1358 4944 1559 5014 abiicieuda
1577 4956 1661 5013 sunt
1683 4942 1866 5011 doctrinae
1889 4942 2023 5028 studia,
2047 4946 2106 5014 sed
2123 4971 2191 5039 po-

1201 5051 1272 5119 tius
1289 5042 1371 5116 inde
1386 5045 1456 5115 iam
1470 5045 1625 5113 remedia
1641 5044 1816 5113 malorum
1832 5045 1982 5135 petenda
1996 5059 2093 5116 sunt.
2144 5044 2188 5116 ln

1201 5147 1257 5221 his
1278 5148 1461 5219 verissime
1482 5145 1580 5219 Deus
1601 5158 1722 5224 ‚tecum
1746 5144 1980 5239 colloquitur,
2013 5148 2189 5238 promittit

263 5250 374 5324 Multi
390 5252 428 5321 in
450 5246 506 5320 his
519 5251 767 5322 communibus
781 5252 932 5322 miseriis
947 5254 1149 5326 irascuntur
1199 5251 1390 5335 auxilium,
1421 5263 1483 5320 aut
1496 5248 1755 5317 invocationem
1770 5246 1947 5319 exuscitet.
1986 5243 2034 5318 Et
2051 5248 2188 5340 experi-

160 5357 362 5440 doctrinae,
388 5348 480 5423 hanc
496 5375 569 5423 esse
583 5353 693 5422 lacem
709 5348 816 5423 huius
835 5354 991 5424 incendii
1006 5356 1146 5426 dicunt:
1198 5378 1281 5424 mur
1303 5351 1471 5444 exemplis
1491 5348 1785 5419 manifestissimis
1807 5374 1881 5420 non
1908 5372 1981 5420 esse
2005 5349 2105 5419 irrita
2119 5372 2187 5426 no-

159 5460 222 5554 qui
237 5459 380 5551 quidem
396 5480 477 5527 cum
492 5453 570 5526 Deo
593 5455 812 5540 irascuntur,
837 5450 894 5524 his
912 5457 1064 5550 querelis
1081 5481 1145 5529 au·
1197 5470 1268 5528 stra
1289 5466 1382 5529 vota.

1207 1963 1302 2032 mnis
1323 1961 1526 2051 ingentibus
1550 1959 1723 2032 oneravit:
1757 1984 1845 2053 quas
1868 1983 1989 2029 causas
2012 1986 2132 2047 nosse,
2167 1976 2202 2032 et
2313 1994 2318 2003 ·
