4732 6030
139 275 215 354 ssa
597 255 1699 344 nucunnrunnnaronnorrounr
1840 211 1921 287 Ὺ
2100 267 2176 341 aas

142 448 254 539 gloria
269 445 463 523 diminuta,
489 439 662 514 honorem
685 442 824 535 imperii
841 440 1001 511 Ducibus
1019 438 1129 510 Saxo-
1179 431 1323 503 vivendi
1348 433 1453 501 finem
1480 434 1637 504 facturos
1661 446 1837 527 utrunque
1859 436 2008 527 speciem
2032 433 2172 508 Coenae

141 552 222 621 niae
248 545 545 615 communicatum
575 567 660 618 esse.
718 543 760 614 ln
786 540 854 613 hoc
880 543 973 612 bello
1003 538 1130 610 Gallus
1179 534 1388 604 Dominicae
1404 535 1557 606 voluerit
1573 537 1641 606 sibi
1657 537 1920 622 communicari,
1935 562 2010 606 rem
2024 539 2171 608 minime

141 674 222 720 curn
244 660 318 716 toto
337 646 565 736 Imperatoris
588 649 757 731 exercitu,
791 644 923 716 veritus
944 667 1017 713 uno
1041 656 1130 711 tem·
1179 652 1312 725 gratam
1328 632 1511 705 monachis
1526 653 1558 708 et
1573 635 1749 711 Pontifici.
1788 634 1847 723 Et,
1869 642 1965 731 quod
1979 642 2022 708 ad
2039 642 2172 710 doctri-

141 774 226 843 pore
253 747 426 839 praelium
454 748 692 834 committere,
724 749 811 816 locis
838 746 1068 841 sylvestribus
1091 743 1129 810 in
1179 763 1262 808 nam
1277 738 1431 822 attinuit,
1447 740 1622 830 praestitit
1637 742 1804 831 profecto,
1820 742 1915 833 quod
1928 742 2043 831 potuit
2056 743 2172 825 etiarn,

142 851 229 941 ripis
262 843 404 930 Rheni,
439 873 544 943 quern
575 850 786 920 traiecturus
818 862 892 919 erat
924 846 1130 939 Imperator,
1181 865 1260 910 cnm
1281 840 1482 910 universale
1506 843 1697 910 concilium
1718 856 1856 930 cogeret
1880 855 2025 933 propter
2046 841 2171 913 Ponti·

141 952 313 1022 excrcitus
334 974 416 1020 suos
440 952 654 1036 occultabat,
680 964 722 1021 nt
741 951 871 1020 milites
894 946 1131 1038 Imperatoris,
1180 944 1301 1026 licem,
1327 943 1461 1011 maiora
1478 936 1707 1028 hauddubie,
1733 945 1762 1011 si
1777 944 1957 1035 potuisset,
1983 945 2171 1034 praestiter-

140 1055 202 1146 qui
219 1046 389 1124 Rhenum
407 1053 543 1121 traduci
559 1076 682 1121 omnes
697 1076 770 1122 uno
784 1065 960 1142 tempore,
987 1062 1130 1141 propter
1179 1068 1251 1113 rus.
1303 1041 1352 1113 Ut
1367 1044 1461 1112 enim
1483 1059 1646 1115 externae
1663 1045 1871 1136 disciplinae
1892 1069 1975 1114 cura
1999 1047 2042 1113 ad
2057 1041 2171 1116 Otto-

140 1156 286 1225 navium
304 1153 475 1242 inopiam,
500 1177 572 1222 non
590 1167 764 1244 poterant,
791 1154 940 1222 navibus
955 1150 1130 1243 expositos
1180 1170 1261 1214 nem
1278 1146 1465 1236 pertinuit,
1492 1147 1540 1214 ita
1559 1149 1731 1219 iudicium
1750 1149 1794 1216 de
1811 1147 1994 1236 religionis
2010 1149 2170 1218 doctrina

141 1269 175 1326 et
191 1257 380 1344 imperatos
402 1253 697 1347 inopinantesque
715 1257 973 1345 aggrederetur.
1022 1252 1130 1340 Quod
1180 1248 1289 1317 totius
1315 1246 1384 1315 fuit
1407 1248 1567 1332 concilii,
1599 1251 1657 1317 cui
1686 1274 1766 1320 cum
1791 1251 1865 1340 ipse
1884 1262 1925 1318 ut
1952 1249 2173 1338 legisperitus

141 1380 221 1426 cum
238 1355 439 1444 accidisset,
472 1368 506 1424 et
529 1355 705 1438 Saxones,
735 1359 880 1425 absente
902 1353 1130 1445 imperatore,
1181 1348 1418 1441 praescribere
1437 1372 1510 1416 non
1525 1364 1654 1440 posset,
1675 1352 1873 1419 laudandus
1888 1363 1949 1433 est,
1976 1353 2070 1442 quod
2087 1350 2172 1419 libi·

140 1458 178 1526 in
195 1457 270 1547 ipso
287 1457 430 1543 negocio
448 1457 636 1524 consilium
653 1479 776 1548 capere
791 1457 922 1541 coacti,
947 1450 1040 1523 nihil
1060 1454 1130 1522 iarn
1179 1451 1257 1519 dini
1282 1451 1403 1518 saltem
1420 1448 1603 1519 Pontificis
1627 1453 1728 1542 impii
1751 1453 1889 1520 fortiter
1913 1453 2172 1544 repugnaverit,

141 1556 300 1629 Caesaris
322 1557 509 1645 imperium
534 1570 771 1648 expectarent,
798 1561 858 1628 sed
878 1582 940 1650 per
958 1581 1015 1643 se,
1041 1578 1130 1649 quae
1180 1576 1225 1620 ne
1248 1548 1364 1621 Deum
1390 1551 1428 1618 in
1453 1564 1503 1621 tot
1525 1553 1694 1622 scelerum
1715 1552 1996 1622 dissimulatione
2019 1553 2172 1623 alliceret

140 1660 362 1735 viderentur,
395 1658 700 1743 administrarent,
730 1660 876 1753 ancipiti
906 1660 1038 1750 praelio
1064 1657 1130 1725 ali·
1180 1646 1404 1737 contumelia,
1430 1665 1464 1722 et
1477 1654 1640 1744 plurimis
1655 1657 1757 1724 autor
1772 1654 1929 1722 scandali
1946 1669 2044 1727 esset.
2095 1652 2170 1724 Ex·

141 1760 301 1852 quandiu
335 1771 440 1851 atque
473 1760 602 1829 acriter
632 1762 800 1854 utrinque
837 1776 1031 1852 pugnatum
1068 1770 1130 1826 est.
1180 1756 1282 1845 posui
1309 1779 1380 1846 quo
1412 1768 1514 1845 pacto
1546 1758 1773 1838 coercendos,
1812 1768 1918 1846 atque
1945 1757 2170 1824 deterrendos

141 1859 230 1930 Otto
246 1884 341 1943 vero,
360 1885 439 1929 curn
454 1860 757 1932 animadvertisset
770 1885 898 1951 magno
915 1863 953 1929 in
971 1860 1130 1953 periculo
1180 1853 1270 1925 Otto
1302 1855 1454 1923 voluerit
1481 1854 1667 1926 Pontifices
1699 1880 1786 1926 esse.
1838 1854 1891 1925 De
1917 1857 2171 1927 donationibus

141 1984 222 2031 suos
246 1962 398 2044 versari,
427 1963 523 2052 quod
546 1985 646 2052 suos,
673 1964 735 2056 qui
756 1965 890 2032 flumen
906 1963 1129 2039 transierant,
1179 1979 1254 2024 non
1287 1955 1401 2024 dicam
1427 1957 1549 2028 multis
1581 1973 1724 2050 propter
1755 1959 1923 2049 temporis
1959 1959 2169 2048 angustiam.

141 2063 273 2134 virtute
289 2074 323 2130 et
339 2085 487 2130 numero
505 2065 687 2154 pugnandi
707 2059 868 2134 hostibus
887 2086 962 2131 non
979 2085 1052 2131 esse
1067 2084 1131 2150 pa·
1180 2057 1314 2146 Magno
1344 2071 1377 2125 et
1401 2056 1662 2147 impudentiore
1692 2061 1796 2129 iactat
1823 2061 2051 2129 donationem
2074 2056 2172 2129 Con·

141 2186 197 2231 res
212 2163 332 2245 sciret,
358 2166 453 2254 quod
469 2165 560 2232 ferre
575 2165 648 2233 suis
664 2167 787 2234 eodem
802 2178 959 2257 ternpore
977 2165 1015 2232 in
1030 2176 1128 2233 tanto
1179 2158 1327 2228 stantini
1348 2155 1529 2228 Pontifex:
1566 2159 1674 2232 Suam
1692 2161 1740 2230 ait
1763 2184 1837 2233 esse
1858 2161 1984 2230 urbem
2006 2159 2172 2246 Romam,

140 2264 300 2354 periculo
323 2264 513 2343 auxilium,
547 2279 691 2357 propter
716 2267 876 2335 fluminis
904 2263 1129 2336 altitudinem
1180 2259 1955 2356 suurnregnumSiciliaeNeapolitanumque,
1974 2258 2072 2331 suarn
2086 2263 2172 2332 uni·

140 2361 436 2455 latitudinemque
452 2379 681 2456 non-posset,
708 2367 901 2457 plurimum
925 2378 1131 2449 commotus,
1179 2384 1317 2431 versam
1333 2359 1483 2447 ltaliam,
1506 2378 1575 2433 tres
1589 2362 1737 2448 Gallias,
1759 2368 1847 2434 duas
1860 2363 2062 2457 Hispanias,
2078 2361 2172 2434 Ger·

139 2479 174 2534 et
191 2465 325 2533 nullius
342 2464 493 2533 iniuriae
509 2467 576 2536 sibi
594 2469 765 2548 conscius,
789 2481 863 2538 toto
879 2469 1030 2539 exercitu
1046 2491 1131 2559 pro·
1180 2486 1322 2546 manos,
1360 2461 1574 2548 Britannos,
1618 2489 1721 2534 sunm
1748 2467 1902 2558 denique
1928 2463 2171 2548 Occidentem,

140 2566 305 2635 nunciari
328 2567 441 2635 iubet:
467 2565 616 2637 Nullum
632 2570 767 2639 bellum
791 2570 867 2638 sine
889 2571 1011 2639 divino
1030 2569 1131 2638 auxi·
1181 2565 1326 2635 alteram
1341 2578 1475 2654 partem
1490 2567 1587 2634 orbis
1605 2581 1791 2636 terrarum.
1841 2565 1953 2635 Cuius
1980 2566 2171 2654 possessio·

141 2668 190 2736 lio
213 2667 385 2736 foeliciter
408 2669 551 2752 confici,
583 2683 687 2762 atque
710 2666 864 2741 hominis
885 2672 969 2739 iusti
999 2670 1130 2739 oratio·
1181 2669 1262 2734 nem
1286 2689 1365 2734 curn
1389 2668 1549 2737 obtinere
1565 2692 1639 2736 non
1663 2668 1800 2759 possint
1814 2664 2021 2750 Pontifices,
2046 2666 2102 2735 ius
2118 2679 2172 2736 ta·

140 2793 221 2838 nem
241 2771 427 2839 autoritate
438 2766 557 2839 lacobi
573 2773 766 2862 plurimum
783 2796 901 2841 coram
920 2771 997 2842 Deo
1013 2795 1130 2863 posse:
1181 2790 1263 2835 men
1284 2767 1490 2858 possidendi
1512 2770 1644 2841 iactant
1667 2792 1771 2839 suum
1793 2791 1884 2853 esse,
1919 2781 1953 2838 et
1975 2768 2080 2837 licere
2102 2763 2172 2837 sibi

141 2886 175 2942 et
197 2894 216 2938 a
240 2869 341 2938 Mose
366 2862 588 2939 orationibus
612 2871 772 2941 effectum
795 2895 885 2954 esse,
910 2874 1010 2942 utin
1035 2872 1146 2942 bellox
1181 2870 1305 2961 quavis
1327 2870 1465 2939 ratione
1486 2871 1740 2960 patrimonium
1760 2864 1937 2939 Ecclesiae
1959 2867 2172 2961 aConstanf

140 2975 309 3042 adversus
323 2965 561 3037 Amalachitas
571 2985 730 3059 suscepto
747 2971 892 3040 victoria
908 2973 986 3040 sine
1003 2996 1130 3061 magno
1181 2972 1257 3038 tino
1274 2972 1465 3051 donatum,
1491 2973 1536 3040 ab
1552 2972 1806 3064 occupantibus
1822 2984 2042 3065 extorquere.
2075 2966 2172 3039 Hinc

139 3076 262 3143 labore
291 3069 338 3136 sit
368 3068 510 3157 potitus.
562 3066 683 3157 Quare
711 3070 843 3140 milites
867 3095 989 3141 ornnes
1014 3074 1052 3141 in
1075 3067 1131 3140 his
1181 3071 1326 3155 accidit,
1356 3072 1636 3164 quodomnium
1659 3074 1868 3166 adseopes
1891 3073 2081 3155 traxerint,
2112 3095 2172 3141 ra—

141 3169 306 3243 extremis
324 3168 448 3247 rebus,
475 3168 596 3238 divina
616 3171 804 3242 autoritate
827 3172 932 3253 iussi,
959 3175 1129 3243 auxilium
1180 3172 1373 3264 piendique
1388 3173 1530 3243 nullum
1546 3174 1694 3243 modum
1710 3172 1875 3260 fecerint,
1902 3175 1941 3242 in
1963 3172 2173 3243 remissione

141 3273 261 3342 aDeo
281 3269 522 3360 implorarent.
580 3269 743 3341 Statuere
762 3295 852 3359 sese,
885 3273 1003 3345 Deum
1026 3276 1132 3346 invo·
1180 3284 1402 3363 peccatorum
1431 3276 1590 3365 precium
1619 3275 1824 3359 statuerint,
1862 3274 2090 3344 vendiderint
2113 3274 2172 3344 in·

141 3371 305 3443 cantibus
317 3393 367 3453 se,
384 3369 423 3436 in
438 3369 498 3461 pio
514 3383 549 3441 et
565 3370 657 3443 iusto
673 3374 830 3462 negocio,
854 3370 1129 3469 haudquaquam
1180 3374 1270 3442 finiti
1284 3375 1422 3463 generis
1439 3377 1574 3458 bullas,
1601 3376 1805 3466 praesertim
1823 3372 2025 3458 Germanis,
2049 3388 2173 3468 utpote

140 3474 346 3544 defuturum
361 3493 446 3544 esse.
499 3469 875 3559 Quibusdenunciutis
891 3478 1072 3547 descendit
1088 3500 1129 3545 ex
1180 3497 1270 3566 quos
1283 3477 1466 3546 cerebrum
1483 3501 1558 3547 non
1574 3472 1705 3547 habere
1720 3478 1920 3550 credebant.
1956 3475 2073 3546 Taceo
2090 3498 2178 3568 pos-⁴

140 3598 235 3669 equo
262 3573 472 3662 imperator,
498 3586 603 3666 atque
626 3598 773 3667 corpore
795 3577 966 3647 inclinato
981 3579 1130 3647 clariore
1179 3577 1351 3647 sessiones
1366 3577 1465 3648 mille
1479 3581 1616 3649 artibus
1631 3591 1817 3668 occupatas
1831 3601 1851 3646 a
1868 3579 2061 3648 coniuratis
2075 3575 2172 3648 Pon-

139 3698 226 3746 voce
256 3673 469 3765 pronunciat
501 3675 697 3744 orationem
733 3677 966 3761 dominicam,
1012 3691 1052 3749 ut
1084 3680 1129 3746 ab
1179 3677 1330 3757 tibrum,
1356 3692 1407 3757 ut,
1432 3675 1634 3770 Episcopis,
1657 3676 1862 3764 Canonicis,
1886 3675 2082 3765 monachis,
2109 3678 2173 3772 qni

140 3776 327 3859 omnibus,
361 3774 422 3867 qui
446 3789 584 3866 praesto
606 3789 737 3861 essent,
768 3777 1004 3851 exaudiretur.
1055 3775 1136 3870 Hac
1180 3791 1323 3868 propter
1342 3778 1602 3848 intolerabilem
1617 3778 1823 3863 avariciam,
1848 3804 1923 3849 non
1941 3781 2017 3849 sine
2032 3803 2170 3849 summo

140 3878 301 3951 oratione
317 3876 428 3959 facta,
452 3899 525 3945 non
544 3877 669 3946 fefellit
688 3901 766 3969 spes
785 3900 848 3947 sua
868 3877 1130 3970 lmperatorem.
1179 3879 1308 3947 scelere
1320 3880 1481 3947 omnium
1501 3882 1575 3948 fere
1599 3880 1780 3949 facultates
1794 3881 1833 3947 in
1849 3903 1948 3948 snam
1962 3893 2170 3971 potestatem

140 3981 233 4055 Saxo
248 3978 378 4072 aliquis
394 3999 575 4068 pugnans,
601 4003 680 4048 cum
697 3979 826 4071 reliqui
846 3978 1002 4051 Saxones
1017 3981 1130 4048 victo-
1181 3979 1400 4066 redegerant.
1807 4028 1809 4032 ψ

140 4083 231 4153 riam
253 4080 535 4164 conclamarent,
567 4077 754 4150 Gallorum
778 4080 898 4170 lingua
924 4081 1005 4169 fuge
1027 4078 1131 4150 Galle
1279 4076 1438 4148 lloccine
1461 4078 1529 4150 fuit
1549 4103 1590 4150 ex
1613 4078 1719 4150 Petro
1734 4080 1859 4151 ludam
1880 4083 1976 4169 fieri,
2002 4083 2171 4173 miserum

140 4186 221 4273 fuge
245 4183 426 4252 exclamat.
477 4178 581 4251 Hanc
605 4204 725 4250 vocem
749 4205 829 4250 cum
846 4178 943 4250 Galli
966 4194 1130 4274 putarent
1179 4180 1352 4271 populum
1387 4205 1506 4251 amore
1535 4183 1705 4274 pecuniae
1731 4183 1771 4251 in
1797 4206 1972 4253 summum
1999 4187 2173 4256 deduce're

141 4311 167 4357 a.
178 4283 285 4355 Gallo
302 4283 431 4366 efferri,
456 4294 561 4375 atque
577 4279 749 4354 Ottonern
762 4307 843 4352 cum
856 4283 996 4377 reliquo
1012 4285 1131 4353 adesse
1181 4282 1376 4370 pericnlum
1392 4277 1550 4375 corporis
1564 4297 1598 4353 et
1611 4284 1775 4353 animae?
1806 4283 1966 4355 Hoccine
1983 4300 2034 4356 est
2048 4283 2173 4357 Eccle-

140 4387 315 4469 exercitu,
339 4407 472 4469 omnes,
497 4385 664 4455 omnibus
682 4386 787 4454 rebus
804 4385 997 4475 desperatis
1012 4387 1131 4472 sugam
1180 4384 1285 4468 siam,
1311 4381 1384 4453 imo
1407 4386 1523 4476 ipsum
1548 4385 1652 4455 etiam
1668 4385 1841 4474 Spiritum
1864 4400 2025 4457 sanctum
2042 4372 2173 4458 habere

140 4487 331 4582 petierunt.
1180 4486 1368 4579 quaestui?
1408 4485 1519 4559 Recte
1544 4475 1659 4557 ne‘sd
1683 4482 1748 4557 hos
1764 4489 1868 4580 lupos
1884 4512 2027 4559 voraces
2041 4491 2173 4560 dixeris

241 4584 326 4656 Dixi
348 4580 551 4667 historiam,
577 4587 677 4676 petiit
693 4582 783 4656 Otto
797 4586 980 4657 victoriam
1005 4588 1045 4657 in
1063 4611 1130 4658 no-
1180 4585 1331 4657 Paulum
1347 4589 1541 4680 scripsisse,
1566 4612 1697 4657 nomen
1706 4587 1773 4658 Dei
1790 4613 1854 4680 per
1870 4613 1932 4659 vos
1949 4586 2173 4682 blasphema-

141 4690 239 4763 rnine
254 4687 319 4756 lilii
335 4684 413 4766 Dei,
437 4683 671 4758 nonUrsulae
686 4702 745 4758 aut
758 4685 917 4778 Georgii,
942 4714 1012 4782 qua
1029 4713 1132 4760 causa
1181 4701 1240 4758 tur
1256 4688 1350 4759 inter
1365 4703 1497 4778 gentes.
1544 4688 1619 4777 Qui
1635 4691 1723 4758 alios
1738 4692 1881 4773 docetis,
1908 4716 1971 4760 vos
1987 4694 2081 4784 ipsos
2097 4715 2173 4763 non

141 4796 352 4867 factumest,
371 4801 424 4871 ut,
447 4786 667 4878 paucissimis
679 4785 1008 4861 militibusOttonis
1024 4791 1132 4859 dimi·
1180 4791 1327 4860 docetis.
1379 4789 1452 4879 Qui
1467 4791 1676 4882 praedicatis
1700 4815 1774 4860 non
1790 4791 2002 4874 furandum,
2027 4794 2173 4865 latroci-

142 4894 324 4975 cantibus,
363 4890 547 4981 pugnandi
569 4911 673 4958 causa
697 4914 737 4958 ex
768 4886 930 4962 hostibus
953 4906 1131 4984 postremo
1180 4891 1329 4960 nemini.
1380 4889 1455 4980 Qui
1470 4893 1725 4962 abominamini
1741 4893 1853 4977 idola,
1880 4895 2102 4986 sacrilegium
2120 4897 2174 4966 fa·

141 4996 315 5065 resisteret
333 5015 449 5064 nemo.
501 4988 622 5078 Quare
635 4990 729 5074 satis,
752 5005 793 5062 ut
808 4992 954 5085 opinor,
980 4996 1131 5063 demon·
1180 4993 1284 5062 citis?
1317 4990 1509 5063 Maximam
1526 4995 1644 5086 itaque
1661 4995 1802 5063 laudern
1827 4995 1919 5064 inter
1939 4993 2173 5089 Imperatores

141 5109 272 5176 strant,
302 5089 502 5164 Christiana
526 5086 673 5162 Ottonis
699 5093 833 5177 oratio,
865 5108 900 5165 et
928 5096 1131 5187 inopinatus
1180 5094 1269 5164 ferat
1285 5090 1397 5183 Otto,
1424 5099 1519 5189 quod
1537 5098 1575 5164 in
1593 5109 1689 5166 tanta
1712 5098 1900 5188 tyrannide
1918 5098 2091 5190 impedire
2108 5124 2173 5168 vo-

141 5200 228 5271 belli
255 5209 417 5280 eventus,
454 5191 600 5265 Ottonis
626 5194 833 5263 sententiam
857 5196 902 5264 de
924 5198 1132 5266 remissione
1180 5197 1289 5268 luerit
1309 5195 1514 5267 Pontifices:
1556 5222 1636 5268 cum
1660 5221 1725 5268 nec
1744 5200 1931 5271 donaverit
1955 5225 1995 5270 ea
2023 5201 2173 5292 imperia

141 5315 362 5395 peccatorum
379 5297 491 5367 multo
515 5298 691 5367 saniorem
713 5296 838 5380 fuisse,
864 5321 969 5390 quam
987 5315 1037 5370 est
1053 5296 1130 5371 Ro·
1174 5295 1456 5386 Constantinus,
1482 5324 1565 5382 nec,
1592 5301 1620 5367 si
1637 5303 1818 5387 donasset,
1844 5302 1921 5372 inre
1943 5303 1981 5370 id
1997 5303 2174 5373 diceretur

140 5405 239 5475 mani
262 5399 442 5494 Episcopi.
498 5394 635 5470 Eodem
660 5397 853 5492 pertinebit
875 5397 999 5487 etiarn,
1034 5404 1130 5494 quod
1179 5400 1312 5478 secisse.
1357 5399 1440 5490 Quo
1456 5418 1558 5495 pacto
1573 5403 1669 5475 enim
1688 5405 1851 5475 donasset
1866 5403 2046 5498 Sylvcstro
2066 5403 2172 5471 dimi-
