4732 6030
236 306 312 385 227

241 479 469 552 afflictorum.
504 475 601 544 ldem
618 493 681 541 vos
696 494 820 543 omnes
834 470 982 543 adsidue
999 486 1117 565 petere
1130 471 1234 543 aDeo

245 582 400 662 debetis,
424 591 463 648 ut
478 575 703 665 Principem,
730 575 797 644 sub
821 574 923 644 cuius
943 576 1052 644 tutela
1075 576 1237 658 latemus,

247 697 379 766 servet,
412 692 445 748 et
469 690 509 745 ut
531 698 652 767 pacem
681 688 715 745 et
742 676 942 746 doctrinam
968 670 1172 766 Evangelii,
1204 690 1239 746 et

248 787 396 856 aliarum
411 774 639 847 honestarum
654 776 784 849 artium
802 777 920 848 studia
935 777 1094 848 retineat.
1143 776 1238 849 Dixi.

260 1145 329 1218 No.
344 1144 406 1216 50.

400 1341 477 1426 De
495 1337 787 1451 gradiemus
805 1336 1076 1447 Theologio.

319 1510 615 1652 lutgeplffluss
630 1530 666 1633 pp!
670 1509 716 1650 ⁸19>
725 1527 802 1637 qqq,
835 1507 865 1563 iu
883 1506 1003 1567 servet.
1023 1507 1058 1563 Τ.
1071 1510 1095 1563 1.
1114 1526 1140 1580 p.
1151 1508 1196 1564 at.
1214 1517 1241 1562 et

1075 1168 1124 1213 an.
1145 1146 1238 1208 1533.

1061 1233 1232 1262 Μ

250 1746 380 1814 Oratio
396 1738 444 1813 de
455 1736 635 1838 gradihus
648 1740 689 1809 s'n
706 1734 920 1832 Theolopio,
944 1732 1077 1808 dubito
1089 1760 1113 1809 α
1129 1734 1239 1809 Doct.

249 1851 364 1917 loun
396 1847 437 1915 in
461 1845 691 1936 promotione
720 1844 839 1911 trium
872 1842 1097 1929 Doctorum,
1139 1859 1239 1909 euno

415 1946 717 2019 mmmm.
732 1942 795 2015 die
808 1943 913 2013 lunis·
927 1943 1073 2012 XVlll.

247 2082 341 2169 Non
363 2093 492 2185 opinor
508 2090 547 2159 in
561 2085 630 2159 hoc
648 2087 892 2160 laudatissimo
908 2100 1010 2156 coetu
1024 2109 1240 2180 quenquam,

249 2200 337 2268 adeo
353 2194 559 2285 imperitum
575 2214 649 2261 esse
662 2188 904 2261 communium
920 2189 1120 2257 officiorum
1135 2189 1239 2268 vitae,

247 2313 289 2370 ut
312 2296 502 2366 consilium
526 2308 687 2364 nostrum
703 2293 742 2359 in
759 2290 1010 2383 promovendis
1027 2289 1239 2360 Ductoribus

247 2397 436 2487 Evangelii
457 2391 712 2488 reprehendat,
735 2391 942 2485 praesertim
959 2415 1038 2459 eum
1054 2391 1183 2459 viderit
1200 2392 1238 2458 in

247 2497 317 2571 hoc
344 2520 508 2569 consessu
533 2494 817 2567 lllustrissimum
839 2491 1039 2583 Principem
1068 2504 1239 2576 nostrum,

248 2602 422 2675 Saxoniae
444 2598 599 2682 Ducem,
629 2592 829 2667 Electorem
856 2607 1078 2685 caeterosque
1099 2592 1240 2661 Princi-

248 2726 323 2797 pes,
348 2714 383 2772 et
399 2701 492 2771 viros
507 2698 795 2790 sapientissimos,
819 2694 977 2790 quicum
993 2718 1055 2764 sua
1073 2717 1239 2785 praesen-

247 2806 296 2877 tia
313 2815 486 2874 testentur
501 2824 538 2870 se
553 2799 741 2870 consilium
756 2810 917 2883 nostrum
934 2799 1105 2887 probare,
1133 2821 1237 2865 nemo

248 2907 379 2998 poterit
400 2906 477 2974 sine
499 2925 636 2972 summa
661 2900 900 2991 impudentia,
929 2921 1034 2966 suum
1064 2899 1236 2968 iudicium

248 3009 396 3077 istorum
412 3001 621 3076 authoritati
635 3004 819 3073 anteferre.
869 2997 940 3089 Qui
958 3025 1038 3069 cum
1055 3000 1103 3070 ita
1120 3015 1238 3071 ament

248 3104 444 3189 Christum,
459 3120 501 3177 ut
515 3119 660 3198 propter
672 3100 858 3193 Evangelii
872 3103 1042 3192 studium,
1058 3104 1102 3171 de
1119 3102 1238 3191 digni-

249 3222 332 3287 tate,
357 3207 510 3275 fortunis
522 3231 561 3274 ac
577 3208 648 3275 vita
664 3206 920 3296 periclitentur,
947 3228 1020 3273 non
1037 3217 1137 3272 erant
1151 3200 1237 3272 haee

250 3308 446 3400 spectacula
474 3305 676 3396 probaturi,
708 3305 737 3373 si
763 3306 1003 3374 existimarent
1025 3329 1063 3373 ea
1089 3306 1236 3393 indigna

250 3433 323 3482 esse
338 3405 562 3480 Christianis.
597 3403 720 3499 ltaque
736 3429 816 3475 cum
833 3408 925 3476 tueri
939 3430 1004 3474 nos
1018 3422 1236 3474 summorum

250 3528 354 3605 atque
369 3512 586 3602 optimorum
604 3503 818 3578 authoritate
832 3507 1017 3599 possimus,
1045 3530 1119 3573 non
1137 3507 1237 3574 valde

250 3614 356 3684 nohis
387 3613 621 3681 fanaticorum
654 3605 840 3679 hominum
875 3604 1099 3700 reprehensio
1128 3609 1238 3699 perti-

249 3717 433 3787 mescenda
447 3728 509 3789 est.
547 3712 614 3785 Sed
634 3714 803 3806 quoniam
819 3712 856 3780 iu
876 3706 1033 3779 hocloco
1048 3711 1236 3780 dicendum

251 3833 302 3890 est
317 3818 466 3910 aliquid,
487 3841 594 3908 pauca
611 3818 655 3884 de
669 3810 736 3884 hoc
750 3814 825 3906 ipso
839 3815 951 3905 gradu
966 3813 1236 3904 disputabimus.

249 3918 322 3990 Diu
342 3920 413 3988 iam
435 3943 509 3988 non
532 3917 675 4011 quidem
698 3918 803 4008 plane
824 3917 1010 3987 omisimus
1036 3909 1132 3984 hunc
1154 3939 1238 4005 pro-

43 4096 46 4103 ,
141 4026 144 4032 ’
250 4022 421 4091 movendi
450 4044 602 4098 morem,
643 4020 704 4087 sed
738 4044 811 4088 non
841 4043 942 4109 saepe
977 4019 1237 4109 usurpavimus.

250 4122 342 4192 Nam
365 4136 399 4188 et
419 4115 531 4212 ηομ)
555 4120 603 4188 ita
624 4119 813 4199 sentimus,
845 4120 989 4188 titulum
1013 4119 1177 4189 Doctoris
1199 4119 1236 4185 in

251 4222 469 4314 professione
491 4219 718 4304 difficillima,
749 4244 823 4287 non
849 4232 979 4287 temere
1010 4223 1237 4288 comunican-

252 4326 338 4391 dum
363 4346 434 4390 esse
465 4320 595 4390 multis.
654 4319 745 4387 Nam
769 4315 826 4389 hic
848 4321 971 4387 titulus
998 4320 1237 4389 testimonium

251 4438 303 4494 eat
319 4424 500 4515 publicum
517 4420 696 4490 doctrinae
710 4444 749 4488 ae
765 4421 914 4509 pietatis,
932 4444 1002 4512 quo
1019 4422 1117 4487 utdlo
1132 4425 1236 4490 modo

252 4527 413 4596 armandi
430 4538 512 4594 sunt
528 4523 660 4591 indocti
677 4547 715 4591 oc
731 4520 897 4612 improbi.
930 4516 1030 4590 Nihil
1048 4523 1140 4588 euim
1158 4547 1239 4613 per-

253 4628 421 4698 niciosius
446 4639 496 4694 est
521 4623 726 4714 Rebuspub.
750 4649 855 4717 quam
880 4623 1018 4693 inscitia
1040 4637 1073 4692 et
1094 4624 1238 4706 mulitia,

252 4755 332 4800 cum
349 4731 491 4800 accessit
507 4725 714 4798 authoritas.
766 4728 884 4819 ltaque
901 4726 1003 4795 aunis
1017 4727 1085 4793 iam
1102 4726 1239 4817 aliquot

252 4834 437 4924 praecipue
466 4833 504 4900 in
532 4845 630 4901 tauto
653 4828 888 4899 Ecclesiarum
913 4828 1090 4919 periculo,
1120 4827 1239 4919 paucis

252 4937 444 5004 admodum
460 4931 517 5002 hic
533 4929 647 5002 honos
661 4934 819 5002 decretus
836 4947 902 5016 est,
929 4931 1093 5021 idemque
1116 4931 1154 4997 in
1173 4954 1239 5019 po-

252 5050 384 5106 sterum
406 5037 641 5118 servabimus,
672 5051 711 5106 ut
733 5034 886 5116 nemini,
925 5031 992 5097 nisi
1017 5032 1116 5099 cuius
1140 5032 1237 5119 inge-

253 5139 372 5222 nium,
398 5138 617 5221 doctrinam,
649 5152 683 5206 et
706 5161 821 5206 mores
844 5138 951 5223 longo
972 5156 1039 5203 usu
1059 5133 1238 5225 perspexi-

287 5400 320 5467 *)
338 5390 412 5471 pulo,
431 5386 504 5467 quod
524 5392 554 5448 in
572 5394 906 5467 testamenmentum
925 5396 1022 5455 delevi.
1059 5394 1184 5449 Fortasse
1198 5404 1238 5449 est

258 5484 263 5493 ’
320 5488 371 5543 pro
383 5469 505 5539 qio'dem.

702 297 862 377 DECL.
901 294 977 372 DE
1005 298 1309 377 GRADIBUS
1344 298 1402 375 IN
1433 294 1834 376 resumunt·

2203 312 2282 384 228

1290 492 1378 557 mue
1392 466 1490 541 huuc
1505 469 1650 542 titulum
1663 469 1920 564 impertiamur.
1952 470 2075 567 Neque
2087 475 2280 571 quiequam

1289 573 1437 642 fecimus
1453 572 1610 642 alienum
1632 565 1701 641 hoc
1723 586 1846 642 nostro
1870 573 2021 661 iudicio,
2046 599 2143 646 nunc
2164 580 2202 648 in
2223 577 2282 653 his

1290 674 1553 764 promovendis,
1573 696 1726 764 quorum
1742 675 1916 761 doctrina,
1935 673 2056 766 pietas,
2075 690 2113 770 ,et
2124 678 2163 748 in
2178 682 2282 752 omni

1290 775 1398 845 officii
1414 798 1541 865 genere
1555 774 1739 864 diligentia
1757 791 1789 846 et
1807 778 2016 859 moderatio,
2042 782 2146 853 nobis
2159 786 2282 854 omni-

1290 877 1358 946 hus
1374 891 1458 946 nota
1472 888 1536 945 est.
1578 873 1701 968 ltaque
1718 890 1752 947 et
1771 876 1950 949 lllustriss.
1965 878 2134 974 Princeps
2148 901 2283 972 noster,

1291 976 1371 1046 Dux
1394 974 1586 1061 saxoniae,
1616 972 1779 1059 Elector,
1813 980 1913 1050 duxit
1940 1002 2054 1051 essee
2077 980 2218 1075 Repuh.
2240 1001 2284 1058 ut

1291 1072 1360 1146 hoc
1381 1078 1494 1167 gradu
1519 1091 1746 1163 ornarentur,
1772 1092 1806 1151 et
1822 1106 1887 1151 nos
1902 1082 2057 1153 libenter
2071 1082 2283 1159 authoritati

1293 1177 1473 1250 lllustriss.
1490 1176 1669 1269 Principis
1691 1181 1892 1269 paruimus,
1916 1208 1996 1253 eum
2018 1184 2178 1273 ingenia,
2202 1212 2285 1259 mo-

1292 1303 1347 1349 res
1373 1280 1642 1372 doctrinamque
1666 1304 1789 1351 eorum
1811 1284 1849 1353 iu
1869 1308 1995 1375 magna
2009 1288 2177 1359 varietate
2192 1303 2282 1361 tem-

1292 1405 1419 1473 porum
1453 1405 1493 1450 ac
1523 1380 1763 1474 periculorum
1796 1388 2077 1475 cognoverimus.
2134 1388 2281 1462 Etenim

1292 1507 1371 1553 cum
1394 1477 1460 1552 hos
1482 1482 1611 1571 gradus
1634 1483 1737 1553 initio
1763 1489 1973 1559 constitutos
1993 1512 2068 1559 esse
2090 1492 2281 1563 arbitrare-

1293 1608 1385 1664 mur,
1411 1606 1456 1652 ne
1469 1596 1600 1653 temere
1615 1585 1886 1658 admitterentur
1901 1592 1945 1659 ad
1959 1586 2133 1662 Ecclesiae
2147 1595 2281 1663 docen-

1293 1688 1355 1755 das
1369 1685 1435 1755 ulli
1452 1685 1529 1754 sine
1552 1686 1695 1776 publico
1712 1689 1916 1760 testimonio
1930 1693 2134 1783 doctorum,
2158 1718 2197 1764 ac
2212 1692 2281 1765 ho-

1292 1811 1372 1856 rum
1388 1787 1567 1871 virorum,
1592 1809 1658 1855 nos
1673 1811 1814 1882 quoque
1831 1788 1900 1861 hoc
1922 1793 2069 1863 consilio
2084 1795 2279 1867 retinemus

1293 1910 1450 1973 morem,
1475 1900 1509 1956 et
1524 1900 1564 1957 ut
1579 1886 1818 1980 inexploratos
1834 1916 2015 1965 arceamus
2029 1919 2048 1965 a
2063 1896 2192 1967 nostris
2205 1893 2278 1967 Ec-

1292 1989 1424 2073 clesiis,
1448 2001 1621 2081 quantum
1639 1988 1718 2059 fieri
1738 2005 1869 2085 potest,
1895 2010 1928 2067 et
1950 2010 1991 2067 ut
2011 1992 2049 2066 hi
2066 1997 2129 2091 qui
2148 2022 2278 2067 vocan-

1292 2103 1352 2160 tur
1366 2092 1410 2159 ad
1426 2089 1577 2159 docendi
1603 2113 1748 2179 munus,
1774 2089 1929 2167 habeant
1944 2099 2142 2191 quoddam,
2165 2113 2201 2169 et
2216 2123 2280 2170 vo·

1292 2192 1441 2261 cationis
1466 2206 1501 2260 et
1520 2191 1703 2262 doctrinae
1724 2217 1808 2267 suae
1828 2199 2009 2288 publicum
2025 2201 2281 2272 testimonium.

1290 2292 1447 2381 Quando
1462 2305 1578 2362 autem
1590 2317 1748 2387 unquam
1763 2298 1834 2368 fuit
1847 2301 1960 2368 ullum
1974 2300 2011 2369 iu
2019 2296 2177 2371 Ecclesia
2190 2317 2281 2372 tem·

1293 2418 1375 2485 pus,
1401 2417 1482 2463 cum
1498 2388 1583 2463 haec
1598 2394 1782 2485 diligentia
1800 2400 1954 2470 severius
1970 2403 2181 2495 requirenda
2199 2404 2281 2484 suit,

1291 2520 1397 2588 quam
1433 2490 1501 2564 hoc
1534 2495 1675 2565 seculo?
1717 2500 1756 2567 in
1789 2526 1861 2593 quo
1896 2516 2078 2595 postquam
2105 2504 2282 2573 lucescere

1289 2594 1525 2687 Evangelium
1549 2598 1682 2688 coepit,
1706 2600 1868 2671 diabolus
1891 2604 1974 2672 odio
1992 2598 2126 2673 Christi
2148 2605 2281 2694 passim

1291 2699 1396 2767 etiarn
1417 2699 1525 2789 impia
1549 2699 1714 2787 dogmata
1736 2704 1884 2793 spargit,
1910 2717 1944 2773 et
1964 2726 2091 2793 magna
2115 2729 2155 2774 ex
2178 2720 2279 2795 parte

1290 2812 1412 2870 serunt
1424 2797 1628 2869 huiusmodi
1645 2803 1858 2892 perniciosas
1876 2805 2062 2897 opiniones
2084 2807 2219 2876 indocti
2238 2830 2280 2876 ae

1290 2896 1480 2995 neophyti,
1506 2903 1566 2994 qui
1584 2904 1702 2973 nullos
1722 2908 1910 2978 audieruut
1924 2908 2055 2998 peritos
2068 2932 2186 2977 rerum
2204 2909 2280 2999 spi·

1291 3003 1492 3087 ritualium,
1531 3004 1672 3073 nullum
1701 3001 1905 3080 habuerunt
1931 3032 2034 3077 usum
2061 3004 2281 3097 theologica·

1292 3129 1371 3175 rum
1404 3105 1704 3196 disputationum,
1746 3134 1931 3201 nunquam
1965 3110 2281 3181 deliberationibus

1290 3206 1374 3277 ullis
1389 3207 1610 3296 gravioribus
1626 3209 1669 3276 de
1684 3211 1790 3277 tantis
1807 3212 1912 3279 rebus
1933 3211 2191 3295 interfuerunt,
2217 3214 2280 3281 de-

1291 3309 1399 3401 nique
1412 3308 1475 3402 qui
1494 3320 1639 3396 repente
1661 3321 1744 3377 sunt
1759 3307 1926 3378 Cadmaei
1949 3311 2093 3396 fratres,
2116 3337 2204 3405 quos
2218 3337 2280 3382 su-

1291 3411 1365 3480 bito
1387 3422 1539 3479 armatos
1566 3420 1659 3478 terra
1681 3409 1808 3496 edidit,
1842 3413 2004 3480 doctores
2027 3413 2179 3483 existunt
2201 3415 2280 3483 sine

1290 3511 1485 3599 magistris,
1516 3509 1593 3578 sine
1624 3535 1708 3590 usu,
1749 3514 1826 3580 sine
1857 3515 2090 3604 experientia,
2122 3515 2278 3606 denique

1291 3608 1383 3681 nihil
1410 3612 1563 3682 afferunt
1583 3612 1627 3680 ad
1649 3602 1902 3699 ministerium,
1932 3618 2027 3708 quod
2052 3616 2089 3683 in
2114 3617 2216 3683 terris
2241 3629 2279 3687 et

1290 3726 1522 3784 summumst
1545 3714 1879 3805 periculosissimum
1905 3732 1972 3800 est,
2006 3716 2074 3785 nisi
2099 3715 2281 3785 inscitiam

1290 3840 1369 3886 cum
1411 3817 1610 3903 arrogantia
1650 3830 1755 3911 atque
1793 3819 2009 3909 impudentia
2041 3817 2282 3893 coniunctam.

1290 3916 1506 3986 Huiusmodi
1520 3931 1615 3995 sunt,
1640 3918 1702 4009 qui
1717 3920 1844 4009 passim
1862 3921 2009 4009 gignunt
2023 3943 2115 3989 nova
2133 3921 2283 4009 dogma-

1290 4034 1346 4105 ta,
1372 4043 1412 4089 ac
1424 4018 1556 4088 multos
1570 4020 1757 4091 nominare
1771 4045 1918 4110 possem.
1970 4021 2017 4091 At
2032 4020 2165 4091 Paulus
2179 4021 2282 4091 iubet

1290 4122 1473 4213 explorare
1487 4145 1557 4204 eos,
1582 4121 1642 4214 qui
1659 4123 1700 4189 ad
1718 4124 1893 4191 docendas
1908 4119 2083 4192 Ecclesiae
2097 4136 2280 4205 vocantur,¹

1291 4241 1324 4295 et
1346 4218 1575 4293 Timotheum
1600 4223 1705 4290 nohis
1727 4227 1922 4314 praedicat,
1948 4248 2021 4292 non
2044 4225 2161 4293 solum
2181 4224 2280 4317 quod

1291 4325 1446 4396 nutritus
1467 4325 1511 4393 sit
1533 4324 1650 4392 studio
1674 4349 1850 4396 sacrarum
1868 4326 2050 4396 literarum
2067 4327 2151 4393 iude
2166 4348 2280 4417 usque

1291 4452 1309 4496 a
1329 4428 1477 4505 teneris,
1501 4427 1562 4493 sed
1585 4426 1690 4493 etiam
1707 4430 1804 4519 quod
1828 4451 1944 4497 comes
1961 4427 2164 4498 interfuerit
2179 4423 2281 4517 Apo·

1290 4530 1462 4596 stolorum
1478 4526 1741 4610 certaminibus,
1764 4528 1940 4619 periculis,
1967 4528 2282 4619 disputationibus,

1291 4626 1619 4696 deliberationibus.
1672 4624 1779 4699 Hunc
1800 4656 1903 4699 usum
1921 4654 1996 4698 non
2018 4632 2136 4699 minus
2158 4629 2282 4722 requi-

1291 4730 1442 4798 rendum
1473 4750 1616 4809 censeo,
1654 4753 1760 4820 quam
1789 4733 1972 4820 ingenium
2005 4745 2040 4801 et
2069 4731 2282 4805 doctrinam.

1291 4829 1433 4901 Etenim
1448 4829 1476 4896 si
1493 4829 1531 4896 in
1545 4828 1624 4897 aliis
1640 4830 1833 4901 levioribus
1848 4833 1985 4902 artibus
2001 4833 2176 4916 doctriua,
2204 4834 2284 4903 sine

1290 4952 1357 5001 usu
1390 4946 1494 5022 atque
1520 4933 1733 5019 experientia
1756 4957 1831 5001 nou
1856 4935 1941 5003 satis
1972 4948 2081 5019 certa,
2114 4958 2155 5002 ac
2176 4932 2283 5004 firma

1291 5048 1361 5117 est,
1386 5045 1519 5125 quanto
1535 5035 1645 5123 magis
1660 5036 1697 5104 id
1715 5034 1841 5105 accidit
1856 5036 1894 5103 in
1913 5031 1980 5106 hoc
2001 5059 2128 5126 genere
2146 5036 2284 5106 doctri·

1291 5158 1373 5218 nae,
1400 5137 1494 5227 quod
1512 5136 1587 5203 sine
1603 5136 1763 5205 maximis
1778 5140 2029 5208 certaminibus
2050 5138 2152 5207 nullo
2173 5138 2283 5207 modo

1290 5249 1402 5326 potest
1421 5237 1581 5326 intelligi.
1632 5238 1941 5326 Quemadmodum
1958 5254 1991 5310 et
2005 5240 2136 5309 Paulus
2150 5242 2285 5310 fatetur

1288 5360 1325 5406 se
1339 5341 1499 5408 noudum
1516 5353 1710 5409 assecutum
1727 5362 1811 5424 esse,
1836 5342 1897 5410 sed
1912 5334 2047 5411 summa
2064 5343 2177 5412 animi
2194 5366 2285 5412 con-

1288 5440 1445 5510 tentione
1463 5441 1569 5525 eniti,
1596 5455 1634 5511 ut
1649 5458 1866 5536 assequatur,
1893 5446 1953 5513 sed
1971 5457 2090 5514 tamen
2107 5447 2231 5517 videre
2247 5466 2288 5515 se
