4732 6030
60 280 135 355 781
488 348 490 355 ,
532 269 688 349 DECL.
728 271 803 350 DE
836 270 1036 351 DlCTO:
1074 272 1161 348 als
1198 265 1504 348 INTENTUS
1537 295 1622 352 arc.
2022 283 2127 360 782·

63 474 155 531 esse,
190 463 231 520 ut
257 445 372 539 ignari
396 445 641 518 exercitiorum
668 447 772 531 fidei,
804 433 974 518 nesciunt‘
995 469 1054 516 ac·
1104 458 1145 516 ut
1157 436 1415 515 Demosthenes
1429 446 1535 517 dixit:
1562 443 1700 517 Nou‘in
1717 472 1757 519 eo
1773 450 1963 541 periclitari
1982 452 2095 525 Grae-

62 554 315 646 quiesceudum
340 573 412 619 esse
433 548 472 616 in
494 549 578 640 ipsis
600 549 913 640 promissionibus,
938 562 973 618 et
994 572 1053 617 ex·
1105 548 1179 617 ciae
1194 546 1361 631 salutem,
1387 548 1417 614 si
1436 573 1580 617 manum
1599 545 1669 619 huc
1685 552 1739 620 vel
1754 553 1839 623 illuc
1853 558 2009 627 verterit.

60 656 270 746 pectandam
300 673 374 721 esse
399 650 657 739 mitigationem
690 650 885 734 malorum,
924 649 1054 720 fiducia
1208 646 1277 718 Sed
1302 648 1457 736 prolecto
1480 651 1712 739 vituperanda
1738 667 1789 723 cst
1813 658 2013 745 arrogantia
2035 681 2096 727 eo·

61 754 325 824 misericordiae
341 749 409 821 Dei
425 752 463 819 in
480 752 775 842 promissionibus
792 766 962 823 ostensae.
1008 745 1054 820 Et
1105 773 1204 832 rum,
1230 749 1290 840 qui
1303 763 1438 819 tantum
1454 751 1605 839 ingeniis
1619 755 1819 840 confidunt,
1840 769 1883 826 ut
1896 753 2096 827 exhausisse

62 851 204 926 ethnico
227 878 327 923 more
348 853 430 921 satis
447 875 519 920 esse
535 865 681 943 putant,
708 853 737 922 si
754 876 870 921 mores
884 852 1054 921 mediocri
1105 875 1141 920 sc
1173 851 1378 941 sapientiam
1413 852 1617 921 divinorum
1661 855 1835 937 librorum
1876 858 2095 940 existiment,

62 956 249 1047 disciplina
265 968 405 1043 regant,
441 954 584 1023 interim
600 955 705 1023 corda
727 968 807 1024 sunt
825 955 902 1023 sine
925 955 994 1023 fide
1020 966 1055 1023 et
1104 965 1290 1043 postquam
1308 975 1366 1019 eos
1383 953 1438 1021 bis
1456 969 1515 1023 aut
1528 969 1583 1024 ter
1597 957 1832 1045 perlegerunt.

60 1059 165 1150 plena
182 1056 415 1128 dubitatione.
458 1053 698 1143 Quiddicam,
719 1055 1052 1144 intelliguntbonae
1204 1048 1381 1122 Ecclesiae
1416 1056 1575 1124 doctrina
1609 1057 1653 1124 de
1684 1059 1805 1129 multis
1831 1060 1966 1148 magnis
1990 1061 2094 1129 rebus

61 1172 198 1228 mentes
215 1181 289 1226 non
305 1156 453 1226 omnino
471 1157 577 1224 rudes
592 1156 837 1225 exercitiorum
853 1156 945 1226 fidei.
1105 1152 1353 1233 concionatur,
1378 1179 1468 1246 quae
1484 1181 1557 1224 non
1575 1159 1691 1226 subito
1707 1161 1847 1248 penitus
1862 1158 2094 1251 comprehen-
2161 1220 2170 1249 ,

165 1259 222 1329 Ad
240 1254 336 1327 hunc
360 1257 468 1346 igitur
482 1257 588 1324 {inem
614 1257 719 1326 lectio
737 1271 770 1326 et
786 1259 945 1327 doctrina
964 1258 1054 1326 refe·
1105 1257 1142 1323 di
1167 1270 1331 1344 possunt,
1365 1255 1493 1324 deinde
1514 1271 1547 1326 ct
1569 1259 1697 1327 instrui
1717 1276 1850 1331 mentes
1865 1275 2022 1351 oportet,
2048 1264 2093 1331 ad
2170 1250 2226 1304 k-

62 1376 204 1444 rantur,
230 1373 269 1428 ut
292 1359 329 1426 in
353 1358 477 1442 nobis,
503 1382 583 1426 cum
609 1359 849 1428 consolatione
875 1360 1054 1447 erigimur,
1104 1357 1290 1425 refutanda
1304 1356 1389 1425 falsa
1403 1358 1575 1446 dogmata.
1617 1355 1792 1428 Utautem
1807 1384 1903 1431 arma
1920 1364 1956 1430 in
1970 1388 2093 1454 prom-

61 1463 102 1531 in
120 1486 202 1531 vera
223 1459 459 1550 poenitentia,
486 1459 581 1527 etin
598 1459 765 1529 omnibus
784 1460 969 1550 periculis,
996 1483 1054 1529 ac·
1077 1467 1080 1535 l
1103 1471 1166 1547 ptu
1191 1451 1340 1541 habeas,
1372 1480 1512 1527 necesse
1537 1472 1586 1528 est
1610 1459 1831 1531 familiariter
1852 1487 1954 1533 nosse
1977 1488 2092 1534 sacros

62 1566 235 1633 condatur
250 1561 353 1645 fides,
374 1573 409 1628 et
423 1554 637 1630 inchoentur
653 1561 722 1630 vita
741 1574 774 1630 et
789 1561 922 1630 iustitia
941 1573 1053 1630 aeter·
1104 1558 1224 1626 libros.
1282 1557 1466 1629 Praeterea
1489 1559 1700 1631 unicuilibet
1728 1562 1895 1653 privatim
1920 1589 2009 1655 opus
2033 1580 2095 1652 est,

62 1689 128 1748 na,
154 1665 244 1733 sicut
269 1663 530 1753 scriptumest:
555 1659 652 1731 Haec
670 1677 721 1732 est
742 1663 812 1730 vita
830 1675 988 1746 aeterna,
1013 1674 1055 1731 nt
1079 1710 1081 1721 ι
1104 1661 1149 1727 ad
1174 1682 1257 1728 suae
1280 1659 1360 1729 fidei
1384 1661 1710 1746 confirmationem,
1743 1665 1864 1734 crebra
1883 1666 2093 1757 repetitione

62 1778 253 1852 agnoscant
262 1777 296 1833 te
310 1765 425 1831 solum
443 1784 514 1829 esse
526 1786 649 1832 verum
660 1759 795 1842 Deum,
822 1777 969 1855 et’quem
985 1762 1054 1830 rni-
1103 1783 1226 1828 corum
1241 1761 1544 1844 testimoniorum,
1569 1787 1658 1853 quae
1676 1764 1877 1854 planissima
1895 1780 1928 1835 et
1943 1767 2093 1836 maxime

63 1867 137 1936 sisti
159 1864 274 1935 lesum
290 1887 363 1933 esse
378 1858 572 1934 Christum.
1103 1860 1287 1950 perspicua
1308 1875 1402 1930 sunt.
1461 1857 1518 1931 Ad
1542 1855 1628 1930 haec
1648 1865 1765 1932 omnia
1781 1890 1869 1956 opus
1888 1880 1940 1937 est
1955 1868 2095 1936 assidua

164 1963 363 2036 Audivistis
377 1963 642 2034 enarrationem
657 1964 742 2034 dicti
759 1961 918 2034 Paulini:
951 1960 1054 2031 Nunc
1078 1981 1081 2011 ¹
1104 1961 1267 2029 lectione.
1321 1958 1482 2054 Cumque
1499 1977 1634 2032 mentes
1649 1959 1826 2034 humanae
1842 1969 1914 2036 lere
1936 1967 2094 2060 quotidie
2138 1954 2150 1971 ’

61 2090 126 2137 vos
151 2063 322 2137 adhortor
339 2079 373 2135 et
398 2066 554 2134 obtestor
579 2079 722 2155 propter
741 2064 890 2155 gloriam
905 2059 993 2148 Dei,
1020 2077 1055 2132 et
1104 2061 1208 2129 novis
1222 2061 1339 2130 modis
1354 2077 1621 2153 oppugnantur,
1647 2066 1799 2135 subinde
1819 2067 1922 2137 novis
1937 2092 2094 2138 commo-

62 2171 212 2238 salutem
235 2162 431 2250 Ecclesiae,
460 2179 499 2235 ut
520 2160 605 2234 huic
630 2165 753 2234 divino
775 2177 958 2254 praecepto
990 2165 1055 2232 ob-
1103 2161 1362 2231 nesactionibus
1389 2177 1529 2253 pectora
1545 2166 1739 2235 munienda
1755 2183 1847 2239 sunt.
1898 2166 1946 2238 Et
1962 2170 2095 2240 abeunt

62 2269 283 2359 temperetis,
319 2281 352 2336 et
376 2267 413 2334 iu
436 2267 562 2361 studiis
587 2267 711 2336 vestris
737 2258 828 2335 hanc
850 2288 1055 2334 commone·
1105 2263 1219 2334 studia
1236 2263 1273 2330 in
1287 2286 1414 2336 mores.
1468 2263 1586 2353 Quare
1602 2267 1712 2336 animi
1729 2291 1868 2355 conam,
1894 2271 1955 2364 qui
1971 2272 2094 2341 lectio-

63 2371 252 2439 factionem
269 2368 484 2459 sequamini,
511 2381 551 2436 ut
561 2381 595 2436 et
608 2368 729 2457 legatis
743 2367 853 2435 libros
863 2389 995 2449 sacros,
1019 2380 1054 2435 ct
1104 2389 1149 2434 ne
1166 2363 1304 2433 assidua
1328 2366 1538 2451 excitantur,
1565 2370 1676 2456 magis
1690 2369 1883 2439 llectuntur
1904 2374 1948 2441 ad
1963 2373 2094 2462 cogita-

63 2471 148 2538 inde
172 2469 369 2555 doctrinam
386 2469 558 2557 integram
574 2465 757 2537 Ecclesiae
771 2468 935 2551 sumatis,
959 2491 1054 2536 eam·
1103 2465 1235 2537 tionem
1253 2467 1296 2533 dc
1312 2461 1409 2556 Deo,
1435 2467 1525 2535 etad
1542 2469 1701 2538 omnium
1719 2469 1889 2540 virtutum
1910 2471 2034 2541 officia.

65 2596 133 2664 que
149 2593 324 2653 exercere,
352 2570 389 2637 in
406 2570 631 2638 consolandis
644 2570 744 2638 vobis
762 2582 795 2640 ct
809 2568 888 2637 aliis
901 2568 1052 2638 discatis.
1205 2562 1367 2656 Denique
1390 2590 1597 2638 moveamur
1622 2568 1725 2638 Pauli
1744 2570 1857 2656 dicto,
1891 2573 1952 2664 qui
1977 2567 2037 2640 hic
2059 2585 2094 2642 et

166 2670 307 2740 Nullius
328 2671 380 2740 rei
403 2695 505 2753 cura,
537 2670 659 2740 nullus
681 2671 801 2754 labor,
835 2670 873 2738 in
897 2666 962 2738 hac
978 2683 1053 2740 tota
1103 2666 1332 2737 attentionem
1368 2681 1403 2736 et
1426 2669 1665 2739 assiduitatem
1692 2672 1880 2763 praecipit,
1914 2697 1994 2743 cum
2025 2675 2090 2743 ait:

63 2774 135 2842 vita
150 2773 290 2855 utilior,
315 2786 376 2842 aut
394 2774 503 2861 magis
520 2773 734 2840 necessarius
753 2782 820 2854 cst,
846 2795 952 2862 quam
967 2766 1054 2839 haec
1103 2766 1160 2838 Sis
1178 2768 1334 2838 intentus
1350 2768 1503 2839 lectioni.
1554 2765 1602 2841 Et
1618 2771 1704 2841 alibi
1718 2773 1852 2864 inquit:
1879 2771 2004 2844 Sermo
2025 2773 2092 2844 Dei

63 2875 245 2943 doctrinae
259 2874 415 2943 coelestis
426 2872 625 2948 meditatio,
653 2894 743 2960 quae
757 2883 792 2937 et
807 2883 941 2937 certum
952 2894 1053 2957 prae·
1103 2870 1245 2939 abunde
1259 2871 1353 2938 inter
1370 2894 1431 2938 vos
1448 2867 1603 2955 habitet,
1626 2885 1661 2942 ct
1674 2874 1775 2941 vobis
1789 2873 1975 2944 familiaris
1994 2876 2051 2947 sit.

63 2976 193 3044 sidium
213 2989 265 3044 est
287 2975 379 3043 vitae
396 2971 606 3060 praesentis,
632 2982 667 3037 et
681 2969 798 3037 aditus
814 2981 866 3036 est
882 2970 926 3036 ad
941 2983 1053 3039 aetec-
1204 2967 1323 3038 Huius
1338 2970 1423 3038 anni
1438 2971 1652 3043 calamitates
1668 2973 1772 3042 etiam
1787 2998 1852 3044 nos
1867 2977 2092 3058 admoneant,

62 3100 146 3144 nam
169 3077 337 3150 salutem,
365 3084 403 3139 ut
415 3069 546 3138 Paulus
563 3069 695 3160 inquit,
728 3065 962 3156 Evangelium
981 3092 1053 3138 esse
1102 3081 1143 3137 ut
1158 3068 1196 3135 in
1209 3071 1320 3139 totius
1336 3072 1427 3139 vitae
1442 3072 1717 3158 gubernatione,
1743 3090 1778 3147 et
1791 3076 1831 3144 in
1849 3074 1966 3159 officio
1982 3077 2092 3145 simus

61 3176 256 3268 potentiam
272 3173 340 3244 Dei
363 3171 408 3238 ad
430 3170 577 3241 salutem
592 3169 689 3236 omni
708 3171 874 3240 credenti.
1103 3169 1356 3258 diligentiores.
1407 3169 1517 3262 Saepe
1533 3169 1601 3242 hoc
1615 3197 1708 3242 anno
1727 3176 1771 3242 ad
1790 3198 1884 3244 aram
1901 3171 2092 3270 lachrymis

166 3274 237 3344 Sed
250 3273 518 3363 patrocinantur
531 3270 641 3362 aliqui
655 3293 737 3338 suae
750 3270 929 3359 ignaviae,
948 3283 982 3341 et
997 3294 1053 3340 sa·
1103 3283 1137 3340 et
1160 3271 1321 3360 precihus
1346 3295 1465 3361 pacem
1488 3273 1694 3362 petivimus,
1733 3287 1768 3344 et
1792 3276 1965 3366 mitigavit
1995 3277 2091 3347 Deus

59 3379 109 3450 tis
133 3397 207 3444 esse
231 3375 373 3456 dicunt,
404 3373 510 3440 semel
532 3385 636 3464 atque
661 3372 788 3441 iterum
807 3371 920 3461 legere
936 3394 1053 3441 sacros
1103 3393 1244 3462 poenas.
1296 3369 1368 3441 Sed
1392 3373 1458 3441 erit
1479 3374 1679 3443 durabilior
1693 3398 1780 3465 pax,
1803 3377 1833 3444 si
1847 3401 1963 3448 mores
1978 3379 2091 3448 nostri

60 3480 192 3560 libros,
232 3476 369 3565 saepius
398 3475 518 3541 eadem
549 3474 721 3562 relegere,
761 3473 876 3542 videri
908 3473 1052 3543 inanem
1103 3483 1207 3541 erunt
1224 3473 1471 3558 modestiores,
1497 3488 1531 3544 et
1553 3475 1583 3543 si
1603 3468 2091 3568 cogitationddoctrinaepe-

63 3572 422 3673 (lascoloyiow'esse.
1103 3585 1198 3641 ctora
1226 3586 1347 3641 nostra
1381 3574 1423 3641 ad
1460 3575 1660 3644 ardentiora
1695 3590 1776 3645 vota
1806 3577 2090 3651 exuscitabimus.

166 3677 308 3749 Utinam
328 3674 432 3744 multi
447 3673 519 3745 sint
538 3675 599 3767 qui
615 3674 722 3742 semel
737 3685 841 3765 atque
857 3672 985 3741 iterum
1003 3672 1052 3740 ita
1102 3671 1323 3758 Languidior
1344 3685 1396 3741 est
1417 3675 1512 3741 enim
1529 3674 1645 3742 omnis
1660 3677 1834 3765 precatio,
1866 3677 1943 3747 sine
1958 3680 2091 3749 doctri-

64 3779 181 3868 legaut
207 3801 329 3847 omnes
367 3777 477 3845 libros
506 3770 731 3866 propheticos
758 3787 793 3843 et
821 3773 1053 3862 apostolicos,
1104 3796 1169 3840 nae
1187 3772 1408 3860 cogitatione.
1459 3769 1648 3857 Econtra,
1671 3775 1700 3843 si
1717 3789 1777 3844 aut
1792 3775 1883 3847 ebrii
1899 3779 2092 3870 voluptati-

64 3894 105 3950 ut
119 3904 255 3965 veram,
281 3878 456 3961 nativam,
480 3889 515 3945 et
530 3878 769 3962 incorruptam
791 3874 998 3943 sententiam
1015 3874 1054 3941 in
1102 3874 1188 3955 bus,
1214 3886 1275 3943 aut
1292 3875 1451 3961 occupati
1474 3875 1646 3959 avaricia,
1678 3875 1895 3966 negligemus
1911 3881 2092 3950 doctrinae

63 3980 151 4051 locis
175 3978 372 4073 praecipuis
404 3991 437 4048 et
458 3977 685 4068 dogmatibus
705 3988 848 4046 teneant
872 3987 907 4044 et
926 3977 1054 4045 memi-
1104 3973 1239 4053 studia,
1260 3973 1390 4041 accidet
1404 3969 1596 4059 nobishoc,
1618 3976 1712 4067 quod
1730 3977 1767 4044 in
1782 3978 1980 4050 tristissima
1995 4006 2093 4050 com-

63 4085 197 4152 nerint.
960 4129 968 4146 .
1104 4073 1302 4143 minatione
1325 4077 1418 4162 apud
1441 4073 1593 4144 Hoseam
1613 4078 1831 4165 praedictum
1850 4093 1917 4150 est:
1944 4080 2040 4170 Quia
2053 4097 2093 4154 tu

168 4177 222 4249 Ne
253 4199 316 4266 ego
349 4180 490 4271 quidem
522 4176 666 4270 requiro
700 4178 939 4267 scrupulosam
970 4177 1055 4245 dili·
1104 4174 1286 4245 scientiam
1318 4176 1499 4264 repulisti,
1530 4178 1699 4268 repellam
1731 4192 1785 4264 te,
1818 4204 1864 4250 ne
1897 4184 2092 4255 sacerdotio

64 4282 219 4374 gentiam
242 4279 282 4348 in
301 4280 447 4351 minutis
468 4281 590 4364 rebus,
623 4279 699 4347 sine
723 4279 853 4370 quibus
881 4279 1055 4348 certitudo
1104 4271 1377 4365 iungarismihi.
1448 4357 1455 4364 ἱ

64 4387 290 4473 dogmatum,
315 4403 377 4450 scu
389 4381 617 4450 articulorum
633 4379 732 4460 fidei,
759 4372 913 4472 conspici
939 4393 1056 4449 tamen
1208 4372 1343 4447 Omnia
1366 4378 1458 4447 bella
1480 4377 1681 4468 impediunt
1703 4381 1884 4450 literarum
1901 4385 2036 4471 studia,
2061 4397 2096 4454 et

63 4494 200 4578 potest,
226 4483 272 4550 sit
286 4480 381 4548 enim
396 4482 571 4550 enarratio
586 4482 731 4570 analoga
747 4481 848 4565 fidei,
874 4497 912 4552 ut
924 4479 1057 4551 Paulus
1105 4479 1240 4551 iaciunt
1263 4479 1509 4572 squallidiores
1530 4474 1723 4568 Ecclesias,
1757 4497 1797 4555 ut
1812 4483 1919 4555 unius
1934 4487 2021 4556 anni
2036 4510 2095 4556 ca·

63 4585 203 4678 inquit,
229 4596 264 4653 et
281 4578 373 4651 hanc
396 4603 558 4651 normam
574 4581 770 4666 intuentes,
804 4582 1055 4674 proprietatem
1106 4582 1245 4651 lamitas
1259 4581 1426 4654 ostendit.
1760 4642 1764 4647 ,

66 4685 241 4757 sermonis
251 4680 409 4752 adhibita
425 4683 647 4764 dexteritate,
669 4705 873 4775 sequamur,
900 4698 934 4754 et
947 4684 1057 4753 assint
1209 4680 1352 4770 Quanta
1378 4692 1496 4751 autem
1519 4679 1673 4752 solitudo
1695 4678 1949 4769 Ecclesiamm,
1982 4710 2096 4779 quan·

64 4811 167 4859 amor
196 4784 371 4864 veritatis,
407 4796 442 4854 et
470 4784 622 4864 candor,
655 4804 720 4850 nec
751 4800 934 4875 propterea
966 4799 1057 4854 totas
1107 4797 1162 4855 tae
1178 4786 1343 4854 tenebrae
1359 4795 1541 4852 secuturae
1557 4797 1694 4868 essent,
1719 4784 1766 4867 si,
1792 4785 1888 4876 quod
1904 4781 2000 4855 Deus
2024 4788 2097 4858 cle-

66 4889 256 4960 conciones
279 4880 536 4975 Prophetarum
561 4882 784 4974 abiiciamus,
818 4887 923 4956 etiam
943 4886 1058 4956 sicubi
1106 4898 1245 4954 menter
1271 4896 1424 4969 avertat,
1456 4904 1579 4954 rursus
1598 4884 1636 4961 in
1661 4879 1717 4955 his
1738 4885 1941 4974 regionibus
1962 4888 2097 4959 bellum
2219 4919 2228 4932 ·

67 4988 301 5060 Grammatici
317 4986 594 5078 unamaliquam
610 5007 731 5051 vocem
749 5007 824 5053 non
840 4981 1057 5057 eodem'mo-
1107 4987 1364 5055 incenderetur.
1392 5021 1393 5025 ¹

67 5092 114 5161 do
133 5092 427 5180 interpretantur,
454 5110 604 5180 quarum
627 5085 906 5175 disputationum
923 5090 1057 5158 diiudi-
1208 5085 1288 5157 Non
1305 5087 1507 5157 dubitemus
1521 5084 1658 5170 autem,
1678 5085 1783 5156 nobis
1797 5099 1831 5157 et
1839 5090 2020 5159 communi
2028 5086 2099 5160 Ec·

66 5193 158 5263 catio
184 5215 286 5282 saepe
309 5192 421 5260 facilis
443 5203 495 5259 est
520 5190 639 5258 dextre
656 5186 905 5257 iudicantibus.
956 5186 1004 5259 Et
1018 5204 1058 5259 ut
1107 5189 1241 5271 clasiae,
1266 5189 1415 5277 gemitus
1429 5201 1587 5271 nostros,
1608 5183 1822 5281 lachrymas,
1847 5203 1947 5276 vota,
1973 5206 2006 5262 et
2021 5215 2098 5260 cae·
2211 5177 2212 5180 ¹

65 5295 138 5364 sint
155 5318 263 5385 pauca
283 5294 453 5386 quaedam
470 5289 641 5359 vocabula
657 5287 785 5358 veteris
801 5289 958 5378 linguae,
984 5315 1056 5360 nou
1108 5303 1182 5358 tera
1200 5291 1256 5381 pia
1273 5290 1409 5371 officia,
1435 5291 1480 5358 ad
1496 5312 1617 5380 pacem
1633 5291 1725 5358 etad
1742 5290 1809 5359 alia
1819 5285 1885 5359 Dei
1903 5292 1996 5360 dona
2014 5292 2099 5359 reti·

65 5397 149 5468 satis
172 5409 274 5481 nota,
299 5396 337 5465 io
363 5391 418 5464 his
436 5417 507 5464 non
525 5391 741 5484 periclitatur
759 5390 853 5463 salus
870 5387 1058 5479 Ecclesiae,
1106 5393 1241 5477 nenda,
1272 5391 1457 5484 profutura
1487 5413 1574 5461 esse.
1632 5388 1692 5462 Sic
1725 5391 1820 5461 enim
1845 5391 1962 5485 iuquit
1986 5388 2099 5461 Deus:
