4732 6030
174 342 248 416 415
897 322 1059 404 aaut.
1089 323 1166 401 DE
1198 319 1489 401 PLATONE.
2129 322 2230 413 415'

172 513 368 587 accederet:
394 514 494 574 erant
507 498 603 568 enirn
620 499 720 568 domi
737 513 834 570 ortae
851 499 947 571 inter
967 498 1060 572 cives
1078 524 1161 592 per·
1212 510 1262 567 est
1277 494 1450 581 Socrates,
1474 495 1537 591 qui
1552 494 1618 566 ait:
1645 495 1691 569 Sc
1707 496 1824 588 pridie
1834 523 1939 592 qnam
1949 505 1994 572 ad
2011 505 2129 597 ipsum
2145 535 2207 582 vc·

172 616 327 687 niciosae
342 603 587 677 dissensiones.
638 598 713 670 Has
728 615 844 672 secuta
862 615 914 670 est
934 602 1049 673 clades
1064 603 1162 687 foris,
1211 600 1320 669 nisset
1334 597 1452 683 Plato,
1478 600 1689 684 sumniam,
1714 622 1867 693 cydnum
1884 627 1920 672 ⁵²
1943 605 1980 674 5¹¹
1997 611 2132 697 ἔΐθῐῐῐῑθ
2153 629 2207 685 ἲθ·

174 719 239 790 ubi
262 739 283 783 a
304 707 489 803 Lysandro
519 703 604 773 victi
635 716 719 773 sunt
748 699 999 790 Athenienses3
1032 704 1162 772 deinde
1211 725 1314 785 nere,
1339 701 1401 794 qui
1426 700 1556 769 deinde
1580 703 1725 770 evolans
1750 702 1788 770 in
1816 703 1948 791 altum,
1982 713 2208 787 dulcissimos

173 830 273 909 capta
286 811 431 893 civitas,
464 829 536 898 quo
551 827 646 875 anno
659 803 759 875 Plato
776 805 844 875 tuit
860 818 964 876 natus
978 828 1093 876 annos
1106 805 1162 873 vi·
1211 815 1333 872 cantus
1359 802 1522 875 ediderit.
1572 798 1678 872 Hunc
1700 825 1854 896 cygnum
1879 807 1930 876 ait
1953 808 2099 884 Graecis
2122 815 2208 888 Pla·

143 917 262 1011 ·3infi
286 927 369 984 cres,
427 907 534 978 Tunc
552 906 666 998 patria
687 907 781 977 tristi
802 908 976 978 servitute
996 929 1163 999 oppressa
1211 917 1331 974 tonem
1353 903 1512 973 futurum
1534 926 1618 973 esse.
1675 902 1767 974 Cum
1792 906 1902 995 igitur
1928 909 2111 985 Socratem
2139 920 2208 989 ali·

172 1009 494 1091 „Lacedaemoniis
516 1020 553 1077 et
571 1031 591 1076 a
611 1007 757 1098 triginta
770 1009 941 1104 tyrannis,
966 1007 1068 1079 Plato
1083 1032 1161 1078 cum
1211 1005 1371 1099 quandiu
1388 1005 1561 1083 audisset,
1588 1029 1652 1073 nec
1670 1020 1858 1079 contentus
1880 1028 1971 1082 esset
1994 1015 2068 1085 illis
2089 1043 2206 1111 popu·

173 1118 319 1191 haberet
336 1112 518 1203 ingenium
537 1106 733 1181 abhorrens
750 1135 768 1180 a
785 1111 949 1180 civilibus
967 1109 1164 1190 discordiis,
1212 1107 1346 1176 laribus
1360 1106 1659 1198 disputationibus
1671 1108 1717 1175 de
1731 1107 1803 1180 vita
1820 1122 1855 1180 et
1871 1115 2043 1196 moribus,
2067 1122 2125 1188 sed
2140 1125 2207 1191 ad-

174 1239 207 1294 et
221 1222 266 1290 ah
282 1217 409 1298 armis,
435 1229 469 1282 et
482 1211 664 1280 doctrinae
681 1234 819 1294 amans,
842 1213 1077 1281 secedendum
1092 1210 1162 1280 sibi
1212 1209 1427 1297 iungendam
1446 1230 1519 1274 esse
1538 1222 1695 1279 censeret
1712 1210 1910 1281 docuinam
1933 1216 1978 1284 de
2001 1242 2117 1290 rernm
2138 1248 2204 1294 na-

173 1347 248 1394 esse
263 1319 385 1401 duxit,
411 1315 493 1407 quia
518 1335 633 1404 neque
648 1336 751 1403 opem
769 1314 906 1382 adferre
920 1313 1037 1384 ruenti
1054 1314 1164 1382 etde-
1212 1324 1311 1391 turo,
1338 1309 1461 1400 petivit
1478 1307 1698 1402 Aegyptum,
1724 1304 1918 1406 habuitque
1938 1320 2084 1390 comites
2105 1347 2204 1414 pere-

173 1422 334 1515 flagranti
368 1417 500 1509 patriae
523 1426 676 1505 poterat,
713 1436 828 1506 neque
851 1416 889 1482 in
919 1427 990 1484 tarn
1017 1413 1165 1482 immani
1212 1409 1422 1502 grinationis
1437 1406 1627 1479 Eudoxum
1653 1424 1686 1480 et
1703 1409 1851 1482 Portam
1866 1411 2090 1510 Euripidem.
2131 1424 2202 1495 Nec

174 1525 319 1598 saevitia
343 1518 488 1607 triginta
511 1529 746 1607 tyrannorum
768 1529 803 1584 et
827 1516 978 1585 assiduis
1001 1513 1164 1586 tumulti·
1213 1537 1298 1581 vero
1321 1512 1466 1591 dubito,
1500 1511 1589 1604 quin
1611 1512 1786 1585 divinitus
1808 1509 1895 1585 haec
1921 1521 2132 1610 acciderint,
2164 1540 2206 1597 ut

174 1631 259 1711 bus,
283 1626 425 1692 futnrus
441 1631 515 1686 erat
529 1618 566 1683 in
586 1630 675 1686 tuto.
715 1613 855 1686 Dicitur
869 1631 985 1686 tamen
1006 1632 1087 1687 ante
1103 1641 1165 1709 pa·
1214 1610 1280 1683 hoc
1294 1615 1402 1682 modo
1419 1612 1523 1682 latius
1540 1628 1792 1703 propagaretur
1805 1631 1904 1689 vetus
1919 1635 1952 1691 et
1969 1627 2105 1696 erudita
2116 1622 2204 1695 Phi-

174 1731 263 1802 triae
279 1722 466 1798 excidium,
493 1732 526 1786 et
542 1731 623 1786 ante
638 1716 757 1787 civiles
773 1717 966 1787 discordias
980 1719 1164 1788 militasse:
1213 1709 1375 1806 losophia
1389 1717 1433 1783 de
1448 1715 1606 1784 motibus
1621 1715 1840 1790 coelestibus.
1895 1715 1973 1790 Etsi
1991 1725 2086 1793 enim
2104 1724 2205 1797 Tha—

175 1833 236 1900 ,ed
266 1827 349 1918 quia
384 1823 489 1891 breve
519 1819 731 1912 tyrocinium
763 1819 851 1903 fuit,
891 1843 1167 1889 commemorare
1213 1818 1265 1886 les
1279 1832 1378 1886 antea
1392 1815 1601 1905 particulam
1617 1817 1794 1909 quandam
1809 1818 1883 1888 eius
1896 1822 2201 1897 doctriuaeGrae-

175 1929 269 2002 „ihil
286 1946 375 2018 opus
392 1934 453 1992 est.
480 1918 524 1988 ln
540 1943 672 1988 secessu
688 1918 824 1989 audivit
838 1914 1024 1991 Euclidem
1043 1920 1166 2010 Mega·
1214 1919 1263 1987 cis
1283 1918 1494 1997 tradiderat,
1532 1928 1650 1986 tamen
1678 1912 1765 1987 haec
1787 1943 1910 1992 rursus
1940 1926 2091 1997 extincta
2114 1944 2201 2002 erat.

175 2035 236 2114 ris,
264 2051 344 2099 eum
359 2024 504 2115 opinor,
529 2021 629 2091 cuius
645 2017 850 2091 Geometria
870 2036 975 2093 extat.
1026 2020 1166 2093 Deinde
1215 2018 1335 2108 Quare
1361 2018 1494 2110 optime
1511 2018 1630 2087 meriti
1654 2033 1737 2090 sunt
1752 2018 1853 2092 Plato
1878 2020 2116 2114 etEudoxus,
2141 2031 2205 2123 qui

176 2159 256 2205 cnm
281 2155 322 2200 ρο
343 2140 500 2215 tempore
522 2122 560 2190 in
576 2121 677 2192 ltalia
699 2122 841 2193 floreret
856 2125 1017 2195 doctrina
1035 2118 1167 2218 Pytha·
1215 2145 1292 2191 eam
1308 2144 1382 2189 non
1397 2121 1502 2189 modo
1520 2143 1560 2187 ex
1577 2115 1736 2214 Aegypto
1753 2122 1791 2190 in
1802 2119 1988 2196 Graeciam
2005 2154 2127 2201 rursus
2140 2134 2204 2201 ad-

176 2254 383 2326 goreorum,
407 2241 442 2295 ct
456 2247 582 2313 magna
598 2224 636 2292 in
652 2225 885 2294 admiratione
899 2239 987 2296 esset
1003 2220 1167 2295 Architas
1214 2235 1405 2307 rexerunt,
1431 2222 1492 2290 sed
1516 2221 1622 2290 etiam
1643 2235 1683 2292 ut
1705 2241 1958 2314 propagarent,
1983 2232 2204 2304 auditoribus

122 2372 124 2377 ·
175 2333 415 2414 Tarentinus,
446 2326 625 2413 navigavit
645 2325 683 2393 in
704 2322 863 2412 ltaliam,
895 2327 957 2395 ubi
980 2323 1166 2397 Architam
1214 2325 1449 2396 tradiderunt.
1502 2318 1672 2392 Eudoxus
1689 2348 1773 2394 vero
1787 2324 1931 2421 reliquit
1945 2332 2050 2400 etiam
2067 2336 2204 2404 tabulas

176 2453 214 2509 e,
234 2435 422 2504 Timaeum
444 2425 601 2515 audivit,
633 2427 856 2498 denaturae
887 2428 999 2497 initiis
1028 2443 1061 2499 et
1087 2429 1166 2519 opi·
1215 2438 1376 2495 motuum
1403 2425 1545 2494 stanni
1572 2424 1846 2502 ordinationem.
1888 2427 1939 2500 lta
1953 2433 2098 2503 excitata
2117 2430 2203 2505 haec

174 2538 275 2620 licio,
302 2547 336 2602 et
362 2530 430 2600 alia
455 2528 626 2622 quaedam
646 2521 795 2622 Physica
816 2529 1051 2620 disputantes:
1078 2553 1167 2621 qnae
1215 2526 1395 2610 doctrina,
1427 2527 1491 2596 diu
1518 2522 1737 2596 Graecorum
1759 2528 1884 2599 studiis
1911 2549 2114 2604 conservata
2141 2550 2204 2619 est,

176 2638 294 2734 qualia
308 2631 461 2713 fuerint,
487 2652 527 2696 ex
543 2629 637 2698 libro
654 2652 758 2720 quem
777 2629 955 2721 inscripsit
970 2630 1167 2715 Timaeum,
1216 2630 1315 2699 cuius
1335 2626 1541 2716 dignitatem
1557 2641 1662 2721 atque
1676 2629 1874 2714 utilitatem,
1898 2633 1940 2717 si,
1967 2647 2006 2704 ut
2024 2638 2203 2721 debemus,

176 2735 355 2810 aestimari
392 2738 524 2824 potest3
556 2744 641 2800 sunt
674 2729 768 2797 enim
802 2734 973 2823 quaedam
1001 2727 1167 2826 Physices
1215 2729 1501 2818 magnifacimus,
1523 2723 1579 2798 his
1603 2728 1727 2820 primis
1749 2733 1931 2801 autoribus
1953 2738 2111 2825 profecto
2135 2732 2202 2808 ha-

177 2841 299 2922 initia,
324 2837 368 2904 de
390 2846 472 2904 ortu
494 2830 640 2915 mundi,
665 2832 710 2900 de
732 2833 867 2923 duplici
892 2847 992 2904 motu
1014 2833 1168 2918 coelesti,
1215 2834 1332 2903 benda
1358 2843 1411 2901 est
1436 2829 1557 2920 gratia.
1609 2830 1725 2922 Digna
1751 2846 1802 2903 est
1828 2832 1933 2903 etiam
1966 2836 2202 2908 admiratione

177 2943 240 3036 qui
262 2937 386 3021 efficit,
418 2948 458 3005 ut
481 2933 555 3025 ipse
583 2933 719 3025 inquit,
755 2933 894 3004 literam
914 2932 949 3003 X
972 2936 1018 3004 de
1041 2935 1167 3004 ordine
1216 2957 1340 3003 corum
1354 2932 1482 3016 virtus,
1507 2932 1602 3024 quod
1618 2955 1693 3002 non
1708 2932 1958 3007 dubitaverunt
1971 2951 2040 3007 tam
2056 2940 2203 3029 longin-

177 3044 425 3121 planetarum,
457 3038 501 3104 de
524 3035 613 3103 serie
635 3035 911 3122 elementorum,
945 3038 989 3106 de
1013 3031 1168 3107 hominis
1217 3058 1304 3130 quas
1327 3034 1624 3126 peregrinationes
1648 3056 1777 3124 magno
1805 3059 1885 3104 cum
1908 3038 2027 3108 labore
2048 3053 2083 3110 et
2106 3043 2202 3132 peri-

180 3140 417 3234 generatione,
443 3138 625 3204 denatura
642 3131 845 3217 humorum,
865 3141 909 3206 de
926 3133 1075 3207 humani
1089 3162 1169 3207 cor·
1217 3138 1297 3233 pulo
1312 3136 1499 3226 suscipere,
1524 3129 1916 3227 veritatis'qnaerendae
1931 3162 2044 3213 causa.
2086 3139 2201 3229 Quam

180 3242 278 3335 poris
292 3237 476 3318 membris,
502 3237 546 3302 de
560 3235 690 3319 anima,
717 3239 760 3306 de
776 3236 853 3307 Deo
870 3240 993 3330 opifice
1010 3255 1168 3312 naturae.
1218 3262 1314 3309 acres
1338 3239 1375 3305 in
1392 3237 1538 3304 illorum
1553 3236 1682 3306 animis
1704 3237 1861 3318 stimuli,
1888 3241 2005 3332 qualis
2025 3237 2206 3313 enthusia-

179 3343 277 3415 Haec
297 3337 453 3408 breviter
472 3334 511 3401 in
528 3333 677 3403 Timaeo
699 3338 900 3427 complexus
925 3354 996 3424 est,
1019 3342 1083 3409 ubi
1104 3340 1168 3409 etsi
1218 3362 1314 3409 smus
1334 3338 1402 3407 luit
1424 3340 1469 3407 ad
1486 3339 1743 3427 investigandas
1765 3361 1819 3408 res
1839 3341 2042 3428 cognitione
2059 3343 2209 3433 dignas?

178 3459 264 3519 sunt
279 3440 452 3535 quaedam
473 3435 669 3524 aenigmata
692 3433 929 3523 arithmetica,
951 3453 1067 3508 tamen
1084 3440 1168 3508 reli·
1218 3440 1292 3510 Nos
1315 3452 1436 3508 contra
1451 3441 1584 3530 pudeat
1601 3452 1740 3509 nostrae
1756 3440 1928 3529 ignaviae,
1955 3445 2019 3536 qui
2034 3446 2208 3517 divinitus

180 3538 407 3642 quaPhysica
424 3537 555 3608 iudicat
568 3534 727 3608 Galenus
738 3537 784 3608 ab
800 3536 1016 3631 Hippocrate
1029 3554 1169 3632 sumpta
1219 3544 1385 3625 donatas,
1409 3554 1443 3611 et
1467 3565 1594 3630 magno
1614 3540 1735 3611 labore
1759 3555 1915 3633 repertas
1944 3559 2036 3616 artes
2057 3548 2208 3636 negligi-

179 3672 272 3727 esse,
299 3656 334 3713 et
349 3638 416 3711 hae
430 3640 687 3730 disputationes
702 3642 796 3732 apud
814 3639 997 3712 Platonem
1021 3637 1168 3713 inchoa-
1218 3666 1317 3728 mus,
1342 3657 1376 3713 et
1394 3643 1538 3713 interire
1554 3643 1716 3714 sinimus.
1766 3639 2066 3734 Excitemurergo
2082 3645 2205 3718 Plato-

179 3765 235 3821 ηρ
251 3745 362 3835 magis
376 3755 459 3812 sunt
471 3766 578 3835 quam
595 3742 793 3812 absolutae:
820 3767 904 3812 nam
924 3767 989 3813 nec
1007 3759 1168 3826 motuum
1219 3745 1276 3813 nis
1293 3744 1465 3835 exemplo,
1486 3744 1653 3835 primum,
1673 3758 1714 3815 ut
1727 3758 1818 3815 artes
1834 3740 1996 3818 honestas
2012 3770 2092 3817 vere
2105 3772 2206 3818 ame-

180 3848 383 3923 coelestium
408 3844 498 3915 ratio
520 3842 731 3934 explicatur,
757 3841 1025 3916 nccAnatomia
1041 3860 1092 3917 est
1111 3847 1168 3914 in·
1220 3870 1315 3929 mus,
1340 3861 1373 3914 et
1395 3844 1550 3936 pericula
1576 3847 1784 3939 laboresque
1805 3849 1850 3915 ad
1873 3851 2204 3940 eascomparandas

180 3969 289 4044 tegra.
327 3947 398 4020 Sed
413 3945 514 4016 initia
529 3959 646 4014 tamen
660 3946 787 4031 laudo,
811 3960 846 4019 et
861 3941 929 4017 hoc
945 3960 1056 4037 genus
1070 3943 1168 4043 Phy·
1219 3948 1395 4038 suscipere
1416 3971 1490 4015 non
1511 3970 1727 4017 recusemus:
1760 3948 1890 4018 deinde
1910 3948 2096 4021 consilium
2120 3949 2205 4019 imi-

58 4104 67 4112 ·
179 4057 268 4127 sices
287 4051 375 4122 utile
404 4071 476 4116 esse
500 4068 642 4130 censeo,
680 4049 776 4139 quod
803 4043 995 4119 humorum
1024 4063 1168 4120 naturas
1220 4064 1347 4122 temur.
1400 4047 1666 4147 Adiungamus,
1699 4062 1739 4120 ut
1758 4051 1833 4141 ipse
1857 4051 1956 4135 fecit,
1987 4053 2032 4121 ad
2052 4053 2207 4124 morales

152 4171 214 4226 'set
248 4153 406 4223 membra
437 4144 584 4215 humani
620 4148 777 4237 corporis
809 4150 988 4224 describit.
1045 4149 1169 4245 ltaque
1220 4151 1491 4243 disputationes,
1517 4151 1614 4219 illam
1634 4174 1796 4219 arcanam
1810 4152 1855 4221 dc
1876 4152 2033 4225 motibus
2047 4154 2208 4224 coelesti-

182 4279 283 4343 saepe
305 4250 465 4320 Galenus
487 4246 685 4316 Platonicae
703 4249 957 4338 descriptiones
978 4266 1169 4322 mutuatur·
1220 4255 1287 4324 bus
1303 4253 1512 4325 doctrinam.
1564 4250 1617 4320 Ac
1630 4251 1750 4320 videre
1763 4254 1807 4321 ad
1824 4277 1929 4346 quem
1947 4255 2053 4324 linem
2069 4250 2133 4326 has
2146 4279 2207 4324 ar·

182 4361 224 4426 ln
242 4353 341 4422 ltalia
364 4372 447 4417 vero
471 4346 643 4437 tantisper
664 4341 795 4431 haesit,
819 4351 931 4419 donec
946 4353 1094 4442 patriam
1112 4377 1168 4421 re·
1221 4368 1273 4425 tes
1305 4353 1520 4445 expetiverit.
1579 4350 1757 4423 Utilitates
1782 4356 1942 4445 publicas
1969 4356 2044 4447 ipse
2072 4356 2207 4446 colligit

183 4466 329 4547 cuperat
351 4446 614 4542 Thrasybulus,
648 4462 682 4516 et
696 4445 823 4518 Conon
844 4451 1022 4521 adflictam
1048 4477 1170 4523 rursus
1220 4457 1368 4526 alicubi:
1397 4451 1501 4545 Opus
1517 4477 1590 4522 esse
1605 4453 1643 4522 in
1660 4448 1727 4524 hac
1741 4454 1840 4525 civili
1855 4456 1926 4532 vita
1941 4470 2139 4550 temporum
2153 4481 2206 4528 se·

182 4558 311 4640 erexit,
334 4572 500 4621 concussa
517 4548 673 4638 potentia
687 4547 1059 4626 Lacedaemoniorum.
1096 4553 1170 4626 Re·
1221 4559 1272 4627 rie
1298 4571 1333 4628 et
1361 4558 1448 4625 anni
1472 4555 1727 4646 descriptione,
1764 4559 1825 4627 scd
1848 4559 2034 4649 proprium
2057 4550 2233 4630 discenti*

182 4681 305 4730 versus
344 4654 453 4745 igitur
487 4650 608 4736 Plato,
656 4653 780 4724 audire
818 4653 998 4726 Socratem
1039 4658 1171 4747 coepit,
1220 4659 1327 4726 tinem
1345 4653 1439 4729 hunc
1460 4657 1659 4741 constitnit,
1684 4671 1724 4728 ut
1738 4659 1959 4748 investigatio
1980 4675 2125 4731 naturae
2139 4663 2210 4731 du-

182 4775 323 4853 captus,
370 4772 409 4826 ut
442 4757 601 4839 videtur,
641 4757 715 4825 eins
748 4758 970 4828 sermonibus
1004 4758 1171 4849 politicis.
1222 4772 1276 4831 cat
1299 4783 1366 4828 nos
1391 4761 1436 4828 ad
1457 4758 1674 4848 agnitionem
1690 4757 1776 4845 Dei,
1803 4776 1836 4830 et
1858 4764 2021 4839 ostendat
2044 4756 2210 4833 humanis

183 4862 332 4931 Viderat
346 4858 440 4928 enirn
460 4856 620 4942 Socrates
640 4852 831 4928 horribiles
846 4859 1059 4930 mutationes
1076 4858 1171 4932 Atti·
1221 4860 1399 4932 mentibus
1422 4860 1577 4930 inditum
1600 4885 1672 4930 esse
1692 4862 1814 4932 ltlmen
1828 4864 2007 4954 quoddam
2024 4865 2211 4947 divinitus,

182 4990 242 5034 cae
267 4962 437 5044 civitatis,
468 4984 557 5052 qnae
582 4954 763 5028 bominem
785 4960 1006 5050 ingeniosum
1023 4977 1058 5034 et
1075 4964 1173 5052 cogi·
1222 4989 1293 5058 quo
1309 4963 1379 5033 vita
1399 4976 1559 5053 regatur,
1591 4979 1632 5034 ut
1646 4961 1723 5032 Deo
1740 4963 1900 5050 obediat,
1935 4979 1969 5034 et
1989 4989 2112 5035 eorum
2128 4965 2210 5034 ani-

183 5081 315 5137 tantem
341 5065 384 5131 de
406 5056 591 5129 hominum
619 5063 798 5142 moribus,
831 5065 928 5131 etde
950 5063 1172 5134 mirabilibus
1223 5090 1319 5151 mos,
1360 5066 1423 5158 qni
1455 5062 1571 5136 Deum
1605 5077 1853 5154 agnoscentes,
1892 5068 1924 5134 ei
1954 5068 2212 5159 obtemperent,

90 5201 94 5208 ·
183 5171 276 5238 vitae
293 5164 450 5244 casibus,
474 5163 584 5230 multa
600 5175 758 5233 monent.
800 5161 897 5234 Vixit
913 5177 1029 5234 antem
1045 5164 1173 5236 Socra·
1224 5163 1409 5260 postquam
1430 5192 1470 5236 er
1491 5163 1557 5236 hac
1575 5166 1647 5236 vita
1668 5165 1910 5253 discesserint,
1935 5167 1974 5235 in
1995 5169 2073 5237 luce
2096 5168 2214 5240 admi·

183 5286 235 5341 tes
251 5281 330 5360 post
355 5263 551 5333 restitutam
570 5264 701 5349 patriae
719 5264 935 5349 libertatem,
961 5263 1174 5360 acThrasy-
1224 5271 1332 5337 randa
1358 5285 1462 5361 atque
1490 5283 1650 5338 aeternae
1676 5269 1772 5356 apud
1799 5268 1912 5338 Deum
1943 5270 2096 5341 victuros
2127 5294 2215 5339 esse.

183 5373 263 5444 buli
282 5366 487 5448 victoriam,
516 5386 628 5432 annos
648 5365 785 5436 circiter
808 5367 972 5456 triginta,
998 5391 1036 5436 ac
1052 5370 1097 5439 de
1117 5371 1175 5437 lu·
1224 5368 1320 5440 Haec
1345 5387 1428 5440 sunt
1450 5368 1609 5439 Platonis
1634 5368 1740 5438 verba
1761 5370 1800 5442 in
1826 5367 2053 5462 Epinomide.
2104 5370 2218 5455 Haec,

185 5493 263 5545 tura
282 5468 441 5542 Platonis
457 5466 699 5555 magnitudine
713 5489 786 5535 non
803 5469 949 5540 obscure
966 5469 1176 5541 vaticinatus
1225 5468 1494 5556 Adulescentes,
1519 5493 1566 5539 an
1581 5493 1655 5539 non
1676 5471 2090 5569 grayissimedicuntur?
2141 5472 2218 5546 Nec
