4732 6030
115 334 117 337 ’
168 374 268 447 1009
682 361 844 440 ouen.
877 360 952 437 nn
983 349 1286 434 curatore
1318 338 1672 428 Puoncsust.
2099 361 2199 436 1010

164 544 375 616 deteriorem
405 543 560 631 faciunt,
596 551 630 609 et
660 537 802 609 irritant
832 548 955 606 contra
981 556 1017 603 se
1042 531 1157 601 molto
1205 502 1394 595 naturaie
1418 526 1643 607 adsumente,
1668 535 1708 592 ut
1724 523 1942 614 redigeretur
1956 528 2140 624 adsumpta
2155 534 2195 606 iu

165 651 295 739 plures.
1133 663 1135 668 >
1204 623 1373 709 nihilum,
1398 627 1427 696 si
1443 626 1488 696 ab
1505 629 1710 696 adsumente
1727 650 1800 693 non
1818 641 2080 701 sustentaretur.
2135 635 2194 706 Si-

1204 730 1369 799 militudo
1405 730 1660 822 qualiscunque
1690 729 1914 818 proponitur.
1989 729 2037 802 Ut
2066 759 2193 826 corpus

1203 825 1359 901 hominis
1376 831 1592 915 dissolvitur,
1617 853 1696 898 cum
1712 830 1756 897 ab
1771 830 1889 901 anima
1907 834 2090 912 deseritur.
2116 835 2193 912 Hac

1203 932 1437 1002 similitudine
1460 945 1495 1001 et
1519 928 1676 1002 lustinus
1698 931 1826 1016 utitur,
1859 935 1918 1002 sed
1943 947 2062 1005 tamen
2082 942 2193 1029 addit,

264 794 355 869 Cum
366 789 419 866 ¹ita
435 816 576 864 aceensa
589 805 705 863 essent
720 785 908 860 hominum
922 775 1055 870 studia,
1081 782 1155 854 Te-

163 899 272 969 celius
294 897 393 967 aliud
417 895 623 966 incendium
644 893 759 962 maius
777 890 921 974 excitat,
947 888 1063 958 irritat
1078 885 1153 957 Lu-

162 995 323 1083 therum,
365 1012 406 1067 ut
435 997 649 1115 imposturas
678 992 981 1111 indulgentiarum
1012 988 1153 1105 refutet.
1201 1028 1270 1103 hoc
1301 1035 1500 1124 exemplum
1533 1056 1605 1103 non
1637 1055 1781 1123 prorsus
1808 1057 2011 1124 congruere·
2064 1037 2192 1114 Narrat

161 1098 232 1169 Hic
255 1099 425 1191 explicata
450 1099 611 1168 doctrrna
634 1097 678 1164 de
700 1106 937 1185 poenitentia,
973 1105 1006 1162 et
1028 1103 1153 1162 taraus

302 1202 339 1217 ..
395 1201 404 1216 .
600 1199 609 1214 .
687 1195 696 1214 .
1202 1148 1318 1204 autem
1340 1135 1434 1205 liber
1454 1135 1515 1203 ille
1531 1135 1707 1227 synodum
1723 1136 1768 1204 ab
1787 1133 2192 1226 lmperatore'Theodo.

162 1201 494 1291 superstitionibus,
519 1220 628 1288 magrs
650 1210 755 1267 ettam
777 1195 983 1263 labefactata
1002 1205 1053 1262 est
1073 1215 1151 1310 mo·
1201 1236 1254 1306 sio
1275 1237 1417 1305 iuniore
1439 1249 1666 1306 mmmmm
1688 1257 1779 1321 esse,
1810 1234 2081 1325 gubernatorem
2105 1270 2190 1319 vem

162 1298 358 1420 ¹¹³fl¹fil¹¹¹m
388 1314 567 1371 mmmm·
633 1294 681 1405 El
709 1293 853 1415 R⁰¹¹J³⁰.
875 1307 1053 1464 θεωρὸἑω
1081 1316 1151 1411 'im
1200 1336 1308 1407 luisse
1336 1335 1512 1433 Cyrillum
1540 1333 1823 1408 Alexandrinum
1856 1341 2078 1433 episcopum,
2116 1372 2190 1418 non

161 1426 291 1471 ³¹¹¹¹¹¹¹⁸
306 1427 398 1472 ⁰⁰⁹³
413 1426 516 1485 cumr
541 1421 687 1492 1)ῑοὶῚδυδ
701 1411 870 1468 ⁰⁰⁰¹¹⁰¹¹¹¹
885 1419 986 1466 causa
1026 1418 1152 1518 apum}
1200 1435 1417 1524 Romanum,
1475 1434 1523 1508 Et
1543 1437 1732 1508 sententias
1755 1439 1865 1508 dictas
1890 1465 1981 1527 esse,
2013 1469 2087 1513 non
2111 1461 2190 1519 tan-

161 1504 238 1587 sslse
266 1517 306 1572 ¹¹1
327 1526 428 1624 ⁸³²9?
449 1503 488 1573 fil
509 1502 603 1571 lum
628 1501 779 1620 ‘lictum‘
807 1492 883 1568 λύει
905 1489 946 1614 δὲ
962 1515 1150 1591 ’συμφορᾷ
1200 1555 1275 1611 tum
1299 1543 1343 1611 ab
1367 1540 1556 1630 episcopis,
1582 1539 1767 1610 sedetiam
1792 1542 1837 1609 ab
1863 1543 1941 1611 aliis
1966 1548 2177 1641 presbyteris

160 1599 230 1696 τὴν
247 1624 459 1699 ovppopass.
510 1599 563 1674 1²²¹
580 1601 738 1694 ΡΒΠωῙο
756 1600 898 1671 tandem
914 1598 1152 1667 ¹¹b²¹³²¹¹⁸²⁵⁸
1200 1665 1352 1735 quorum
1374 1642 1425 1711 ibi
1440 1654 1668 1711 recensentur
1683 1641 1841 1715 nomina.
1893 1641 1991 1714 Utile
2006 1661 2057 1717 est
2070 1609 2188 1722 autenl

160 1702 316 1822 papum,
342 1706 380 1772 in
404 1703 528 1773 ”mma
550 1717 705 1821 mnicta’
733 1715 877 1820 Empta
891 1692 984 1818 liena
1000 1696 1149 1814 ΜΨ
1199 1755 1317 1811 extare
1331 1755 1562 1811 monumenta
1579 1741 1684 1825 talia,
1710 1740 1748 1808 in
1767 1743 1897 1834 quibus
1913 1745 2043 1817 iudicia
2062 1756 2189 1827 veteris

160 1819 329 1875 ¹¹¹v¹¹³t¹¹⁸
351 1829 369 1874 ³
391 1804 489 1875 Duce
506 1801 677 1874 Bmme
692 1801 878 1885 G⁰¹⁰lm⁰’
905 1824 943 1867 ¹¹¹
958 1795 1150 1869 ‘stadem
1198 1838 1378 1912 Ecclesiae
1406 1844 1451 1912 dc
1477 1841 1693 1932 gravissimis
1713 1847 1961 1915 controversiis
1984 1851 2188 1931 recitantur.

161 1904 430 1994 lngolstadiensi
441 1903 612 1975 Graecam
626 1918 661 1974 et
676 1902 829 1973 Ebream
844 1902 1003 1989 linguam
1015 1898 1149 1985 docuit,
1199 1940 1353 2034 Magnus
1377 1944 1481 2015 etiam
1503 1965 1648 2014 acervus
1671 1954 1722 2011 est
1746 1942 1797 2012 ibi
1822 1945 1994 2014 librorum
2018 1965 2187 2038 veterum,

159 2021 280 2098 postea
302 2021 337 2077 θῑ
352 2005 556 2125 Tul’lngdm
573 2005 760 2075 ²⁰⁰0f⁸l¹¹¹⁸
779 2016 847 2122 ‘⁸¹3
871 2002 932 2119 seq
947 2001 1017 2069 5³¹⁰
1033 2023 1147 2090 egre*
1198 2045 1259 2137 qui
1285 2046 1406 2134 lingua
1424 2043 1541 2115 Ebrea
1564 2043 1685 2134 scripti
1706 2057 1804 2130 sunt,
1831 2049 1890 2114 sed
1909 2048 2032 2137 ingens
2048 2048 2188 2127 thesau-

160 2121 674 2227 ⁸11⁵J⁸Pl¹¹³80⁸¹¹¹¹13¹⁰³¹¹¹¹¹¹¹¹¹
688 2105 813 2173 m⁰¹b⁰
831 2116 971 2221 'clenc‘f
987 2103 1148 2218 ¹³¹J⁰m⁰
1199 2169 1259 2215 rus
1282 2161 1333 2218 est
1356 2170 1450 2216 unus
1472 2147 1600 2231 codex,
1625 2145 1798 2215 librorum
1819 2145 1928 2217 Moisi
1950 2165 1983 2219 et
2006 2151 2189 2246 propheti-

159 2222 270 2299 ὒθΡῑῑ,
295 2233 335 2276 ³⁰
351 2209 519 2298 P³¹1¹³l¹¹¹¹
532 2205 1012 2297 ¹³⁰8u⁶s³⁰l¹¹⁸s⁰¹¹3³¹d¹³⁹
1029 2228 1066 2271 ¹¹¹
1084 2225 1148 2272 ⁸⁰³
1198 2271 1321 2316 corum
1345 2243 1582 2339 pulcherrime
1604 2260 1637 2316 et
1652 2248 1934 2320 emendatissime
1949 2253 2119 2343 scriptus,
2144 2262 2187 2330 de

159 2303 904 2383 d⁰¹¹¹⁰³¹¹⁰⁰1521⁰⁸¹h³⁶vit³de⁰⁰⁵⁵i¹⁶
1199 2373 1269 2440 qno
1301 2364 1403 2419 antea
1434 2349 1520 2419 dixi.
1574 2345 1767 2417 Gratitudo
1793 2349 1903 2438 igitur
1922 2350 2101 2444 Capnioni
2124 2363 2188 2431 de-

264 2459 305 2529 ln
327 2472 640 2531 testamentorum
664 2460 732 2529 alia
758 2458 816 2549 pie
833 2457 1036 2540 mandavit,
1072 2469 1147 2525 tum
1198 2452 1320 2532 betur,
1345 2453 1441 2543 quod
1466 2446 1530 2518 hos
1553 2449 1663 2517 libros
1679 2449 1717 2515 in
1735 2448 1812 2518 loco
1831 2453 1973 2541 publico
1983 2460 2189 2545 'posteritati

160 2585 243 2631 vero
272 2563 382 2631 libros
409 2559 545 2631 Ebreos
572 2575 607 2631 et
637 2558 792 2630 Graecos
822 2558 970 2628 donavit
1000 2558 1147 2648 collegio
1198 2552 1369 2635 custodiri
1386 2552 1511 2623 voluit.

159 2658 372 2746 Phorcensi,
397 2663 445 2732 ita
468 2675 508 2732 ut
528 2661 578 2731 ibi
595 2663 633 2730 in
649 2661 782 2751 templo
795 2660 937 2751 publice
954 2673 1148 2743 serventur,
1298 2651 1401 2726 Hanc
1429 2654 1505 2724 eius
1530 2647 1715 2728 historiam
1739 2675 1841 2742 spero
1868 2678 1930 2725 vos
1953 2657 2106 2731 libenter
2128 2689 2188 2736 co-

159 2776 193 2832 et
215 2763 258 2830 ab
274 2762 439 2833 omuibus
455 2762 587 2852 inspici,
598 2763 745 2852 possint.
796 2759 1012 2852 Quanquam
1027 2775 1148 2832 autem
1197 2777 1380 2843 gnoscere:
1406 2778 1489 2824 nam
1506 2767 1540 2825 et
1557 2766 1702 2843 propter
1720 2752 1832 2843 ipsius
1857 2757 2021 2829 virtutem
2048 2776 2083 2832 et
2105 2791 2190 2856 pro·

159 2887 256 2932 nunc
278 2864 439 2956 quidem,
468 2875 652 2954 postquam
684 2860 844 2927 officinae
875 2856 1147 2953 typographicae
1196 2871 1277 2947 pter
1289 2857 1525 2936 meritadecet
1540 2856 1615 2923 eius
1629 2857 1836 2926 memoriam
1851 2853 2064 2935 conservari.
2104 2866 2188 2939 Se(-

158 2960 392 3034 bibtiothecas
415 2962 549 3053 ubique
571 2953 852 3051 locupletarunt,
877 2960 996 3030 minor
1019 2975 1070 3031 est
1084 2963 1148 3031 ad·
1198 2957 1286 3027 vivit
1303 2954 1538 3047 Reipublicae
1556 2956 1595 3024 in
1617 2955 1714 3025 curia
1737 2970 1772 3026 et
1794 2957 1953 3045 iudiciis,
1979 2972 2188 3057 propagavit

160 3065 301 3134 miratio
324 3063 398 3131 eius
420 3057 595 3145 thesauri,
622 3075 739 3131 tamen
763 3074 798 3130 et
813 3061 975 3131 voluntas
991 3059 1149 3152 Capnio-
1197 3057 1355 3146 linguam
1368 3056 1523 3129 Ebream
1537 3052 1715 3149 Ecclesiae
1730 3061 1982 3147 necessariam,
2007 3067 2094 3139 vixit
2109 3094 2188 3141 mo-

158 3167 216 3233 nis
235 3164 411 3233 laudanda
431 3177 500 3246 est,
526 3165 621 3255 quod
638 3186 711 3231 nou
727 3162 843 3232 voluit
855 3161 1018 3255 dissipari
1035 3164 1148 3233 libros
1197 3160 1310 3242 deste,
1336 3173 1371 3232 et
1385 3183 1464 3251 erga
1480 3163 1604 3248 inopes
1618 3182 1658 3228 ac
1676 3161 1862 3251 praecipue
1872 3158 2107 3239 Scholasticos
2124 3173 2188 3242 be-

159 3268 204 3335 ab
221 3260 444 3347 haeredibus,
471 3265 529 3333 sed
548 3264 584 3332 iu
605 3264 681 3333 loco
700 3277 795 3334 certo
809 3265 999 3344 custodiri,
1024 3265 1088 3335 ubi
1103 3266 1145 3352 ad
1197 3262 1328 3329 nefieus
1350 3263 1430 3332 fuit.
1480 3259 1627 3332 Candor
1648 3260 1687 3329 io
1710 3262 1918 3331 eoeximius
1933 3264 2019 3347 suit,
2043 3284 2077 3340 et
2094 3267 2187 3346 nihil

158 3379 318 3460 posteros
341 3366 445 3436 etiam
467 3365 630 3455 plurimis
650 3365 731 3435 usui
754 3389 828 3435 esse
850 3379 1002 3455 possent.
1054 3364 1148 3436 Sunt
1196 3360 1320 3430 livoris
1345 3376 1380 3432 et
1407 3361 1717 3432 obtrectationum.
1775 3359 1896 3448 Quare
1924 3387 1943 3431 a
1976 3368 2187 3445 doctissimis

159 3480 277 3546 autem
298 3468 350 3535 ibi
372 3482 407 3538 et
426 3466 554 3557 scripta
576 3469 738 3536 nondum
760 3466 853 3536 edita
869 3467 907 3533 in
923 3467 1076 3536 officinis
1090 3479 1148 3559 ty·
1196 3462 1283 3530 viris
1304 3464 1437 3552 ubique
1459 3463 1683 3550 diligebatur.
1736 3457 1796 3529 Ab
1817 3461 2010 3536 Hermolao
2026 3465 2185 3548 Barbare

158 3562 400 3661 pographicis,
432 3567 596 3637 videlicet
620 3564 737 3636 Marci
753 3565 929 3635 Antonini
952 3567 1148 3657 lmperato·
1200 3560 1335 3641 Veneto
1359 3584 1495 3632 nomen
1518 3559 1714 3648 Capnioois
1735 3561 1867 3632 factum
1888 3585 1962 3634 esse
1982 3568 2121 3644 dicebat
2145 3602 2186 3647 εχ

158 3671 209 3749 ris
228 3668 335 3748 liber,
361 3669 461 3738 cuius
482 3682 516 3738 et
538 3681 691 3738 vetustas
705 3667 921 3738 mentionem
936 3667 1034 3746 lecit,
1061 3688 1148 3734 ora·
1199 3659 1431 3744 Germanico,
1457 3663 1551 3751 apud
1574 3684 1678 3751 quem
1702 3663 1849 3756 adsidue
1865 3664 1933 3734 fuit
1949 3678 2023 3739 toto
2038 3672 2186 3764 legatio.

159 3769 268 3841 tionis
292 3770 441 3840 Maximi
467 3768 579 3853 Tirii,
612 3783 645 3839 et
669 3769 737 3837 alia
760 3768 954 3861 quaedam,
985 3780 1084 3836 aeut
1104 3769 1147 3835 de
1196 3764 1254 3831 nis
1279 3776 1437 3853 tempore
1458 3763 1504 3831 ad
1523 3761 1791 3832 coronationem
1813 3763 2063 3842 Maximillam.
2124 3775 2186 3848 Pi-

159 3873 302 3943 caeteris
317 3896 391 3940 non
406 3870 535 3945 dicam.
586 3866 649 3940 Est
665 3869 716 3938 ibi
730 3865 876 3940 historia
891 3862 1148 3962 synodiEphe·
1197 3888 1259 3934 cus
1288 3862 1565 3934 Mirandulanus
1595 3861 1677 3955 quia
1701 3858 1854 3935 Ebream
1883 3866 2042 3958 linguam
2073 3897 2187 3968 norat,

160 3975 258 4042 sinae
287 3974 398 4062 digna
422 3973 521 4057 luce,
548 3970 703 4041 ostendit
731 3971 827 4041 enim
857 3971 937 4064 quis
966 3969 1148 4049 indixerit,
1197 3965 1377 4035 multaab
1402 3989 1442 4034 eo
1464 3964 1657 4034 sciscitatus
1676 3978 1729 4061 est
1744 3966 1788 4036 de
1804 3968 1964 4062 reliquiis
1976 3978 2103 4047 veteris
2121 3983 2187 4051 do.

161 4075 240 4167 quis
256 4075 463 4159 praefuerit,
488 4098 559 4166 quo
576 4073 720 4156 ordine,
745 4072 856 4165 etqui
874 4071 1148 4142 virisententias
1197 4068 1349 4146 suinae,
1382 4091 1488 4159 qtrarn
1511 4064 1677 4137 Cabalam
1702 4069 1901 4143 nominant.
1953 4072 2006 4143 Ac
2028 4079 2185 4171 singula.

160 4173 327 4246 dixerint.
384 4169 431 4243 Et
453 4177 646 4245 recitantur
671 4174 864 4244 multorum
888 4175 1049 4263 integrae,
1065 4197 1147 4244 ora·
1197 4169 1246 4237 ris
1266 4167 1437 4238 loelicitas
1457 4168 1528 4238 fuit
1545 4169 1827 4257 eiustemporis,
1854 4173 2074 4248 eruditorum
2091 4184 2186 4256 inter

161 4276 295 4366 tiones,
319 4273 357 4340 in
380 4273 508 4364 quibus
529 4290 569 4346 ut
592 4276 637 4345 eb
653 4275 713 4345 itta
732 4275 870 4346 erudita
886 4275 1095 4368 antiquitate
1114 4287 1148 4345 et
1197 4269 1292 4360 ipsos
1313 4269 1516 4339 coniunctio
1539 4282 1574 4340 et
1596 4271 1739 4339 candor.
1800 4271 1905 4343 Nune
1929 4285 2094 4354 successit
2116 4286 2184 4356 alta

161 4377 223 4448 ubi
247 4389 300 4445 tot
320 4374 456 4442 lumina
474 4369 651 4447 Ecclesiae
673 4401 773 4446 stram
796 4377 1049 4446 confessionem
1071 4377 1147 4446 edi·
1197 4373 1310 4442 lerrea
1330 4385 1442 4457 aetas,
1476 4371 1514 4440 in
1539 4394 1608 4465 qua
1639 4385 1679 4442 ut
1701 4368 1846 4444 Cadmei
1874 4377 1999 4450 fratres
2026 4382 2120 4455 inter
2148 4412 2185 4458 se

161 4481 309 4559 derunt,
345 4475 533 4564 diligenter
556 4479 743 4565 exponitur
765 4479 880 4572 qualis
902 4478 946 4549 sit
969 4478 1148 4569 copulatio
1198 4474 1386 4560 dimicant,
1417 4467 1455 4541 hi
1483 4497 1571 4566 quos
1594 4487 1739 4564 propter
1758 4476 1956 4547 studiorum
1978 4481 2185 4567 similitudi-

161 4580 302 4653 divinae
325 4573 556 4646 ethumanae
581 4590 726 4648 naturae
750 4581 789 4649 in
811 4580 883 4649 lilio
908 4577 974 4649 Dei
999 4594 1081 4650 nato
1106 4604 1146 4650 ex
1198 4598 1297 4656 nem,
1337 4590 1371 4646 et
1405 4575 1530 4644 foedus
1564 4574 1745 4661 religionis
1776 4579 2083 4655 coniunctissimos
2111 4613 2185 4662 esse
2216 4637 2219 4642 -

161 4682 310 4769 virgine.
364 4675 454 4748 Cum
473 4677 581 4747 einim
598 4675 781 4749 Nestorius
803 4696 946 4752 naturas
970 4676 1147 4751 distrahe·
1197 4679 1392 4767 oportebat.
1444 4673 1512 4745 Sed
1536 4689 1570 4745 te
1585 4675 1635 4744 lili
1651 4672 1737 4760 Dei,
1760 4675 1915 4749 Domine
1935 4681 2012 4752 lesu
2031 4683 2183 4779 Christe,

161 4781 236 4865 ret,
260 4794 294 4850 et
312 4780 540 4850 contenderet
557 4792 719 4848 naturam
736 4779 893 4852 divinam
910 4784 1063 4853 adfuisse
1079 4778 1147 4852 hu·
1198 4780 1345 4861 invoco,
1369 4777 1431 4871 qui
1450 4792 1631 4847 aeternum
1647 4791 1780 4867 patrem
1796 4782 1925 4871 orasti,
1947 4797 1987 4853 ut
2002 4786 2123 4876 iaciat,
2144 4809 2185 4866 ut

160 4907 305 4961 manae,
337 4896 504 4974 tanquam
518 4880 669 4959 sociam,
694 4893 733 4950 ut
749 4879 847 4951 adest
860 4880 956 4954 Deus
971 4880 1148 4970 Abrahae,
1197 4905 1310 4951 unum
1327 4880 1436 4949 simus
1452 4878 1490 4948 in
1507 4879 1602 4971 ipso,
1626 4893 1730 4971 teque
1748 4904 1830 4960 oro,
1857 4895 1896 4951 ut
1912 4884 2048 4976 mitiges
2064 4894 2184 4982 publi.

161 4982 294 5065 Moisi,
322 4980 445 5062 Petro,
471 4981 583 5052 Paulo
608 4994 641 5051 et
662 4969 742 5050 aliis
765 4982 852 5072 piis,
878 4979 935 5054 hic
957 4987 1148 5058 luculentis
1198 5005 1254 5051 cas
1269 4995 1303 5051 et
1317 4983 1472 5072 privatas
1488 5003 1635 5071 poenas,
1661 5003 1777 5051 serves
1790 4998 1824 5052 et
1839 4984 1981 5075 colligas
1990 4985 2182 5065 Ecclesiam

161 5084 455 5176 explicationibus
478 5084 669 5167 refutatur,
694 5107 734 5152 ac
754 5084 951 5154 ostenditur
965 5089 1147 5159 dissimili·
1198 5083 1292 5154 inter
1316 5107 1398 5167 nos,
1424 5097 1458 5153 et
1482 5084 1715 5173 plurimorum
1733 5085 1871 5155 animos
1886 5090 1930 5157 ad
1945 5113 2062 5162 veram
2079 5109 2111 5164 et
2127 5119 2184 5168 sa·

160 5190 248 5259 tudo
264 5186 358 5256 inter
372 5184 655 5275 adsumptionem
670 5196 817 5254 naturae
830 5180 1005 5257 humanae
1019 5191 1058 5260 in
1074 5190 1147 5263 lilio
1198 5185 1346 5256 lutarem
1363 5186 1588 5256 concordiam
1603 5185 1730 5258 llectas.
1782 5183 1875 5260 Dixi.

162 5287 247 5372 Dei,
274 5302 308 5359 et
322 5287 553 5379 praesentiam
568 5309 637 5378 qua
652 5289 750 5356 adest
765 5284 859 5356 Deus
876 5285 1004 5372 Moisi,
1030 5289 1148 5377 Petro,

160 5389 297 5472 Paulo,
321 5403 356 5461 et
379 5389 458 5460 aliis
482 5388 627 5457 renatis:
651 5388 839 5478 expchtitur
861 5412 951 5481 quae
967 5391 1014 5460 sit
1027 5414 1145 5482 perso·

158 5515 229 5563 nae
244 5490 378 5575 unitas,
404 5514 485 5560 eum
500 5489 661 5558 videlicet
676 5488 723 5558 ita
737 5501 952 5562 sustentatur
965 5494 1148 5585 adsumpta

210 5597 392 5664 Mensura.
418 5596 522 5663 Orsa.
547 5593 633 5660 Vos.
648 5591 711 5658 xl.
