4732 6030
247 312 323 387 239

250 484 339 560 tanti
362 480 495 552 furoris
515 477 599 546 olim
622 474 733 542 facere
759 485 793 543 et
813 471 1012 544 vastitatem
1035 484 1140 565 atque
1163 467 1237 540 eri-

250 589 341 661 tium
362 581 524 671 religioni
541 591 574 646 et
595 574 760 645 omnibus
776 570 934 645 honestis
947 575 1083 644 artibus
1096 570 1238 656 minari,

252 714 317 760 nec
338 684 497 755 dubitate
517 678 610 772 quin'
625 675 702 748 Deo
722 701 855 769 poenas
877 676 993 747 daturi
1013 677 1096 749 sint.
1163 672 1237 744 Nos

251 815 336 861 vero
357 786 387 854 si
404 781 522 852 etDeo
539 781 644 871 grati,
658 794 692 851 et
708 802 789 870 erga
798 777 990 849 Ecclesiam
1008 779 1057 870 pii
1074 798 1146 846 esse
1162 790 1235 845 stu-

251 897 386 971 demus,
402 905 631 975 agnoscamus
644 879 712 951 Dei
726 881 945 962 beneficium,
960 895 994 951 et
1007 891 1152 972 propter
1165 873 1236 947 Ec-

249 991 374 1065 clesiae
406 987 595 1057 utilitatem
623 998 787 1055 tueamur
818 997 852 1053 et
873 994 1130 1053 conservemus.
1196 976 1237 1048 Si

250 1115 355 1190 quem
378 1091 423 1159 ab
446 1084 503 1157 his
524 1088 651 1158 studiis
673 1081 741 1155 hoc
760 1088 933 1170 deterret,
965 1086 1061 1178 quod
1084 1105 1159 1151 non
1181 1079 1237 1147 vi-

249 1199 381 1266 dentur
393 1191 509 1260 labori
522 1190 735 1283 respondere
752 1187 925 1279 praemia,
950 1186 981 1257 is
997 1210 1070 1255 non
1084 1183 1167 1252 satis
1181 1205 1238 1250 re-

250 1298 375 1388 ligiose
390 1295 433 1363 de
446 1290 523 1362 Deo
538 1290 657 1366 sentit.
708 1288 799 1360 Cum
814 1289 910 1358 enim
926 1287 1048 1379 pietati
1060 1284 1164 1357 toties
1181 1284 1239 1351 in-

251 1398 369 1490 gentia
392 1394 546 1487 praemia
560 1392 656 1465 Deus
676 1392 903 1484 polliceatur,
929 1402 1072 1459 nonest
1095 1389 1139 1457 de
1163 1385 1241 1456 eius

249 1503 318 1572 lide
342 1498 591 1568 dubitandum.
640 1490 787 1564 Alicubi
806 1492 982 1584 promittit
1003 1488 1238 1581 amplissimos

250 1605 392 1693 frugum
414 1611 625 1691 proventus,
649 1597 680 1665 si
701 1596 854 1687 populus
871 1593 1066 1664 liberaliter
1083 1590 1239 1662 conferat

250 1707 295 1777 ad
308 1726 392 1775 usus
404 1700 618 1770 necessarios
631 1698 766 1790 templi.
809 1695 929 1784 Quare
942 1720 1005 1764 nec
1019 1693 1123 1762 nobis
1138 1712 1239 1782 prae-

251 1807 323 1876 mia
345 1805 509 1875 defutura
534 1814 634 1881 sunt,
666 1800 696 1868 si
718 1799 834 1871 studia
855 1810 974 1866 nostra
996 1797 1039 1865 ad
1061 1791 1238 1865 Ecclesiae

250 1908 440 1980 utilitatem
462 1904 695 1974 conferemus.
751 1899 800 1970 Et
822 1912 873 1969 est
895 1896 1025 1990 pietas,
1054 1906 1239 1986 expectan-

787 284 945 373 DliCls¹
977 294 1053 375 DE
1086 291 1290 372 PRAEF.
1321 296 1380 371 ΙΝ
1412 296 1739 379 HESIODUM.

2201 305 2279 385 240

1287 467 1485 568 φροντίδες
1503 469 1732 570 σοφαηέραι,
1756 472 1832 542 fore
1848 472 2134 563 arbitrabantur,
2155 492 2197 551 ut
2215 503 2280 567 ns,

1287 576 1420 645 minem
1442 577 1657 668 poeniteret,
1683 573 1880 645 Hesiodum
1904 600 1945 645 ex
1968 576 2157 650 intervallo
2173 604 2281 673 regu.

1287 689 1394 747 stasse
1423 692 1458 747 et
1489 679 1636 771 propius
1664 677 1889 766 cognovisse,
1921 679 2023 750 cuius
2044 683 2088 751 de
2110 684 2280 761 omnibus

1287 779 1413 848 officiis
1441 792 1512 850 tam
1538 776 1686 850 honesta
1713 791 1897 870 praecepta
1917 796 2018 863 suut,
2050 795 2124 853 tam
2143 787 2280 859 multae

1287 881 1497 962 sententiae,
1525 906 1615 976 quae
1637 883 1683 951 ad
1703 880 1841 951 abditas
1857 894 1892 951 et
1906 883 2083 959 abstrusas
2097 884 2137 955 in
2149 901 2280 961 natura

1288 1005 1343 1053 res
1364 985 1624 1073 cognoscendas
1645 982 1799 1066 faciunt,
1829 998 1870 1052 ut
1890 1005 2077 1078 nunquam
2100 987 2145 1056 de
2166 1012 2281 1061 manu

1288 1085 1519 1175 deponendus
1547 1085 1722 1155 videatur.
1780 1082 1869 1153 Nam
1893 1086 1957 1180 qui
1978 1101 2142 1159 numerat
2160 1091 2282 1181 potius

1287 1211 1393 1280 quarn
1414 1186 1560 1276 longum
1581 1187 1777 1275 catalogum
1791 1198 1956 1256 autorum
1974 1190 2146 1276 audierit,
2173 1215 2280 1285 quam

1287 1302 1455 1380 supputat
1469 1287 1557 1381 quid
1572 1312 1613 1357 ex
1628 1309 1771 1381 quoque
1784 1286 2016 1376 lucrifecerit,
2041 1290 2072 1365 is
2086 1291 2173 1361 sciat
2188 1315 2224 1361 se
2240 1292 2280 1361 in

1289 1390 1414 1460 studiis
1436 1388 1648 1460 infoeliciter
1669 1388 1811 1460 versari.
1876 1386 1999 1483 Neque
2019 1417 2104 1462 vero
2127 1393 2280 1464 multum

1289 1490 1451 1562 utilitatis
1473 1492 1608 1560 adferre
1630 1491 1782 1581 scriptor
1801 1489 1897 1560 ullus
1920 1506 2052 1581 potest,
2077 1495 2184 1564 semel
2198 1508 2280 1565 tan-

1289 1607 1365 1663 tum
1386 1594 1483 1662 velut
1498 1617 1518 1661 a
1536 1592 1661 1662 limine
1675 1592 1858 1664 salutatus.
1909 1587 1957 1662 Et
1972 1593 2170 1666 Hesiodum
2184 1609 2281 1667 vete-

1288 1717 1443 1764 resnou
1472 1707 1611 1764 tantum
1640 1704 1855 1785 putaverunt
1882 1697 1990 1766 semel
2015 1710 2120 1791 atque
2146 1697 2280 1767 iterum

1288 1796 1477 1885 legendum
1502 1818 1593 1876 esse,
1625 1797 1685 1866 sed
1709 1794 1937 1865 ediscendum
1959 1799 2124 1868 omnibus
2147 1796 2280 1890 pueris,

1289 1898 1350 1991 qui
1372 1897 1568 1966 liberaliter
1588 1897 1882 1980 instituebantur,
1906 1910 1947 1967 ut
1961 1895 2157 1969 Columella
2171 1911 2280 1969 testa·

1291 2013 1367 2083 tur,
1397 1999 1656 2090 proponebant.
1713 1996 1791 2087 Ego
1816 1997 1925 2087 igitur
1949 1995 2004 2070 bis
2029 1999 2141 2071 causis
2164 2001 2280 2069 addu-

1290 2114 1366 2170 ctus
1387 2125 1482 2185 sum,
1507 2112 1549 2170 ut
1571 2100 1782 2190 susceperim
1805 2093 1901 2169 hunc
1915 2097 2061 2174 Poetam
2083 2124 2206 2172 rursus
2222 2101 2282 2170 in·

1290 2204 1566 2293 terpretandnm.
1634 2201 1704 2273 Sed
1730 2200 1899 2294 quoniam
1919 2204 2023 2296 cupio
2048 2204 2150 2274 vobis
2173 2203 2280 2273 etiam

1290 2306 1500 2394 persuadere
1527 2302 1650 2375 utilem
1681 2326 1825 2394 operam
1858 2325 1919 2373 vos
1947 2304 1986 2373 in
2016 2330 2058 2377 eo
2087 2305 2280 2396 repetendo

1290 2419 1494 2496 sumpturos
1512 2429 1603 2486 esse,
1627 2404 1811 2496 aliquanto
1827 2403 1933 2475 latius
1947 2401 2053 2477 huius
2066 2407 2137 2474 mei
2156 2403 2282 2475 iudicii

1290 2508 1380 2577 ratio
1395 2502 1485 2574 milri
1501 2507 1708 2597 exponenda
1726 2519 1795 2591 est,
1816 2517 1850 2577 et
1864 2505 2073 2592 dicendum,
2098 2509 2281 2600 quomodo

1290 2611 1404 2699 legere
1426 2622 1584 2678 veterum
1601 2607 1729 2697 scripta
1746 2608 1931 2682 conducat.
1983 2607 2064 2697 Qua
2078 2611 2122 2678 de
2136 2632 2174 2677 re
2190 2610 2279 2677 dum

1290 2713 1391 2796 dico,
1424 2734 1553 2803 quaeso
1574 2733 1631 2777 me
1652 2709 1840 2798 diligenter
1860 2710 2042 2785 attendite.
2100 2706 2191 2780 Nam
2215 2709 2280 2802 qui

1290 2814 1329 2883 in
1360 2814 1528 2882 discendo
1556 2807 1652 2880 nibil
1680 2810 1776 2881 aliud
1802 2809 1944 2907 consilii
1964 2808 2113 2896 babent,
2143 2810 2214 2880 nisi
2236 2823 2278 2880 ut

1289 2916 1400 2985 multa
1428 2914 1565 3003 legant,
1595 2909 1634 2982 hi
1660 2906 1753 2983 mibi
1779 2924 1950 3005 tanquam
1977 2914 2035 2985 via
2061 2912 2172 3017 lapsi,
2202 2925 2280 2983 toto

1290 3017 1387 3088 coelo
1402 3039 1519 3086 errare
1535 3017 1712 3085 videntur.

252 2026 323 2082 tem
345 2005 430 2078 haec
452 2004 645 2097 promissa,
677 2000 854 2073 Ecclesiae
872 1999 1090 2070 utilitatibus
1111 2018 1241 2066 consu-

253 2114 336 2184 lere.
387 2109 482 2181 Dixi.

264 2338 380 2349 ——-

251 2502 318 2576 No.
332 2502 392 2575 89..

252 2599 391 2627 Μ
1062 2584 1233 2612 Μ

484 2704 648 2826 Praef.
673 2710 723 2793 in
746 2704 1009 2794 Hesiodum.

204 2868 210 2875 -
321 2894 402 2968 Apud
421 2893 494 2946 Crat.
509 2886 579 2958 ttyt.
598 2904 623 2955 p.
636 2885 769 3005 619sqq.,
794 2880 822 2934 in
835 2880 959 2936 Declam.
974 2881 1008 2935 Τ.
1023 2882 1057 2940 ΙΙ,
1075 2903 1102 2954 p.
1115 2884 1155 2951 9„
1173 2883 1238 2938 ser.

552 2956 559 2973 b

356 2972 425 3020 vest.
443 2960 478 3013 Τ.
491 2957 524 3012 ll.
543 2976 569 3079 l
584 2956 609 3007 9.
629 2963 655 3007 et
676 2973 708 3022 ap
771 2950 895 3004 llicbard.
912 2950 945 3005 T.
961 2950 981 3006 l.
1000 2971 1026 3023 p.
1039 2954 1098 3009 211.
1126 2982 1160 2995 -
1203 2955 1239 3006 Ex

356 3029 485 3100 Epistolis
500 3027 542 3079 Vo
554 3065 561 3080 .
575 3024 607 3078 ll.
626 3043 651 3094 p.
664 3024 724 3076 ssi.
745 3021 920 3090 intelligitur,
940 3021 1116 3075 Franciscum
1133 3023 1240 3078 Burob-

332 3100 471 3173 ,medum
490 3095 675 3147 Vinariensern
696 3109 835 3143 enarrasse
854 3090 994 3145 bocanno
1011 3088 1171 3145 Hesiodum.
1391 3117 1549 3188 Proinde
1570 3118 1620 3186 sic
1644 3128 1780 3199 statuo,
1804 3137 1936 3208 panem
1954 3116 2124 3210 quosdam
2150 3140 2282 3211 eosque

1290 3220 1443 3313 optimos
1460 3217 1579 3289 exilio
1596 3239 1724 3311 magno
1740 3216 1916 3286 librorum
1932 3241 2083 3287 numero
2100 3219 2280 3310 eligendos

1291 3346 1382 3407 esse,
1416 3321 1549 3415 quibus
1574 3342 1596 3387 a
1624 3317 1737 3410 prima
1760 3317 1917 3407 puericia
1940 3320 2125 3406 innutriti,
2157 3344 2280 3393 omnes

1290 3450 1413 3495 eonem
1442 3419 1650 3499 sententias,
1681 3430 1722 3488 ut
1749 3418 1880 3507 digitos
1904 3442 1944 3489 ac
1968 3442 2106 3510 ungues
2127 3436 2281 3510 nostros,

255 3510 355 3599 Cum
382 3522 425 3588 de
453 3515 652 3584 enarrando
679 3509 836 3582 Hesiodo
863 3515 1115 3602 deliberarem,
1148 3519 1243 3589 inter
1290 3543 1488 3609 teneamus,
1525 3536 1561 3594 et
1586 3543 1784 3590 sermonem
1814 3542 1953 3606 eorum,
1985 3544 2100 3614 quam·
2117 3524 2280 3614 proxime

250 3637 408 3699 ,caeteras
436 3616 658 3688 difficultates
681 3636 768 3706 quas
791 3615 879 3683 mihi
901 3616 938 3685 id
961 3618 1099 3708 negocii
1124 3644 1241 3692 susce·
1290 3628 1367 3697 fieri
1402 3637 1534 3721 potest,
1572 3636 1692 3693 nostra
1731 3621 1844 3693 oratio
1881 3622 2008 3692 referat
2043 3646 2083 3693 ac
2109 3624 2281 3695 redoleat.

253 3743 358 3824 pturo
386 3718 583 3815 propositas
613 3738 685 3786 esse
716 3716 975 3807 intelligebam,
1018 3722 1054 3789 in
1088 3736 1239 3793 mentem
1292 3726 1549 3799 Animadverto
1572 3737 1689 3793 autem
1711 3718 1803 3791 hanc
1821 3724 2017 3794 orationem
2030 3722 2070 3793 in
2083 3717 2283 3816 repreben-

253 3829 322 3903 hoc
346 3846 488 3920 quoque
509 3818 691 3902 veniebat,
721 3842 796 3887 non
818 3822 1001 3892 defuturos
1023 3847 1117 3910 esse,
1151 3851 1242 3919 quo-
1291 3834 1428 3900 sionem
1459 3828 1684 3921 quorundam
1714 3824 1978 3916 imperitomm,
2019 3824 2082 3918 qui
2110 3825 2284 3899 varietate

253 3935 351 4004 niam
381 3950 457 3997 non
481 3924 529 3993 ita
552 3922 665 3991 multo
689 3933 770 3990 ante
792 3921 822 3990 is
845 3920 953 3994 Poeta
976 3925 1013 3993 in
1036 3921 1101 3995 hac
1120 3926 1240 3997 schola
1290 3929 1453 4003 lectionis
1481 3928 1664 3998 doctrinae
1692 3925 1823 3996 famam
1845 3940 2083 4017 aucupantur,
2116 3927 2284 3999 incursu·

253 4033 453 4107 luculenter
474 4037 656 4094 enarratus
680 4037 749 4106 est,
781 4025 932 4116 quibus,
963 4027 993 4097 si
1017 4029 1241 4119 relegeretur,
1290 4059 1367 4105 ram
1391 4054 1482 4115 esse,
1508 4029 1572 4123 qui
1594 4052 1651 4097 me
1673 4027 1843 4097 desidiam
1867 4028 2060 4099 iuventutis
2078 4052 2174 4100 novo
2190 4054 2285 4123 quo-

252 4133 435 4210 iastidium
453 4124 615 4216 repetitio
632 4124 793 4193 adferret.
845 4124 960 4194 Video
976 4130 1071 4198 enim
1088 4155 1162 4201 non
1175 4134 1241 4203 ali·
1291 4139 1374 4207 dam
1395 4133 1573 4226 paradoxo
1596 4131 1691 4199 alere
1710 4128 2015 4216 vociferabuntur,
2040 4153 2119 4201 cum
2135 4132 2285 4205 audient

254 4254 309 4310 ter
335 4245 441 4324 atque
466 4226 572 4314 vulgo
596 4224 715 4300 aiunt,
748 4246 859 4293 novas
881 4228 1063 4299 cantiones
1085 4232 1241 4320 gratissi·
1293 4260 1348 4307 me
1381 4235 1515 4305 variam
1551 4245 1585 4302 et
1620 4228 1817 4299 multorum
1848 4230 2036 4302 lectionem
2064 4230 2282 4324 improbare.

209 4412 213 4417 ,
253 4359 329 4411 mas
353 4353 444 4413 esse,
464 4327 512 4398 ita
528 4349 591 4394 vos
606 4324 809 4394 avidissime
825 4328 869 4394 ad
884 4348 943 4395 eos
959 4343 1095 4399 autotes
1112 4357 1242 4423 cogno-
1292 4336 1369 4430 E'go
1383 4360 1467 4406 vero
1482 4334 1511 4405 si
1526 4356 1632 4428 quam
1649 4353 1779 4400 novam
1794 4330 1906 4421 legem
1921 4332 2023 4403 nullo
2039 4345 2180 4419 autore,
2203 4335 2283 4407 sius

255 4437 415 4517 sceudos,
438 4428 501 4523 qui
516 4425 663 4494 minime
678 4426 755 4494 noti
771 4449 810 4494 ac
825 4427 1022 4518 pervulgati
1038 4445 1131 4518 sunt,
1158 4459 1243 4503 con·
1293 4439 1459 4528 gravibus
1488 4437 1634 4506 testibus
1654 4432 1800 4516 ferrem,
1838 4434 1916 4503 iure
1937 4432 2136 4524 culpandus
2157 4458 2282 4510 essem.

253 4543 374 4614 liuere.
424 4528 639 4622 Quanquam
670 4525 779 4616 igitur
807 4527 971 4615 verebar,
1001 4544 1041 4602 ut
1069 4540 1240 4626 accepturi
1293 4541 1416 4634 Neque
1437 4537 1610 4609 enim'vel
1630 4546 1723 4603 aetas
1740 4557 1818 4602 mea
1836 4535 1892 4604 vel
1907 4535 2082 4616 eruditio,
2107 4536 2284 4607 velante-

253 4640 374 4718 essatis
396 4639 541 4728 poiima,
565 4632 662 4723 quod
686 4630 833 4718 gratiam
855 4631 1022 4703 novitatis
1040 4635 1146 4725 paulo
1163 4653 1243 4710 ante
1293 4643 1380 4712 ritas
1397 4638 1570 4709 eiusmodi
1587 4650 1656 4715 est,
1679 4648 1720 4705 nt
1733 4659 1871 4706 sumere
1888 4631 1975 4704 mibi
1992 4638 2087 4728 apud
2101 4660 2165 4707 vos
2178 4661 2285 4731 praa-

254 4743 369 4826 exuit,
395 4752 513 4809 tamen
535 4731 755 4803 confirmavit
773 4756 827 4801 me
844 4756 966 4802 eorum
982 4735 1175 4823 iudicium,
1200 4742 1243 4810 de
1294 4741 1457 4835 cipientis
1474 4760 1662 4831 personam
1688 4737 1819 4824 ausim3
1853 4761 1975 4807 verum
1996 4760 2036 4808 ea
2060 4761 2150 4832 quae
2170 4762 2193 4811 a
2213 4742 2285 4812 du·

255 4867 409 4943 quorum
436 4834 586 4909 consilio
609 4832 805 4904 Hesiodum
831 4839 1068 4906 enarrandum
1095 4843 1244 4932 suscepi,
1294 4842 1458 4915 ctissimis
1485 4840 1572 4909 viris
1592 4838 1723 4910 tradita
1747 4838 1991 4924 meminimus,
2022 4863 2184 4935 quaeque
2204 4866 2287 4914 ωο-

255 4948 319 5044 qui
339 4944 435 5039 quod
457 4940 532 5010 eius
546 4935 677 5009 Poetae
700 4936 938 5026 cognitionem
960 4940 1109 5010 maxime
1130 4942 1241 5033 frugi..
1295 4944 1409 5018 diocri
1422 4939 1549 5012 barram
1565 4941 1768 5022 literarum,
1794 4941 1833 5009 in
1848 4939 1978 5033 quibus
1990 4966 2191 5028 versamur,
2213 4967 2287 5017 usu

253 3267 454 3368 Praefmio
467 3260 511 3338 in
526 3263 750 3349 Hesiodum,
776 3284 801 3333 u
819 3268 1076 3338 Francisco
1095 3270 1241 3341 Vine-

572 3369 723 3437 riensi
747 3370 925 3435 recitata.

137 5120 140 5128 ,
253 5053 366 5121 feram
387 5057 422 5114 et
440 5039 579 5117 liberali
599 5039 745 5127 ingenio
765 5038 1006 5129 dignissimam
1027 5065 1102 5113 esse
1113 5055 1243 5116 statue·
1293 5045 1542 5136 cognovimus,
1565 5045 1604 5112 in
1624 5042 1783 5113 medium
1804 5042 1930 5112 afferre
1950 5043 2056 5113 oflicii
2077 5044 2192 5117 nostri
2209 5069 2286 5119 esse

254 5154 363 5229 bant,
393 5166 494 5234 saepe
520 5140 750 5227 relegendum
777 5164 851 5211 esse
879 5141 1094 5215 iudicabant.
1151 5143 1242 5216 Nam
1295 5147 1539 5218 iudicavimus.
1606 5141 1778 5218 Horatius
1803 5144 1868 5213 ait:
1905 5142 1972 5215 Vel
2000 5136 2032 5214 si
2062 5169 2185 5217 caecus
2214 5147 2286 5219 iter

254 5278 337 5328 eum
367 5267 530 5335 magnam
552 5241 741 5311 utilitatem
763 5236 892 5315 habeat
912 5244 1073 5330 relectio,
1104 5259 1137 5316 et
1159 5249 1243 5317 ‹lili-
1292 5261 1489 5320 monstrare
1525 5245 1627 5330 velit,
1667 5259 1786 5316 tamen
1820 5245 2087 5337 adspiciendum
2117 5270 2212 5335 esse,
2252 5249 2288 5321 si

255 5353 396 5448 gentius
416 5344 678 5437 expendantur,
710 5355 745 5412 et
762 5344 869 5415 altius
891 5345 1182 5437 introspiciantur
1202 5372 1241 5419 ea
1292 5351 1380 5444 quid
1408 5362 1552 5422 moneat
1581 5346 1677 5442 quod
1704 5368 1779 5423 non
1805 5347 1852 5418 sit
1878 5348 2016 5423 inutile.
2077 5345 2199 5437 Quare
2220 5372 2287 5424 vos

244 5478 346 5555 'quae
367 5462 612 5532 ῑθῒῐᾶῑῐὸωΰὸὶ
633 5459 717 5517 ⁸¹¹⁰!
736 5446 851 5530 enim,
876 5460 917 5520 ut
931 5448 1045 5536 scitis,
1068 5446 1244 5547 θευτέραι
1294 5476 1397 5545 rogo,
1424 5478 1470 5524 ne
1491 5450 1664 5544 gravatim
1688 5462 1758 5520 tam
1780 5448 1889 5521 variis
1911 5449 2144 5543 opinionibus
2156 5455 2286 5527 eorum
