4732 6030
152 1960 156 1967 '
258 1955 383 2028 editas,
411 1951 632 2030 immaturas,
656 1946 821 2036 pollutas.

257 280 334 359 619
830 271 993 345 DECL.
1043 268 1118 344 DE
1150 269 1345 347 PAULO
1378 269 1707 349 APOSTOLO.
2199 289 2278 364 620

366 450 419 523 De
434 445 489 518 bis
503 444 609 516 tantis
622 444 744 527 rebus,
769 441 906 535 quoties
919 440 1050 511 Paulus
1065 443 1137 534 ipse
1152 467 1237 513 con-
1391 438 1511 512 Altera
1527 465 1629 512 causa
1645 458 1706 529 est,
1731 459 1770 516 ut
1786 469 1903 516 rerum
1919 473 2005 541 quas
2021 470 2217 542 gesserunt,
2244 475 2278 533 et

259 556 439 633 cionatur,
460 544 617 635 superari
640 567 676 613 se
698 543 939 633 magnitudine
962 567 1080 613 earum
1098 546 1238 628 fatetur,
1289 543 1459 612 virtutum
1479 543 1712 614 consideratio
1737 570 1801 614 nos
1821 551 1979 634 erudiat,
2004 569 2044 623 iit
2068 557 2196 627 melius
2220 562 2278 629 in.

260 677 387 746 easque
401 649 498 717 nulla
513 645 711 738 eloquentia
728 645 810 713 satis
829 643 995 733 explicari
1018 669 1117 735 posse
1132 658 1237 715 testa·
1289 644 1497 732 telligamus,
1510 645 1595 737 quid
1610 646 1849 736 profiteantur.
1883 647 2021 721 Deinde
2036 656 2140 725 etiarn
2158 683 2277 729 exem-

260 770 330 826 tur.
379 748 599 818 Cum-autem
614 738 841 815 sic'iudicarit
855 744 1059 830 sistamus,
1086 747 1146 839 qui
1163 758 1237 816 erat
1289 746 1345 834 pla
1363 770 1649 837 unumquemque
1664 770 1727 815 suo
1742 748 1839 829 loco,
1875 763 1909 818 et
1926 776 1990 841 pro
2006 779 2070 826 sua
2084 760 2277 831 mediocri.

260 853 394 933 verius,
418 872 525 939 quarn
551 846 701 915 Pericles
724 858 842 915 orator
866 859 1010 929 tonans,
1042 847 1236 935 fulgurans,
1289 859 1358 915 tate
1372 847 1416 914 ad
1435 847 1574 917 virtutis
1594 847 1827 917 imitationem
1845 852 2006 928 excitent.

257 953 346 1022 etin
362 949 540 1018 mentibus
560 948 760 1016 auditorum
776 945 913 1014 aculeos
934 946 1157 1041 relinquens,
1179 971 1236 1015 ar·
1389 961 1590 1044 postremo,
1615 975 1653 1029 up
1670 964 1761 1031 veri,
1779 978 1813 1033 ep
1836 969 2042 1042 ardentibus
2058 977 2149 1047 votis
2164 1004 2183 1048 a
2197 976 2276 1051 Deo

257 1053 363 1122 debat
384 1049 479 1119 enim
501 1046 624 1118 divino
645 1060 745 1116 motu
765 1058 869 1138 atque
889 1044 1034 1117 adllatu:
1063 1049 1150 1141 quid
1172 1071 1236 1115 nos
1288 1076 1464 1152 petamus,
1490 1076 1528 1130 up
1544 1058 1735 1131 Ecclesiam
1760 1082 1892 1151 servet,
1916 1093 1956 1138 ac
1980 1097 2044 1142 nos
2059 1102 2200 1170 quoque
2220 1082 2274 1151 sa·

257 1154 296 1221 in
311 1147 378 1220 hac
393 1148 632 1217 imbecillllale
648 1160 786 1229 1¹⁰Slrfli
809 1148 953 1232 dignum
974 1142 1038 1215 ¹¹³⁰
1058 1149 1236 1216 maiestate
1289 1164 1355 1232 ciat
1369 1186 1499 1252 organa
1513 1162 1632 1245 utilia,
1653 1165 1795 1235 adiuvet
1818 1191 1858 1234 ac
1878 1168 2049 1258 provehat
2066 1192 2202 1248 nostros
2217 1182 2273 1251 la-

257 1276 375 1322 rerum
391 1251 506 1318 dicere
521 1248 728 1339 possumus?
755 1244 807 1314 Ac
820 1247 880 1313 ille
895 1247 1036 1339 quidem
1050 1271 1122 1316 sese
1134 1261 1237 1317 vocat
1288 1267 1411 1347 bores,
1437 1276 1476 1332 ut
1496 1263 1534 1331 in
1552 1286 1738 1333 commune
1755 1268 1893 1355 prosint
1908 1266 2103 1363 Ecclesiae,
2130 1281 2200 1351 siiit
2214 1302 2271 1351 sa·

258 1353 449 1445 ἔκτρωμα,
476 1345 542 1416 boc
558 1362 627 1431 est,
652 1349 783 1415 loetum
799 1346 1025 1414 immaturum
1042 1363 1145 1441 atque
1168 1349 1236 1417 iiii-
1288 1366 1416 1433 tumes
1447 1364 1567 1446 honis,
1601 1388 1665 1431 nec
1695 1367 1838 1438 abiiciat
1869 1393 1934 1441 nos
1959 1364 2128 1468 tanquam
2160 1396 2271 1470 pestes

256 1454 435 1533 becillem,
460 1473 533 1517 ‘¹⁰¹¹
557 1471 675 1540 Parem
695 1446 840 1517 ‘aeleth
854 1444 1044 1535 AP⁰⁵¹⁰ll⁵·
1096 1446 1165 1519 sed
1184 1464 1237 1518 ¹³·
1288 1465 1424 1554 generis
1447 1460 1615 1548 buinani,
1641 1488 1701 1534 seu
1725 1480 1764 1535 ut
1785 1467 1916 1538 Paulus
1938 1488 2056 1560 vocat,
2084 1503 2165 1550 vasa
2187 1484 2273 1568 irae,

256 1577 338 1622 meri
352 1550 549 1620 illustribus
563 1548 924 1617 testimoniisvocatus
936 1548 980 1619 ad
993 1549 1143 1641 docendi
1157 1573 1236 1619 iiiu-
1289 1589 1440 1656 qpomm
1475 1564 1620 1633 infoelix
1646 1566 1860 1637 curriculum
1892 1575 2137 1666 multipliciter
2169 1598 2273 1654 nocet

178 1660 180 1665 ’
257 1677 341 1735 nus,
372 1651 543 1719 divinitus
565 1649 607 1716 ad
638 1671 713 1715 eam
746 1646 908 1715 militiam
932 1646 1124 1717 instructus
1152 1663 1236 1717 erat.
1288 1665 1589 1747 communium,
1613 1666 2136 1765 utvixitsauladexiremum‚
2159 1685 2272 1753 etam

256 1753 329 1822 Nos
362 1752 473 1820 multo
505 1749 631 1817 iustius
663 1769 889 1834 agnoscamus
921 1770 986 1814 nos
1019 1742 1236 1842 ἐκτρώματα
1288 1764 1573 1835 innumerabiles,

257 1875 348 1936 esse,
374 1847 440 1919 boc
465 1862 532 1931 est,
557 1848 662 1917 rudes
684 1859 717 1914 et
739 1846 905 1913 informes
922 1868 1069 1932 massas,
1094 1850 1139 1917 ab
1155 1862 1236 1919 ortu
1388 1880 1488 1968 Qo⁰⁸
1507 1882 1568 1948 3111
1590 1883 1676 1961 fines
1698 1884 1735 1951 in
1752 1888 1968 1979 panegyricis
1990 1912 2181 1983 proponat,
2208 1896 2268 1971 bie

1287 1982 1431 2050 recitare
1448 1983 1592 2069 longum
1611 1997 1710 2057 esset.
1751 1984 1820 2055 Sed
1836 1989 1879 2054 ad
1898 1985 1961 2058 bos
1978 2017 2066 2083 quos
2080 1998 2152 2066 diiii
2168 2025 2268 2088 prae·

342 2078 419 2172 Ego
434 2083 541 2171 igitur
554 2082 599 2149 de
614 2104 689 2149 mea
704 2080 942 2149 imbecillitate
957 2081 1123 2169 cogitans,
1138 2082 1234 2150 aliud
1286 2083 1387 2171 cipue
1411 2085 1606 2153 reserantur
1637 2079 1721 2152 liaec
1753 2089 1930 2173 encomia,
1971 2108 2175 2166 nostrorum
2207 2097 2270 2169 be-

253 2197 497 2275 argumentum
515 2181 746 2251 institueram.
797 2180 866 2249 Sed
884 2204 940 2247 me
956 2181 1059 2249 amici
1081 2184 1125 2250 ad
1143 2181 1234 2251 Pau·
1287 2207 1406 2264 roum,
1438 2206 1501 2271 per
1522 2206 1610 2273 quos
1641 2183 1736 2256 Deus
1764 2187 1926 2259 mirando
1958 2196 2107 2266 consilio
2135 2213 2169 2269 et
2203 2201 2270 2268 iiii-

252 2287 346 2364 lum,
378 2279 444 2351 bac
471 2283 631 2353 oratione
652 2280 876 2349 revocabant.
928 2279 1034 2368 Quod
1061 2281 1126 2350 etsi
1149 2276 1235 2351 baec
1286 2305 1404 2350 mensa
1429 2282 1586 2351 bonitate
1609 2307 1674 2352 nos
1696 2287 1740 2352 ad
1766 2288 1925 2360 coelestis
1951 2294 2045 2363 vitae
2070 2298 2270 2370 societatem

253 2386 391 2453 infirma
412 2382 606 2452 mortalitas
627 2404 691 2448 nec
706 2377 773 2447 Dei
796 2393 976 2464 naturam,
1001 2405 1065 2450 nec
1080 2381 1154 2449 eius
1171 2382 1230 2449 be·
1287 2383 1434 2451 vocavit.
1486 2377 1598 2451 Acin
1635 2378 1764 2453 horum
1788 2388 1913 2457 finium
1944 2397 2160 2484 expositione
2195 2416 2269 2471 tota

251 2476 375 2555 nelicia
391 2482 530 2573 penitus
548 2480 773 2569 introspicere
794 2480 917 2569 possit,
940 2480 1086 2573 cogitari
1104 2494 1234 2562 tamen,
1286 2479 1369 2551 baec
1387 2482 1499 2550 oratio
1515 2486 1853 2555 nostra‘versabitur.

251 2584 401 2674 agnosci,
416 2595 448 2651 et
470 2581 578 2671 aspici
600 2604 639 2649 ea
652 2579 748 2649 Deus
772 2580 890 2672 aliquo
909 2585 1016 2648 modo
1035 2581 1129 2649 velit.
1181 2580 1232 2649 Ne
1385 2598 1543 2666 primum
1558 2600 1665 2686 igitur
1678 2599 1753 2669 Deo
1771 2618 1931 2690 memo,
1957 2611 2044 2697 pani
2067 2613 2267 2690 liberatoris

250 2687 335 2754 ‘⁰¹5⁵
351 2684 495 2776 quidem
516 2683 689 2775 sulgmm
714 2680 887 2749 ”minem
911 2680 1023 2763 “ulli
1050 2704 1164 2773 ”eque
1181 2696 1233 2749 Μ·
1285 2699 1398 2768 nostri
1417 2698 1493 2766 lesu
1509 2693 1653 2784 Christi,
1669 2704 1845 2774 conditori
1861 2709 2017 2778 omnium
2036 2736 2169 2800 rernm,
2187 2741 2266 2804 gra.

250 2811 330 2854 men
350 2796 531 2877 propterea
545 2782 659 2851 lucem
675 2780 840 2867 sugimus.
892 2779 1014 2867 Quid?
1046 2785 1139 2873 quod
1161 2782 1232 2870 ipse
1284 2802 1350 2869 1535
1364 2822 1449 2885 ago,
1477 2821 1607 2891 vosque
1623 2824 1760 2870 mecum
1777 2819 1850 2875 toto
1874 2824 2009 2897 pectore
2024 2836 2124 2901 agere
2146 2817 2267 2903 iubeo,

248 2884 345 2955 Deus
362 2884 493 2975 pariter
508 2905 544 2949 se
560 2905 684 2951 senum
704 2893 737 2947 et
760 2902 950 2968 puerorum
966 2905 1048 2948 voce
1064 2881 1232 2949 celebrari
1284 2899 1378 2991 quod
1393 2896 1585 2966 Ecclesiam
1608 2900 1676 2968 ,ibi
1701 2920 1904 2994 perpetuam
1927 2912 2104 2992 condidit,
2127 2939 2167 2985 ac
2185 2918 2266 2986 Do·

249 2987 362 3057 5¹¹⁵⁵l¹·
414 2980 575 3075 Denique
598 2983 845 3069 disputabant,
870 2994 903 3049 ⁰¹
928 2983 1124 3071 exeml)lum
1147 2981 1233 3049 ⁰5¹⁸
1284 3014 1396 3070 ctores
1434 3000 1477 3065 ad
1517 3022 1594 3066 eam
1635 3001 1901 3077 instaurandam
1944 3013 2092 3081 subinde
2129 3019 2266 3089 excitat.

249 3109 321 3152 esse
338 3084 490 3166 caeteris,
516 3097 549 3152 et
566 3083 668 3151 bonis
683 3083 816 3149 nullam
836 3081 1028 3150 orationem
1045 3081 1232 3169 gratiorem
1285 3098 1447 3187 Quorum
1482 3122 1545 3167 νο,
1577 3100 1644 3189 5935
1671 3106 1876 3195 praecipuos
1904 3114 2033 3181 animis
2058 3133 2267 3199 enumerate,

249 3185 343 3264 f⁰r0²
377 3179 444 3249 ¹¹0⁰
461 3180 673 3294 ‚presertim
699 3182 777 3264 dir,
817 3205 923 3296 quam
954 3183 1233 3274 quaemcunque
1285 3201 1367 3267 inae
1390 3221 1500 3290 usque
1524 3222 1543 3266 a
1566 3196 1677 3269 Notio.
1737 3202 1831 3288 Quia
1861 3212 1957 3276 enim
1984 3215 2175 3285 iucunda„
2197 3243 2267 3288 m,

249 3282 418 3352 Paulinae
434 3275 600 3347 historiae
617 3294 996 3349 commemorationem.
1285 3301 1398 3368 bonae
1414 3299 1523 3367 menti
1540 3314 1671 3390 potest,
1694 3325 1797 3391 quam
1822 3308 1866 3370 de
1881 3308 2013 3378 virtute
2035 3319 2135 3384 aede
2158 3334 2269 3389 certa-

347 3413 487 3485 Homm
520 3412 705 3479 obsecutus
737 3431 797 3476 seu
830 3409 980 3492 iudicio,
1014 3435 1074 3479 seu
1102 3413 1232 3501 studio,
1286 3399 1441 3466 millibus
1461 3400 1585 3467 talium
1599 3399 1771 3480 virorum,
1802 3402 1932 3473 imilde
1946 3405 2013 3476 Del
2038 3415 2195 3488 bonitale
2209 3445 2270 3489 CO-

248 3497 339 3587 redii
353 3519 398 3585 ad
414 3512 584 3595 Paulum,
608 3532 740 3603 vosque
755 3532 836 3594 oro,
857 3522 897 3579 ut
914 3509 1049 3578 etiamsi
1067 3512 1233 3601 amplitu-
1284 3498 1414 3588 gitare,
1440 3499 1500 3590 qui
1522 3495 1590 3567 boc
1613 3501 1686 3590 ipso
1709 3500 1897 3588 beneficio,
1921 3514 2014 3599 quod
2039 3536 2128 3601 pene
2151 3523 2269 3588 conti·

248 3618 325 3686 dini
338 3612 536 3705 argumenti
549 3634 623 3680 oon
638 3610 866 3702 respondebit
881 3609 993 3679 oratio
1009 3634 1097 3697 mea,
1115 3626 1232 3683 tamen
1283 3599 1365 3667 riuis
1380 3600 1551 3668 aetatibus
1575 3599 1824 3671 instauratores
1845 3606 2020 3693 excitavit,
2041 3626 2183 3682 testatus
2203 3635 2267 3701 est,

246 3743 312 3811 pm
337 3730 449 3786 vem,
475 3712 1004 3802 p521212‚2202nd0r0v251r0,
1032 3707 1232 3804 hancqua.
1283 3696 1476 3768 Ecclesiam
1498 3700 1565 3767 sibi
1589 3724 1734 3788 magnae
1757 3727 1859 3772 curae
1878 3730 1961 3776 esse.
2010 3709 2079 3780 Sed
2097 3715 2200 3784 venio
2217 3725 2264 3787 ad

244 3821 629 3910 lemmqueopfflm
649 3811 735 3880 honi
761 3806 961 3884 consulati,
1013 3811 1107 3881 {llud
1127 3815 1231 3883 etiam
1284 3802 1475 3868 secundum
1494 3801 1690 3870 membrum
1708 3802 1887 3874 institutae
1905 3810 2108 3897 partitionis.

246 3920 284 3988 in
309 3915 375 3988 bac
402 3930 474 3988 tani
499 3914 614 4005 ampla
637 3911 865 3983 causa-nobis
886 3911 1150 3984 incommodum
1170 3926 1232 3998 est,
1381 3911 1471 3983 Cum
1492 3915 1560 3983 alia
1584 3917 1714 4000 multa,
1737 3931 1812 3987 tuin
1836 3943 1918 3989 vero
1935 3925 2040 3993 etiam
2060 3931 2264 4004 constitutio

247 4023 342 4113 quod
370 4031 508 4106 tempus
538 4016 584 4084 ad
604 4013 793 4082 dicendum
820 4013 934 4082 multo
961 4014 1102 4085 brevius
1128 4014 1231 4084 nobis
1284 4029 1318 4085 et
1332 4015 1436 4107 series
1452 4015 1699 4106 imperiorum,
1726 4032 1872 4090 testatur
1897 4018 1991 4093 bunc
2009 4031 2180 4097 mundum
2196 4030 2267 4103 Dei

243 4120 460 4199 conceditur,
487 4138 590 4206 quam
607 4127 777 4204 quantum
795 4106 901 4180 buius
913 4115 1109 4203 argumenti
1124 4116 1231 4185 uber·
1284 4117 1431 4185 consilio
1450 4140 1489 4184 ac
1517 4115 1740 4205 providentia
1764 4122 1856 4208 regi,
1889 4138 1939 4207 et,
1970 4149 2025 4195 res
2051 4127 2212 4220 loquitur
2229 4134 2268 4202 in

243 4237 296 4291 tas
318 4219 482 4310 postulat.
534 4211 654 4297 Quare
670 4211 824 4280 breviter
841 4234 975 4280 sumina
993 4235 1119 4304 sequar
1133 4216 1231 4283 fasti·
1283 4211 1434 4285 heroicis
1459 4216 1627 4295 ducibus,
1656 4229 1696 4286 ut
1722 4218 1760 4285 in
1786 4218 1900 4313 Cyro,
1938 4219 2160 4312 Alexandro,
2189 4212 2267 4301 Sci.¹

244 4322 298 4410 gia
316 4340 453 4396 rerum,
476 4325 518 4382 ut
531 4310 663 4380 Politae
678 4309 795 4378 verbis
812 4323 902 4382 utar.
1283 4316 1399 4406 pione,
1425 4313 1597 4405 Augusto,
1624 4317 1776 4408 impetus
1791 4342 1894 4410 supra
1911 4345 2134 4396 communem
2150 4309 2267 4401 bomiss

330 4447 384 4519 Ac
404 4443 433 4511 si
452 4439 680 4534 panegyricos
697 4452 828 4508 veteres
843 4438 976 4509 imitari
992 4440 1246 4531 instituissem,
1283 4441 1369 4535 ΠΨ
1403 4430 1565 4487 mmmm
1591 4419 1756 4534 fl³8r³rfi
1786 4433 1820 4536 ²}
1846 4425 2009 4493 aecedffl'o
2040 4428 2266 4502 foelicitatem

242 4550 396 4645 primum
414 4546 458 4613 de
471 4541 574 4613 Pauli
589 4562 732 4631 genere,
759 4538 888 4631 patria,
914 4541 1151 4629 incunabulis,
1175 4547 1230 4614 di·
1282 4517 1506 4607 singularem.
1557 4515 1659 4586 Hanc
1680 4516 1829 4588 Virtutis
1851 4533 1884 4588 et
1899 4519 2076 4595 Fortunae
2095 4533 2268 4601 excellen-

51 4664 59 4673 ·
122 4685 128 4693 .
242 4674 372 4722 cerem,
407 4648 468 4715 ,ed
492 4643 637 4713 aliunde
659 4640 774 4711 ordiri
796 4642 947 4718 decrevi·
1002 4641 1164 4715 primum
1185 4650 1230 4716 d,
1283 4619 1368 4687 tiam
1398 4617 1473 4688 sani
1507 4640 1629 4686 omnes
1660 4616 1854 4703 mirantur,
1896 4635 1930 4690 et
1958 4627 2154 4716 suspiciunt
2184 4633 2268 4703 illos

240 4750 352 4824 causis
376 4747 554 4817 monenda
576 4757 628 4814 est
647 4743 901 4826 adolescentia,
935 4769 999 4815 cur
1026 4748 1138 4838 prosit
1166 4742 1230 4816 bas
1281 4740 1437 4788 ⁸⁰¹⁰¹¹¹⁰⁸
1452 4716 1565 4800 ⁹5⁹⁰&
1589 4716 1651 4835 ‘lul
1666 4717 1751 4787 ³¹5&
1766 4720 1849 4789 alibi
1867 4723 1921 4839 Vfl
1938 4727 2195 4803 ⁶0nslllueront
2210 4734 2268 4803 vel

240 4849 407 4923 historias
429 4868 649 4937 cognoscere.
700 4842 793 4915 Sunt
815 4844 911 4913 enim
934 4858 1004 4916 tres
1022 4848 1230 4941 praecipuae
1282 4819 1531 4896 d²s⁰¹¹d²f⁰¹¹²2
1556 4818 1613 4885 vel
1627 4831 1869 4890 ¹⁰³t³¹¹²³lu¹¹²
1886 4826 2043 4914 ¹¹¹¹P‘9153·

114 4946 128 4959 ”
239 4974 382 5034 causae,
415 4972 563 5043 quarum
585 4947 699 5038 prima
721 4958 788 5017 est:
823 4942 872 5016 Ut
891 4947 979 5039 quid
1005 4947 1051 5018 sit
1068 4946 1229 5020 'Ecclesia
1381 4947 1460 5019 Etsi
1476 4960 1593 5018 autem
1610 4944 1666 5019 his
1687 4951 1901 5022 antecellunt
1926 4958 2039 5026 nostri
2055 4960 2178 5047 duces,
2204 4968 2269 5059 qui

240 5052 450 5143 cogitemus,
467 5063 511 5118 ⁴et
534 5048 705 5117 divinitus
728 5046 854 5116 missos
878 5070 951 5117 esse
972 5047 1079 5118 duces
1100 5074 1138 5120 ac
1164 5073 1230 5139 gu·
1279 5046 1472 5122 Ecclesiam
1495 5051 1753 5139 gubernarunt:
1780 5064 1897 5120 tamen
1922 5078 2042 5126 eorum
2060 5061 2172 5132 virtus
2193 5089 2269 5136 non

154 5218 160 5227 .
238 5158 446 5227 bernatores
467 5166 713 5236 agnoscamus,
744 5172 784 5217 ac
806 5159 882 5219 toto
905 5160 1045 5240 pectore
1060 5149 1141 5221 Deo
1149 5173 1230 5240 gra·
1281 5152 1427 5244 perinde
1452 5151 1668 5243 conspicitur
1688 5152 1734 5221 ab
1756 5150 1887 5241 ignaris
1910 5179 2030 5227 rerum
2054 5161 2270 5238 divinarum,

239 5256 305 5329 tias
321 5270 480 5343 agamus,
505 5270 568 5337 pro
591 5246 731 5316 donatis
755 5249 907 5318 aeternis
930 5248 1036 5319 bonis
1061 5266 1095 5323 et
1120 5251 1229 5319 mini·
1280 5250 1491 5340 Magnisacis
1510 5250 1718 5344 sapientiam
1734 5250 1896 5335 Solonis,
1917 5254 2088 5347 Augusti,
2112 5279 2146 5335 et
2168 5269 2271 5337 simi-

151 5407 157 5415 .
236 5355 370 5441 storiis,
396 5375 460 5445 pei
475 5370 564 5443 quos
581 5371 618 5417 ea
635 5342 841 5420 bominibus
858 5341 1033 5444 impertiti
1281 5353 1382 5437 lium,
1408 5357 1559 5447 quorum
1570 5353 1679 5440 teges,
1705 5374 1832 5441 magna
1848 5355 2014 5447 imperia,
2039 5363 2167 5435 multas
2181 5391 2271 5458 gen.
