4732 6030
62 253 134 327 169

62 449 132 495 nae
148 422 274 493 mentis
288 421 401 491 inesse
419 434 453 493 et
467 443 585 491 mores
605 445 645 490 ac
668 423 863 512 sententiae
881 448 963 493 cum
977 436 1053 493 stu-

63 528 136 596 diis
156 547 347 613 congruere
371 525 502 592 debent
524 538 647 594 contra
667 525 890 609 ebrietatem,
924 550 993 618 qua
1014 525 1052 592 in

62 623 130 698 hec
149 627 291 718 quidem
313 625 385 695 vita
407 621 500 693 nihil
522 624 662 695 foedius
677 649 752 695 esse
765 640 899 718 potest,
932 622 1054 696 dicen-

62 731 148 800 dum
173 728 237 814 sit,
266 722 361 795 nihil
382 728 525 811 dubito,
558 728 646 819 quin
668 728 753 798 satis
775 752 906 821 aequos
930 742 965 799 et
990 729 1055 799 be-

63 832 192 922 nignos
205 830 385 899 auditores
401 830 467 897 sim
485 823 681 900 habiturus.
732 826 781 899 Et
797 855 854 899 me
870 845 1054 901 contume-

62 933 111 1001 lia
136 955 198 1001 vos
226 931 364 1000 afficere
394 930 604 1014 iudicarem,
637 931 667 999 si
695 932 793 1001 velut
818 934 985 1003 dubitans
1010 935 1055 1002 de

64 1047 179 1103 vestra
195 1033 235 1100 in
251 1028 316 1101 hac
330 1055 432 1100 causa
448 1033 712 1118 benevolentia,
737 1033 842 1123 longa
866 1033 1056 1126 praelatio·-

64 1157 110 1204 ne
124 1159 201 1204 eam
216 1129 309 1202 mihi
328 1134 584 1205 conciliandam
606 1147 778 1223 putarem.
829 1133 1056 1229 Quapropter

63 1231 131 1307 hac
148 1236 292 1328 quidem
307 1250 405 1325 parte
419 1237 565 1321 omissa,
593 1260 706 1306 unum
723 1260 786 1305 vos
801 1241 990 1328 precabor,
1015 1250 1056 1308 ut

62 1339 94 1407 si
119 1337 238 1406 minus
261 1360 365 1429 quam
387 1361 451 1426 pro
475 1337 656 1407 atrocitate
685 1362 726 1407 ac
751 1340 918 1410 foeditate
948 1336 1056 1411 huius

61 1438 190 1528 flagitii
212 1438 325 1507 dicam
347 1452 379 1507 et
402 1452 545 1530 propter
566 1439 844 1510 imbecillitatem
861 1444 962 1512 oneri
977 1466 1052 1512 suc-

63 1540 249 1620 cumbam,
290 1540 327 1608 id
360 1565 425 1632 pro
458 1544 573 1610 vestra
606 1543 783 1635 aequitate
817 1547 922 1615 aetati
949 1568 1057 1628 meae,

65 1666 171 1735 quam
196 1641 362 1730 gravibus
383 1643 601 1729 argumentis
626 1645 820 1714 tractandis
849 1640 966 1717 adhuc
988 1647 1051 1714 im·

64 1744 489 1823 maturamessevidetis,
516 1759 551 1814 et
574 1745 739 1816 tenuitati
763 1747 897 1836 ingenii
923 1749 1058 1816 condo-

64 1828 168 1915 netis'.
220 1844 328 1933 Quod
352 1869 410 1913 nte
425 1845 567 1937 quidem
584 1848 721 1916 avobis
736 1871 811 1916 non
833 1849 977 1916 difficile
991 1850 1059 1914 im-

64 1960 287 2038 petraturum
306 1948 457 2035 spondet
471 1968 607 2014 somma
624 1941 825 2016 humanitas
840 1963 954 2024 vestra
971 1944 1059 2017 mibi

64 2072 142 2117 non
158 2049 292 2137 ignota.

171 2145 314 2218 Omissa
335 2146 445 2235 igitur
466 2148 628 2238 longiore
651 2151 883 2240 praefatione,
916 2154 962 2222 ad
984 2174 1058 2226 rem

66 2250 186 2343 potius
208 2251 320 2340 ipsam
342 2251 558 2321 accedamus.
617 2249 671 2321 De
695 2255 899 2324 temulentia
921 2249 1011 2322 mihi
1027 2266 1059 2322 et

69 2353 237 2424 ebrietate
257 2352 296 2418 in
318 2351 516 2441 praesentia
540 2353 654 2423 oratio
677 2355 760 2440 erit,
798 2358 1060 2437 Adolescentes,

68 2457 112 2525 de
127 2478 195 2548 qua
212 2475 293 2542 ego,
318 2453 378 2521 sed
393 2453 463 2520 alio
482 2456 636 2545 quodam
650 2458 757 2525 modo
773 2457 890 2528 dicere
907 2480 1061 2550 possum,

69 2558 167 2651 quod
198 2558 242 2624 de
271 2553 403 2623 virtute
436 2552 536 2624 Plato
570 2557 677 2642 dixit,
720 2560 948 2630 incredibiles
983 2583 1059 2629 eam

68 2680 207 2728 amores
226 2658 264 2724 in
280 2655 408 2725 animis
422 2649 626 2743 hominum,
650 2659 679 2728 si
697 2662 808 2730 oculis
825 2663 959 2754 percipi
979 2685 1061 2753 pos-

69 2773 138 2844 set,
169 2759 406 2832 excitaturam.
464 2758 519 2828 lta
543 2759 768 2844 ebrietatem,
800 2765 831 2832 si
854 2766 929 2834 eius
947 2764 1063 2855 turpi-

68 2864 176 2945 tudo,
203 2873 334 2952 quanta
356 2871 426 2937 est,
457 2881 476 2926 a
500 2858 606 2925 nobis
627 2874 847 2944 cerneretur,
875 2888 915 2932 ac
938 2866 1063 2931 sinon

69 2962 164 3034 oculi
178 2962 291 3030 nostri
306 2981 380 3027 rem
393 2969 467 3024 tam
479 2957 618 3023 foedam
632 2960 886 3030 consuetudine
902 2965 1064 3055 quadam,

69 3088 138 3158 qua
153 3058 248 3131 nihil
266 3061 305 3125 in
329 3056 436 3124 rebus
451 3056 553 3124 malis
567 3059 753 3129 nocentius
774 3074 843 3145 est,
867 3087 977 3155 prope
993 3065 1062 3133 iam

67 3167 162 3236 ferre
181 3157 404 3242 didicissent,
430 3149 524 3225 haud
545 3158 652 3228 dubie
671 3161 918 3249 gravissimum
939 3167 1063 3234 odium

66 3267 127 3335 sni
150 3261 244 3352 apud
267 3281 388 3329 omnes
408 3259 613 3347 parituram.
665 3258 779 3331 Nemo
793 3265 888 3333 enim
906 3279 975 3350 est,
1001 3267 1063 3360 qui

65 3389 146 3436 non
170 3375 246 3432 toto
267 3383 414 3451 corpore
435 3373 541 3451 atque
564 3361 685 3431 animo
712 3359 989 3452 cohorresceret,
1022 3391 1063 3437 ac

66 3467 166 3538 velut
181 3465 227 3532 ad
243 3461 444 3531 ominosum
457 3474 492 3529 et
505 3461 698 3534 infaustum
709 3465 851 3558 aliquod
862 3482 1062 3540 monstrum

67 3576 231 3662 paveret,
256 3563 393 3655 quoties
408 3562 448 3630 in
468 3563 557 3632 ebrii
575 3565 723 3636 alicuius
738 3561 894 3639 hominis
916 3594 1057 3663 conspe-

68 3682 165 3741 ctum
177 3665 378 3747 incidisset,
404 3664 435 3732 si
449 3686 525 3731 non
542 3666 652 3737 veluti
664 3669 788 3739 morbo
802 3673 955 3764 quodam
968 3673 1061 3742 oculi

69 3769 183 3841 nostri
207 3762 363 3836 hebetati
387 3765 617 3852 caecutirent,
643 3781 679 3838 et
696 3784 831 3841 mentes
853 3777 896 3841 ad
920 3797 1060 3843 sensum

68 3885 187 3944 tantam
205 3868 385 3939 foeditatis
410 3869 666 3937 consuetudine
689 3870 763 3959 ipsa
791 3872 858 3939 iam
877 3875 1067 3979 occalluis-1

69 3986 158 4044 sent.
215 3969 256 4041 Si
273 3969 368 4039 enim
388 3993 467 4037 curn
483 3969 572 4060 quid
586 3969 625 4038 in
640 3983 765 4039 natura
779 3995 897 4042 rernm
921 3998 941 4042 a
965 3998 1062 4043 com-

71 4072 176 4144 muni
190 4072 273 4162 lege·
289 4095 329 4142 ac
351 4071 476 4140 ordine
499 4071 698 4141 deerratum
724 4072 903 4158 videmus,
933 4069 1062 4143 exhor-

12 4192 15 4197 “
71 4197 152 4246 rere
164 4186 265 4266 atque
286 4196 326 4242 ea
342 4185 499 4241 monstra
515 4172 714 4241 abominari
737 4174 908 4257 solemus,
940 4188 1062 4267 utpote

69 4299 154 4348 cum
171 4299 211 4343 ex
225 4276 314 4344 hove
330 4272 492 4363 bicipites
515 4274 663 4360 vitulos,
695 4298 737 4343 ex
762 4298 823 4346 sue
845 4299 967 4346 canem
986 4278 1062 4346 edi-

69 4394 171 4462 tum,
196 4389 256 4445 sut
268 4375 403 4470 aliquid
419 4374 625 4445 inusitatum
640 4401 659 4445 e
678 4389 771 4447 terra
783 4391 926 4463 natum,
952 4379 1008 4447 vel
1023 4380 1061 4447 in

68 4479 171 4552 coelo
203 4492 424 4568 conspectum
454 4477 670 4567 accepimus,
711 4502 785 4548 non
820 4480 939 4551 minus
969 4494 1061 4551 certe

68 4578 310 4653 abominabile
325 4592 359 4649 et
372 4580 587 4649 obscoenum
609 4593 813 4670 portentum
828 4581 1060 4652 iudicandum

68 4696 139 4767 cst,
160 4705 242 4752 cum
258 4674 418 4749 homines
430 4680 757 4750 excellentissimam
771 4682 872 4751 illam
886 4698 1061 4766 naturam,

69 4808 161 4880 qnae
173 4784 218 4853 ad
234 4782 382 4872 gloriam
397 4780 485 4862 Dei,
511 4783 555 4851 ad
579 4781 899 4870 immortalitatem,
924 4788 969 4855 ad
987 4786 1059 4853 vir-

67 4900 179 4958 tutem
198 4898 304 4978 atque
316 4883 585 4975 temperantiam
599 4885 742 4954 condita
761 4898 832 4970 est,
857 4887 918 4956 illa
931 4888 1061 4956 imma-

66 4987 109 5058 ni
123 4983 296 5057 helnandi
312 5011 353 5057 ac
367 4986 576 5076 perpotandi
595 4987 852 5056 cousuetudine
872 4989 922 5059 ita
938 5013 979 5058 ex
994 4983 1061 5058 ho-

67 5078 226 5160 minibus
239 5088 278 5157 in
300 5088 393 5158 leras
415 5085 542 5155 bestias
556 5087 802 5157 transformari
817 5088 995 5174 videmus,
1019 5103 1062 5160 ut

68 5205 208 5284 praeter
229 5190 304 5261 oris
326 5190 538 5258 lineamenta
563 5190 602 5258 in
621 5188 694 5258 illis
709 5183 858 5259 humani
875 5186 969 5261 nihil
983 5214 1060 5260 am·

66 5294 162 5387 plius
184 5315 375 5385 agnoscere
397 5289 518 5382 possis.
577 5289 627 5362 At
647 5290 735 5386 qnid
756 5293 800 5361 de
820 5291 942 5365 bestiis
966 5293 1059 5375 dico,

64 5421 217 5492 quarum
239 5395 312 5466 vita
334 5405 417 5464 utut
440 5404 507 5477 est,
532 5394 645 5465 multo
666 5407 778 5482 certe,
802 5415 908 5487 quarn
928 5389 1058 5466 borum

608 304 612 311 -
730 247 892 328 DECL.
945 246 1021 324 DE
1061 243 1423 321 EBRlETA'l'Fx

2021 243 2095 318 tro

1104 414 1314 503 homiuum,
1349 417 1469 488 minus
1497 429 1548 487 est
1580 417 1812 504 detestabilis,
1851 431 1974 511 utpote
2003 442 2093 512 quae

1104 532 1251 590 naturae
1274 520 1343 610 ipsi
1363 532 1480 589 tamen
1503 519 1694 588 conformis
1716 535 1750 590 et
1774 534 2009 590 consentanea
2030 534 2093 589 est.

1105 617 1155 691 At
1178 621 1236 692 isti
1262 616 1424 691 homines
1445 624 1564 711 sugere
1587 644 1733 712 prorsus
1754 645 1790 690 se
1813 623 1900 713 ipsi,
1926 636 1961 693 et
1976 618 2110 690 homi-·

1106 745 1189 791 nem
1222 747 1263 791 ex
1296 718 1440 793 homine
1474 736 1656 808 exuentes,
1703 737 1865 793 naturam
1899 719 2093 794 humanam

1106 824 1222 894 odisse
1244 826 1427 907 videntur,
1461 827 1532 896 imo
1557 849 1640 894 vero
1664 849 1743 895 cnm
1767 849 1807 893 ea
1824 826 2096 914 belligerantur,

1107 939 1142 994 et
1155 940 1347 1017 expugnata
1364 929 1457 1018 ipsa,
1482 931 1605 1013 aliam,
1631 951 1670 997 ac
1687 927 1798 995 nimio
1815 928 2015 1020 plusquam
2032 927 2097 996 be-

1107 1028 1243 1096 luinam
1257 1030 1429 1114 induunt,
1454 1045 1494 1100 ut
1510 1043 1602 1103 recte
1617 1031 1752 1098 dictum
1769 1030 1832 1098 sit:
1860 1025 2016 1098 Omnem
2032 1052 2096 1096 na·

1108 1145 1222 1200 turam
1246 1154 1337 1223 quac
1360 1153 1379 1198 a
1400 1152 1460 1199 sue
1484 1133 1599 1222 specie
1621 1132 1825 1220 degeneret,
1851 1132 1888 1199 in
1905 1132 2018 1201 multo
2034 1132 2097 1198 de-

1107 1231 1273 1303 teriorem
1290 1233 1404 1317 abire,
1431 1231 1580 1325 quamsi
1597 1256 1672 1301 eam
1691 1244 1854 1302 naturam
1870 1233 2097 1321 ingenuisset.

1107 1330 1258 1404 Etcum
1281 1329 1520 1419 horrendum,
1551 1349 1626 1404 tum
1656 1356 1740 1402 vero
1771 1333 1875 1402 etiam
1898 1334 2098 1403 miserabile

1109 1448 1182 1520 est,
1202 1459 1244 1504 ex
1259 1437 1425 1505 omnibus
1439 1435 1678 1505 animantibus
1700 1459 1812 1506 unum
1828 1430 2010 1505 hominem
2025 1451 2099 1506 tam

1109 1538 1214 1625 louge
1230 1539 1276 1606 ab
1292 1562 1330 1606 ea
1345 1539 1571 1622 excellentia,
1596 1539 1640 1608 ad
1658 1560 1762 1630 qnam
1786 1536 1957 1606 divinitus
1975 1537 2099 1605 condi-

1109 1653 1166 1708 tus
1184 1652 1254 1724 est,
1278 1641 1499 1729 degenerare.
1552 1637 1651 1727 Quid
1668 1640 1763 1708 enim
1782 1652 1930 1709 essesut
1952 1638 2099 1726 cogitari

1111 1752 1241 1831 potest,
1267 1765 1341 1809 non
1356 1744 1425 1810 iam
1440 1745 1556 1810 dicam
1567 1738 1800 1824 humanitati,
1823 1742 1883 1809 sed
1900 1740 1967 1832 ipsi
1981 1739 2100 1808 omni-

1112 1865 1159 1909 no
1175 1855 1323 1910 naturae
1345 1844 1456 1931 magis
1478 1845 1682 1926 adversum,
1709 1865 1814 1934 quam
1830 1843 1904 1910 suis
1919 1841 2102 1924 membris,

1112 1942 1310 2012 valetudini
1338 1945 1498 2036 vitaeque
1521 1944 1706 2035 propriae,
1746 1944 1842 2013 ultro
1867 1958 1899 2013 et
1925 1944 2023 2013 nulla
2057 1945 2102 2011 de

1112 2066 1214 2113 causa
1238 2045 1311 2112 vim
1333 2046 1483 2115 afferre?
1533 2045 1660 2116 Solent
1682 2042 1749 2115 hoc
1771 2070 2029 2138 nonnunquam
2049 2047 2103 2113 fa-

1113 2169 1208 2229 cere,
1241 2148 1302 2238 qui
1324 2163 1441 2218 mente
1463 2148 1554 2238 capti
1581 2161 1687 2240 atque
1707 2149 1746 2215 in
1771 2148 1927 2217 furorem
1945 2148 2031 2231 acti,
2056 2168 2101 2214 ne

1112 2248 1246 2337 seipsos
1275 2248 1435 2335 laedant,
1478 2251 1629 2320 vinculis
1660 2245 1903 2321 cohercentur.
1970 2245 2020 2319 At
2043 2248 2103 2317 isti

1113 2344 1301 2434 heluoues,
1328 2353 1389 2444 qui
1404 2346 1520 2421 adhuc
1543 2352 1672 2421 mentis
1694 2376 1734 2420 ac
1749 2353 1897 2421 rationis
1913 2364 2104 2441 compotes,

1114 2453 1142 2520 si
1160 2450 1238 2521 Diis
1256 2455 1386 2544 placet,
1414 2455 1525 2522 videri
1543 2454 1744 2543 postulant,
1770 2453 1923 2520 simodo
1939 2466 2042 2533 sunt,
2066 2459 2105 2518 et

1114 2578 1187 2622 non
1203 2558 1315 2624 multo
1331 2557 1484 2646 graviori
1503 2578 1629 2645 genere
1651 2554 1783 2624 suroris
1806 2555 2002 2643 agitantur,
2036 2545 2104 2619 ho-

1114 2657 1230 2726 stilem
1252 2657 1290 2725 in
1312 2660 1456 2727 modum
1480 2658 1638 2748 sibiipsi
1660 2677 1788 2726 manus
1810 2655 1983 2739 afferunt,
2013 2653 2105 2721 inse

1115 2760 1209 2848 ipsos
1238 2759 1448 2843 saevientes,
1487 2759 1800 2851 infestissimosque
1828 2758 1989 2840 morbos,
2023 2778 2105 2823 cru-

1115 2862 1244 2940 ciatus,
1268 2876 1373 2953 atque
1389 2863 1553 2939 exitium,
1578 2862 1674 2930 ultro
1696 2884 1735 2928 ac
1750 2860 1907 2928 volentes
1925 2859 2104 2925 videntes-

1115 2985 1183 3054 que
1200 2962 1270 3031 sibi
1285 2977 1477 3032 accersunt.
1518 2959 1558 3028 ld
1575 2962 1622 3032 ita
1637 2983 1710 3029 esse
1724 2961 1928 3052 quotidiana
1945 2958 2105 3050 exempla

1116 3062 1224 3129 nimis
1245 3064 1355 3132 multa
1387 3075 1581 3148 testantur,
1612 3076 1645 3132 ot
1670 3086 1727 3131 res
1749 3062 1908 3154 loquitur
1936 3061 2030 3151 ipsa,
2065 3073 2106 3130 ut

1115 3186 1299 3254 nunquam
1320 3166 1436 3234 verius
1458 3189 1562 3258 quam
1588 3159 1655 3233 hoc
1676 3178 1833 3253 tempore
1854 3164 1924 3232 dici
1941 3162 2106 3254 potuerit,

1116 3265 1234 3354 plures
1250 3267 1393 3355 crapula
1410 3291 1515 3359 quam
1536 3267 1653 3354 gladio
1674 3267 1902 3350 occumbere,
1927 3265 2000 3333 imo
2021 3288 2105 3333 vero

1115 3367 1234 3457 plures
1257 3369 1399 3458 crapula
1424 3371 1556 3460 seipsos
1576 3367 1767 3436 crudeliter
1789 3368 1966 3450 occidere,
1999 3382 2107 3457 quam
2177 3428 2184 3445 ,

1114 3468 1190 3537 ullo
1216 3468 1285 3538 alio
1311 3491 1436 3558 genere
1458 3469 1583 3539 mortis
1609 3482 1672 3538 aut
1694 3492 1836 3538 casuum
1867 3463 2106 3538 humanorum

1114 3570 1240 3660 perire.
1300 3569 1391 3639 Nam
1414 3573 1508 3665 qnod
1526 3564 1619 3638 haec
1645 3571 1691 3642 sit
1723 3572 1921 3639 communis
1947 3571 2045 3640 labes
2067 3591 2106 3637 ac

1114 3671 1219 3739 ruina
1233 3671 1396 3742 sanitatis
1413 3673 1523 3743 animi
1540 3672 1672 3761 pariter
1694 3695 1734 3740 ac
1748 3672 1922 3760 corporis,
1948 3672 2041 3762 quod
2060 3668 2108 3769 ad

1115 3775 1413 3861 corrumpendum
1434 3798 1473 3844 ac
1497 3775 1732 3859 frartgendum
1763 3773 1919 3858 vigorem
1943 3767 2105 3837 omnium

1115 3875 1374 3954 membrorum,
1409 3875 1454 3939 ad
1478 3873 1621 3940 exitium
1645 3894 1685 3938 ac
1705 3884 1855 3939 mortem
1879 3870 1980 3938 nulla
1993 3869 2106 3958 magis

1115 3971 1394 4061 compendiaria,
1427 3994 1493 4040 nec
1514 3969 1657 4039 brevior
1677 3970 1723 4040 sit
1746 3971 1822 4055 via,
1855 3994 1929 4039 non
1947 3971 2106 4061 longum,

1114 4096 1230 4163 neque
1253 4069 1397 4140 difficile
1427 4073 1493 4143 erit
1514 4064 1710 4141 ostendere.
1768 4071 1884 4168 Quem
1910 4074 2005 4142 enim
2034 4096 2105 4144 un-

1114 4197 1221 4268 quam
1235 4173 1375 4241 vidistis
1391 4174 1570 4244 ebriosum
1585 4168 1785 4259 hominem,
1810 4175 1868 4243 cui
1884 4199 1958 4244 non
1975 4176 2012 4243 in
2029 4198 2105 4243 me-

1113 4275 1173 4345 dia
1198 4276 1340 4344 iuventa
1363 4299 1491 4367 corpus
1515 4276 1615 4345 omni
1639 4299 1766 4366 genere
1789 4273 1995 4346 morborum
2019 4300 2105 4345 con-

1113 4379 1245 4449 fectum
1269 4401 1308 4446 ac
1332 4378 1573 4462 debilitatum,
1608 4402 1731 4447 sensus
1757 4400 1880 4448 omnes
1905 4378 2106 4448 labefactati

1114 4478 1342 4570 corruptique
1356 4480 1528 4550 fuissent?
1568 4475 1730 4571 Occupat
1743 4481 1825 4549 illos
1842 4481 1980 4550 senium
1996 4493 2030 4550 et
2044 4504 2106 4549 oc-

1114 4604 1212 4651 casus
1239 4580 1350 4664 vitae,
1387 4582 1473 4649 dum
1501 4577 1617 4651 adhuc
1646 4596 1728 4652 sunt
1749 4583 1914 4666 iuvenes,
1948 4584 2105 4674 dumque

1114 4707 1220 4776 quam
1243 4681 1395 4750 maxime
1415 4684 1551 4752 viribus
1574 4684 1706 4772 pariter
1730 4683 1888 4772 corporis
1905 4696 2009 4777 atque
2024 4684 2105 4752 ani·

1113 4785 1165 4853 mi
1186 4785 1304 4873 vigere
1327 4807 1368 4853 ac
1394 4785 1509 4854 valere
1530 4784 1717 4857 debebant.
1769 4782 1892 4877 Neque
1909 4785 1944 4853 id
1960 4786 2127 4870 mirum,

1113 4886 1212 4955 nulla
1237 4885 1334 4953 enim
1356 4910 1436 4976 pars
1450 4899 1501 4956 est
1522 4887 1698 4976 corporis,
1724 4909 1839 4977 neque
1858 4887 1988 4970 animi,
2013 4911 2104 4981 quae
2166 4922 2171 4937 ¹

1112 5011 1187 5057 non
1203 4987 1269 5056 ista
1283 4987 1429 5057 immani
1446 4989 1655 5079 perpotandi
1671 5012 1711 5057 ac
1731 4982 1900 5056 heluandi
1914 5004 2105 5060 consuetu-

1112 5090 1197 5159 dine
1224 5088 1429 5176 gravissime
1456 5091 1628 5160 laedatur.
1695 5084 1927 5161 Stomachum
1948 5093 2103 5181 primum

1111 5204 1148 5260 et
1166 5213 1270 5280 epar,
1302 5214 1462 5285 quaeque
1477 5192 1546 5261 alia
1559 5193 1719 5261 membra
1737 5190 1931 5263 nutritioni
1948 5206 2103 5261 caetero·

1112 5314 1192 5362 rum
1209 5293 1380 5363 destinata
1405 5305 1507 5378 sunt,
1537 5304 1678 5366 necesse
1700 5306 1771 5378 e'st,
1797 5294 1866 5364 isto
1890 5294 2101 5384 poculorum

1111 5394 1276 5486 proluvio
1300 5395 1348 5465 ita
1370 5396 1549 5469 debilitari
1576 5395 1898 5492 atque-corrumpi,
1923 5406 1965 5462 ut
1985 5414 2102 5485 neque
