4732 6030
75 282 156 359 a1a
552 276 714 364 nucu.
765 269 840 359 uu
873 273 1207 365 autentico
1239 269 1647 371 unnutltossa.
2041 260 2132 356 -s14'

76 451 251 523 accidisse
276 461 416 541 praeter
440 449 658 541 opinionem.
719 450 839 525 Homo
865 451 1077 538 Germanus,
1123 448 1330 520 servitutem
1344 448 1448 538 ferre,
1469 459 1502 516 et
1518 446 1641 517 ulcisci
1658 445 1809 518 iniurias
1822 446 1983 541 Regibus
1996 449 2117 524 factas

80 553 300 645 minimeque
322 550 499 643 suspicax,
525 577 600 623 non
622 557 851 647 praevidebat
866 553 1075 626 Pontificem
1123 552 1196 624 Sed
1220 550 1250 620 si
1269 545 1357 619 haec
1380 571 1483 618 causa
1505 543 1597 618 nihil
1620 563 1740 620 movet
1760 573 1839 630 eos,
1872 551 2051 622 debebant
2069 565 2124 622 ta-

81 667 179 726 tanta
196 677 344 725 usurum
361 676 433 724 esse
451 655 616 746 superbia
632 670 666 726 et
680 658 887 729 crudelitate
903 680 984 747 erga
1000 652 1076 727 Re·
1124 677 1206 724 men
1229 651 1415 722 consulere
1432 646 1611 722 Ecclesiae
1631 652 1758 733 saluti,
1785 664 1819 721 et
1843 645 2032 724 cohercere
2054 653 2123 723 im-

78 777 159 845 gem
180 755 392 846 supplicem,
425 755 526 826 cuius
555 759 702 829 consilia
729 758 850 829 omnia
872 757 1076 850 spectabant
1122 757 1341 840 moderatam
1360 752 1573 844 potentiam3
1600 753 1700 822 nulla
1717 754 1812 823 enim
1834 775 1890 823 res
1914 755 2027 847 magis
2049 754 2123 824 ini-

79 858 151 927 iam
167 859 211 927 ad
228 857 470 927 defensionem
487 855 799 931 totiusChristiani
813 860 981 939 nominis,
999 882 1073 928 non
1122 856 1213 927 mica
1236 868 1344 947 atque
1367 855 1492 925 infesta
1518 868 1569 925 est
1587 850 1784 938 Ecclesiae,
1817 878 1922 948 quam
1947 856 2122 949 tyrannis.

81 957 320 1031 arbitrabatur
336 960 424 1042 fore,
445 971 485 1028 ut
500 959 732 1031 insultaretur
745 977 850 1055 atque
864 961 1075 1031 illuderetur
1124 957 1257 1027 Verum
1276 953 1368 1027 hanc
1383 956 1661 1048 disputationem
1684 956 1885 1026 reiicianus
1901 958 1945 1026 ad
1964 958 2120 1027 futuram

80 1060 151 1131 sibi
165 1060 263 1129 velut
280 1054 472 1147 lngnrthae
483 1061 524 1129 in
540 1058 735 1154 triumpho.
785 1064 850 1133 llla
871 1062 1074 1132 immanitas
1122 1059 1328 1153 synodum,
1354 1057 1385 1126 si
1402 1058 1488 1151 quid
1503 1070 1622 1128 tamen
1637 1059 1687 1127 ibi
1701 1059 1771 1129 loci
1787 1059 1855 1129 erit
1872 1058 1966 1127 veris
1983 1058 2120 1128 delibe-

80 1163 186 1232 credo
205 1157 343 1232 homini
357 1157 540 1231 Germano
555 1187 629 1234 non
645 1165 744 1236 venit
761 1165 798 1234 in
815 1178 981 1245 mentem,
1004 1189 1073 1234 un·
1122 1161 1335 1231 rationibus.
1370 1155 1476 1228 Nunc
1493 1160 1538 1227 ad
1557 1158 1778 1230 Eridericum
1793 1162 1919 1244 redeo,
1945 1159 2006 1253 qui
2022 1174 2119 1252 post-

79 1285 188 1355 quam
225 1264 320 1347 fore,
362 1277 403 1333 ut
433 1266 611 1349 sacerdos,
653 1265 714 1359 qni
750 1268 854 1338 debet
883 1265 1073 1337 modestiae
1121 1285 1229 1354 quam
1251 1284 1398 1353 eaquae
1419 1261 1463 1330 ad
1481 1281 1623 1350 pacem,
1648 1284 1685 1329 se
1703 1261 1868 1346 absente,
1893 1261 2117 1333 retinendam

78 1364 280 1453 exemplum
303 1386 393 1447 esse,
426 1365 554 1434 cervici
578 1364 806 1459 Imperatoris
827 1370 933 1460 pedes
957 1367 1073 1459 impo-
1121 1365 1161 1433 in
1185 1360 1380 1434 Germania
1410 1375 1445 1435 et
1474 1359 1575 1432 ltalia
1603 1363 1798 1431 necessaria
1828 1375 1947 1446 erant,
1978 1384 2118 1436 summo

77 1476 192 1548 neret,
207 1467 394 1534 etadderet
408 1467 679 1537 acclamationes
689 1469 1071 1541 contumeliosissimae.
1121 1465 1270 1535 consilio
1295 1463 1451 1555 providit
1473 1474 1580 1555 atque
1607 1463 1811 1549 constituit,
1850 1463 1986 1552 legibus
2011 1465 2117 1535 etiam

77 1562 176 1635 llaec
205 1566 235 1634 si
263 1566 507 1656 praevidisset,
541 1583 583 1640 ut
605 1593 668 1660 ego
692 1573 842 1664 quidem.
868 1570 1073 1656 ratiocinor,
1120 1567 1264 1658 optimis
1296 1565 1398 1649 latis,
1430 1564 1606 1636 contraxit
1635 1566 1796 1654 ingentes
1821 1566 1959 1657 copias,
1990 1587 2118 1661 easque
2146 1606 2150 1611 -

79 1663 235 1756 pertrahi
261 1668 301 1737 in
322 1666 412 1737 illud
437 1673 674 1759 spectaculum
698 1697 773 1743 non
797 1673 985 1764 potuisset:
1006 1679 1072 1741 ‘aut
1120 1691 1246 1757 magna
1281 1665 1460 1737 celeritate
1484 1664 1696 1763 Byzantium
1731 1667 1851 1747 duxit,
1890 1679 1932 1736 nt
1962 1665 2046 1735 inde
2079 1669 2118 1736 in

77 1766 110 1837 si
132 1769 325 1857 praevidit,
348 1764 443 1838 haud
468 1771 577 1840 dubie
601 1773 699 1846 nulla
723 1798 778 1843 res
794 1775 881 1857 alia,
914 1773 984 1841 nisi
1004 1768 1071 1841 ho-
1120 1769 1244 1839 Asiam
1263 1767 1451 1840 traiiceret.
1500 1765 1604 1837 Hanc
1626 1769 1887 1856 expeditionem
1906 1791 1979 1836 non
2003 1768 2117 1838 ambi-

77 1882 177 1938 uesta
202 1870 245 1938 de
272 1870 446 1958 religione
469 1873 616 1961 opinio,
656 1873 815 1945 animum
839 1898 920 1944 vere
944 1867 1072 1945 Achil·
1120 1870 1218 1939 tione
1246 1868 1365 1959 aliqua
1395 1881 1456 1936 aut
1478 1868 1729 1958 superstitione
1756 1882 1953 1961 sttsceptam
1979 1883 2118 1960 putate;
2146 1883 2151 1889 ’

76 1969 171 2039 Itum
192 1970 340 2039 inflexit·
391 1970 461 2040 Sed
485 1974 571 2064 quid
595 1996 657 2062 ego
675 1974 899 2047 Fridericum
921 1971 1072 2043 excuso?
1120 1994 1202 2039 nam
1232 1968 1425 2040 Saladinus
1453 1982 1552 2060 capta
1584 1967 1852 2063 Hierosolyma,
1890 1983 1925 2040 et
1950 1983 2118 2062 occupata

73 2071 140 2164 qui
156 2070 294 2139 etiamsi
310 2071 673 2162 videturdignitatem
690 2077 863 2146 nonsatis
879 2069 1071 2144 vehemen-
1119 2073 1192 2141 lere
1215 2084 1287 2140 tota
1311 2068 1434 2163 Syria,
1461 2069 1531 2138 iam
1553 2066 1717 2140 Ciliciam
1741 2085 1775 2140 et
1799 2066 2007 2158 Armenias,
2030 2095 2118 2166 quas
2173 2069 2180 2082 '

71 2185 131 2245 ter
152 2171 371 2251 defendisse,
398 2187 516 2243 tamen
544 2176 646 2266 culpa
669 2190 720 2248 est
744 2175 1070 2268 potiusPontilicis,
1119 2172 1216 2243 adid
1241 2185 1379 2260 tempus
1402 2185 1592 2241 tenuerant
1609 2170 1844 2264 Imperatores
1862 2171 2117 2246 Constantino·

75 2295 185 2364 aquo
200 2287 279 2341 orta
296 2287 349 2341 cat
366 2273 516 2343 iniuria:
542 2300 652 2368 quare
672 2279 790 2369 potius
807 2279 1002 2348 accusanda
1019 2290 1070 2348 est
1121 2273 1290 2361 politani,
1322 2272 1518 2355 invaserat,
1551 2269 1783 2343 Emannelem
1808 2276 1913 2346 etiam
1937 2273 2118 2346 Constan·
2172 2308 2180 2319 ·

73 2370 258 2443 Pontificis
279 2375 443 2464 superbia
460 2388 494 2443 et
510 2378 712 2453 crudelitas.
763 2378 947 2469 Quantum
973 2379 1069 2449 enim
1120 2375 1396 2467 tinopolitanucn
1413 2376 1666 2466 Imperatorem
1686 2388 1836 2466 ceperat.
1875 2374 2019 2447 Nullius
2035 2375 2116 2447 Ma-

75 2473 122 2544 sit
135 2475 175 2542 in
195 2468 262 2543 hoc
278 2475 369 2545 lacto
387 2476 527 2546 sceleris
545 2492 576 2547 ct
595 2480 847 2571 turpitudinis,
872 2505 913 2549 ex
933 2505 976 2552 eo
994 2480 1070 2549 exi·
1119 2473 1284 2547 bometici
1302 2473 1412 2546 Ducis
1428 2490 1530 2544 antea
1548 2476 1662 2545 virtus
1679 2501 1719 2545 ac
1733 2476 1908 2546 foelicitas
1923 2490 2020 2546 tanta
2037 2477 2116 2546 lue-

74 2575 213 2647 stimari
231 2588 360 2666 potest,
386 2580 484 2670 qnod
506 2581 645 2649 nullum
662 2583 778 2653 simile
794 2583 1068 2672 exemplumus-
1118 2592 1191 2662 rat,
1228 2575 1359 2645 multos
1392 2576 1562 2646 exercitus
1588 2571 1813 2646 Christianos
1847 2576 1997 2647 diversis
2029 2578 2117 2647 locis

76 2677 235 2770 quamin
253 2677 326 2748 ulla
344 2673 491 2749 historia
505 2681 615 2752 ullius
628 2685 751 2772 gentis,
771 2686 904 2753 nedum
919 2680 1068 2775 Episco·
1119 2678 1330 2751 conciderat.
1383 2676 1503 2766 Quare
1529 2677 1599 2746 nisi
1624 2680 1896 2768 reprimeretur,
1922 2678 2024 2750 facile
2042 2692 2115 2752 tota

76 2800 223 2868 porum,
250 2781 437 2870 reperitur.
487 2779 647 2852 Primum
666 2785 1068 2855 causaexcommuniea-
1120 2779 1205 2850 Asia
1222 2780 1614 2871 potituruscidebatur.
1651 2778 1730 2850 Hoc
1748 2781 2116 2872 tantumpericulum,

77 2880 184 2949 tionis
207 2879 338 2950 iniusta
362 2883 449 2962 lnit3
480 2883 539 2948 sed
571 2884 664 2969 finge
693 2886 802 2952 sciisse
834 2885 1069 2974 probabilem,
1119 2895 1151 2950 et
1178 2896 1219 2956 ut
1245 2904 1309 2971 ego
1336 2880 1518 2963 existimo,
1552 2880 1658 2949 etiam
1686 2875 1857 2974 quaedam
1884 2877 2028 2953 heroica
2056 2882 2114 2952 in-

73 2982 233 3071 oportuit
261 2996 380 3049 tamen
402 2978 610 3047 Pontificem
637 2983 768 3069 petenti
799 2982 937 3051 veniam
963 2987 1067 3068 dare3
1117 2983 1276 3070 dignatio
1312 2981 1475 3051 excitavit
1512 2980 1691 3069 ingentem
1729 2983 1891 3052 animum
1927 2981 2115 3059 Eriderici.

71 3082 204 3151 deinde
227 3079 393 3149 Pontifex
422 3100 496 3145 non
530 3080 654 3151 debuit
683 3084 821 3153 allicere
850 3084 1066 3155 contumelia
1118 3081 1343 3172 lntelligebat
1365 3081 1420 3151 sui
1442 3080 1550 3150 officii
1574 3104 1669 3166 esse,
1693 3095 1823 3155 uttam
1840 3083 1984 3154 crudele
2002 3085 2115 3159 latro·

70 3182 273 3268 dominum.
330 3177 400 3248 Sed
424 3180 551 3248 omitto
581 3175 673 3252 hanc
702 3185 866 3255 subtilem
894 3187 940 3254 de
959 3181 1068 3257 Chri-
1116 3178 1586 3253 ciniumaChristianorum
1602 3183 1735 3254 finibus
1758 3184 1966 3280 ubicunque
1984 3200 2114 3279 postet,

65 3283 189 3351 atiana
223 3279 392 3348 modestia
425 3279 722 3371 disputationem,
756 3310 847 3380 quae
878 3287 950 3356 iam
978 3287 1066 3357 olim
1116 3284 1319 3377 depelleret.
1362 3278 1598 3361 Existimabat
1614 3285 1719 3355 etiam
1736 3284 1806 3355 eibi
1825 3298 1928 3378 turpe
1944 3286 2021 3360 fore
2035 3291 2113 3360 bel-

64 3379 213 3455 Romae
233 3379 372 3471 explosa
397 3393 505 3474 atque
530 3383 697 3458 exibilata
726 3400 797 3473 est,
827 3411 894 3457 nec
919 3401 1066 3479 putatur
1116 3386 1220 3456 latori
1242 3398 1362 3471 tanto,
1383 3383 1413 3454 si
1431 3385 1529 3454 domi
1551 3385 1691 3456 ociosus
1706 3400 1880 3477 spectaret
1895 3404 2113 3479 grassantem

66 3479 184 3570 magis
198 3480 388 3551 convenire
399 3477 639 3575 Principibus,
666 3512 773 3583 quam
792 3488 876 3559 illae
893 3488 1064 3561 ridiculae
1114 3486 1273 3557 victoriis
1296 3480 1434 3557 bostem
1458 3481 1653 3558 Christiani
1676 3488 1849 3559 nominis.
1912 3487 2036 3585 ltaque
2055 3490 2113 3563 iu·

69 3581 273 3656 Stoicorum
291 3584 502 3665 sententiae,
521 3585 561 3655 in
571 3588 708 3679 -quibus
722 3591 871 3662 dicitur:
899 3592 1066 3661 soloasa-
1114 3603 1207 3659 stum
1225 3602 1260 3658 et
1276 3589 1375 3678 pium
1398 3587 1531 3657 bellum
1547 3586 1682 3678 ingenti
1703 3589 1824 3658 animo
1848 3591 1971 3664 movit.
2023 3588 2113 3662 Per-

69 3683 206 3778 pientes
220 3705 295 3753 esse
310 3683 486 3756 formosos
501 3686 641 3765 divites.
691 3687 891 3762 Commune
906 3692 962 3762 ius
977 3714 1062 3782 gen·
1113 3689 1195 3761 fecit
1226 3688 1350 3772 etiam,
1386 3701 1428 3759 ut
1454 3681 1658 3763 Richardus
1684 3686 1761 3760 Rex
1787 3687 1939 3779 Angliae
1968 3692 2114 3762 duceret

68 3784 161 3856 tium
182 3783 384 3868 videamus,
410 3789 505 3879 quod
531 3812 654 3860 omnes
674 3789 810 3883 Reges,
834 3792 905 3863 nisi
926 3795 1065 3864 malunt
1113 3790 1305 3861 exercitum
1340 3789 1380 3859 in
1405 3783 1548 3873 Asiam,
1585 3791 1630 3858 ad
1664 3792 1904 3880 recuperanda
1932 3791 2111 3862 maritima

70 3885 325 3981 etsetyranni,
350 3909 491 3958 servare
506 3889 634 3962 solent.
680 3891 818 3964 Violari
835 3894 993 3966 creditur
1008 3895 1064 3964 ius
1113 3893 1201 3964 loca.
1239 3888 1441 3959 Eridericus
1455 3911 1535 3957 cum
1549 3888 1624 3957 suis
1638 3886 1751 3978 copiis
1766 3891 1803 3957 in
1818 3890 1971 3959 mediam
1988 3886 2111 3961 Asiam

68 3986 242 4079 gentium,
259 3988 289 4056 si
305 3986 451 4059 veniens
465 3986 543 4063 Rex
557 3993 600 4062 ad
617 4017 738 4086 pacem
754 3997 956 4086 petendam,
976 4018 1064 4064 con·
1112 3993 1290 4080 ingressus
1309 4001 1377 4058 est:
1412 4010 1477 4054 nec
1500 3986 1615 4058 deluit
1638 3985 1737 4058 Deus
1761 3984 1919 4060 honestis
1940 3994 2112 4064 consiliis.

65 4086 219 4162 tumelia
234 4089 423 4175 efficiatum
449 4105 485 4161 at
498 4090 700 4165 Fridericus
717 4120 796 4165 cum
814 4096 957 4190 quidem
974 4109 1063 4166 esset
1112 4092 1229 4164 Tanta
1245 4089 1341 4159 euim
1354 4087 1473 4159 subito
1490 4088 1652 4159 omnium
1669 4112 1790 4160 rernm
1803 4093 1955 4164 mutatio
1970 4093 2009 4162 in
2023 4091 2111 4166 Asia

64 4190 205 4274 victor,
227 4191 327 4260 venit
349 4216 424 4261 non
446 4193 488 4262 ad
510 4217 629 4285 pacem
647 4199 856 4288 petendam,
879 4199 940 4267 sed
959 4199 1063 4267 abso-
1112 4209 1146 4264 et
1170 4191 1273 4287 Syria
1299 4193 1387 4261 sacta
1407 4203 1481 4281 est,
1507 4202 1547 4260 ut
1563 4188 1775 4276 saladinus,
1802 4193 1865 4285 qui
1890 4207 1995 4267 antea
2012 4197 2113 4269 dele·

63 4289 262 4376 lntionem,
287 4292 326 4361 in
344 4317 413 4386 qua
428 4294 543 4364 maior
563 4296 668 4368 etiam
693 4298 818 4388 religio
840 4299 943 4368 inest.
992 4295 1063 4368 Hic
1099 4308 1208 4367 ,verat
1227 4294 1359 4364 multos
1378 4285 1667 4362 Christianorum
1689 4293 1865 4364 exercitus
1891 4296 2032 4392 lateque
2049 4322 2111 4368 va·

64 4388 233 4463 Pontifex
246 4393 416 4464 victorem
431 4397 631 4468 venientem
654 4399 693 4468 in
711 4399 930 4494 colloquium
944 4425 983 4471 ac
999 4403 1063 4470 de-
1110 4409 1212 4489 gatus
1226 4408 1302 4466 erat
1319 4394 1357 4462 in
1374 4394 1465 4463 bona
1483 4406 1583 4484 parte
1597 4390 1712 4476 Asiae,
1738 4418 1835 4464 nunc
1851 4398 1944 4469 tueri
1961 4422 1999 4468 ea
2019 4423 2111 4495 qnae

63 4492 314 4565 liberationem
339 4497 384 4565 de
408 4499 590 4569 communi
618 4501 730 4571 salute
758 4502 857 4571 orbis
886 4515 1061 4573 terrarum
1111 4497 1273 4582 tenebat,
1304 4520 1377 4564 non
1402 4508 1538 4587 posset,
1570 4491 1776 4565 Fridericus
1799 4497 1830 4564 ei
1854 4495 2017 4569 Ciliciam
2037 4502 2109 4572 eri-

64 4615 146 4666 non
168 4594 273 4666 aliter
289 4610 432 4679 tractat,
458 4623 564 4691 quam
581 4599 742 4696 Ulyssem
758 4598 998 4698 Polyphemus
1021 4603 1059 4677 in
1109 4601 1198 4691 puit,
1223 4597 1312 4668 lusis
1329 4611 1364 4666 et
1380 4596 1505 4667 deletis
1520 4594 1682 4667 Saladini
1699 4598 1929 4684 exercitibns3
1956 4601 2043 4671 alibi
2063 4605 2110 4673 ad

63 4697 404 4774 antroconclusum.
438 4694 553 4772 Addit
566 4702 781 4774 absolutioni
798 4719 921 4776 contra
937 4705 1059 4775 divina
1110 4703 1209 4773 littus
1232 4698 1310 4772 Rex
1333 4693 1484 4787 Angliae
1508 4699 1638 4767 multas
1661 4698 1694 4767 ei
1726 4700 1833 4769 urbes
1858 4702 2005 4774 ademit.
2057 4703 2110 4776 lta

64 4812 102 4871 ct
129 4793 286 4871 humana
314 4801 392 4870 iura
422 4802 635 4895 cyclopicam
663 4805 929 4880 immanitatem.
988 4807 1060 4878 Sed
1109 4829 1189 4874 cnm
1216 4802 1254 4870 in
1279 4801 1355 4890 ipso
1371 4798 1602 4870 victoriarum
1624 4823 1731 4869 cursu
1753 4798 1947 4873 Saladinus
1969 4828 2110 4897 repres-

64 4894 126 4970 his
148 4901 319 4993 exemplis
338 4901 604 4975 immoderatam
626 4907 820 4998 potentiam
842 4908 1058 5002 actyrauni·
1109 4928 1169 4976 aus
1181 4917 1282 4985 esset,
1304 4902 1390 4973 Asia
1405 4901 1585 4973 servitutis
1600 4916 1697 4971 metu
1712 4900 1864 4972 liberata
1884 4917 1948 4978 est.
1982 4903 2111 4995 Quan-

63 5001 147 5074 dem
168 5025 266 5076 snam
285 5003 493 5074 confirmare
508 5005 695 5080 Pontifices
712 5009 830 5081 conati
845 5023 947 5093 sunt,
969 5034 1060 5106 quae
1108 5021 1184 5077 tum
1210 5017 1327 5075 autem
1357 5027 1457 5073 cerae
1478 5003 1595 5072 laudis
1620 5015 1796 5072 mercatur
1817 4996 1876 5073 bic
1894 5002 2111 5096 fridericus,

63 5126 149 5177 cum
167 5105 230 5176 diu
246 5103 317 5175 iam
331 5105 439 5176 suerit
451 5102 630 5180 Ecclesiae
643 5110 835 5205 pernicies,
862 5116 1057 5205 optandum
1108 5133 1183 5178 non
1197 5129 1340 5199 possum
1359 5130 1423 5196 pro
1442 5105 1614 5195 dignitate
1631 5103 1818 5195 explicare.
1863 5104 2025 5180 Primum
2036 5138 2109 5183 uo-

64 5219 138 5291 est,
171 5220 211 5277 nt
235 5209 379 5276 tandem
413 5207 605 5301 aliqnando
631 5212 857 5308 Synodorum
888 5214 1058 5285 autoritas
1108 5212 1225 5281 luntas
1246 5208 1315 5278 fuit
1337 5207 1489 5298 optima,
1515 5208 1611 5299 quod
1630 5206 1893 5276 occurrendum
1912 5209 2111 5285 esseSala·

60 5307 193 5379 liberet
208 5309 338 5378 iniusta
356 5322 389 5378 et
408 5310 517 5400 impia
543 5315 710 5385 servitute
724 5311 930 5387 Ecclesiam.
983 5313 1058 5393 Re-
1109 5313 1197 5383 diuo
1211 5309 1359 5394 censuit,
1385 5333 1429 5377 ne
1446 5310 1482 5378 in
1498 5309 1702 5378 servitutem
1718 5309 1886 5381 venirent
1898 5306 2111 5398 Christiani,

56 5431 128 5500 ges
140 5412 284 5482 decebat
299 5411 483 5502 dignitatis
504 5436 587 5486 suae
603 5440 705 5487 causa
724 5417 951 5510 impatienter
965 5411 1058 5488 banc
1108 5429 1144 5486 et
1164 5438 1210 5485 ne
1225 5407 1497 5485 Mahometistae
1521 5410 1634 5482 auctis
1647 5408 1784 5481 viribus
1818 5412 1925 5482 latius
1938 5433 2112 5505 propaga·-
