4732 6030
131 419 208 492 ste
650 421 809 496 unct.
843 420 920 496 DE
954 420 1206 499 IRNERIO
1239 422 1314 498 ΕΤ
1347 422 1648 502 BARTOLO.
2088 430 2165 509 860

132 593 204 665 alio
227 590 373 663 consilio
395 589 463 663 hoc
476 595 609 666 dictum
625 608 692 667 est:
720 592 874 666 Videbat
888 562 1123 690 prudentissi·
1211 595 1278 667 No.
1305 597 1366 674 48.
1931 602 1996 698 (rr.
2024 605 2150 701 15373)

132 694 217 765 mus'
230 694 288 764 vir
308 691 401 765 hanc
422 693 583 767 methodi
602 698 775 767 rationem
795 720 868 767 noo
888 699 1123 769 animadverti
1183 691 1394 735 ”N
1911 700 2153 737 “W“

131 819 251 890 posse,
285 796 355 865 nisi
376 822 395 866 a
419 798 614 869 liberalitem
635 799 819 870 institutis.
881 800 966 871 Ideo
991 801 1121 895 inquit,
1361 816 1438 900 De
1467 815 1649 902 [merto
1680 831 1728 904 et
1755 819 1966 905 Bappolo·
2028 814 2031 819 “

131 922 205 968 non
229 921 303 968 esse
326 899 456 984 editos,
479 901 643 971 videlicet
664 901 812 993 ineptis,
836 905 899 995 qui
922 928 995 974 non
1016 927 1121 995 prae·
1512 918 1514 922 ’

130 980 243 1092 paiati
262 1000 342 1071 aliis
366 1002 522 1086 artibus,
548 1003 614 1072 ista
638 1003 869 1094 attingebant.
920 1005 1053 1095 Magna
1071 1017 1122 1074 est
1240 987 1271 1042 ¹¹¹
1287 990 1411 1046 ΜΝ·
1425 993 1459 1047 Τ·
1474 991 1506 1048 ¹¹·
1524 1012 1551 1061 Ρ·
1563 995 1615 1048 ⁴¹⁶
1628 1013 1703 1066 ’tt’
1729 995 1758 1050 ⁵¹¹
1772 995 1891 1052 servent
1911 994 1943 1051 T.
1957 994 1993 1052 ¹¹·
2015 1015 2040 1067 Ρ·
2053 998 2114 1054 ⁴¹²·
2134 1009 2161 1054 ‘t

130 1104 302 1192 elegantia
324 1115 358 1171 et
380 1104 607 1196 perspicuitas
629 1105 801 1175 orationis
817 1107 856 1175 in
871 1108 994 1177 multis
1008 1107 1120 1179 libris.
1274 1060 1345 1130 ῬΜ
1359 1059 1484 1121 animi·
1501 1061 1533 1119 Τ·
1550 1062 1582 1117 ¹¹·
1595 1084 1621 1136 tt·
1635 1066 1696 1120 ⁶⁰⁶·

130 1202 276 1276 Alifflbl
298 1218 442 1296 ltf⁰l²tet
463 1230 580 1275 tetum
603 1206 809 1324 0¹l¹it³¹²f¹¹r
831 1234 936 1328 (lutJffl
959 1209 1020 1277 ⁵¹¹⁰
1036 1233 1120 1301 12¹⁰·
1169 1237 1229 1306 De
1242 1239 1264 1306 1
1270 1239 1404 1306 cneci
1412 1260 1431 1306 o
1448 1247 1487 1307 et
1502 1241 1700 1312 Bartolo
1714 1245 2013 1329 lurtrcomutttr,
2035 1248 2157 1315 oratio

130 1321 210 1400 pter
230 1304 438 1376 methodum
461 1319 699 1389 consectatur,
724 1310 919 1400 disputatio
936 1311 975 1380 ht
992 1312 1119 1380 obseu-
1267 1341 1431 1408 recitata
1453 1356 1483 1409 p,
1506 1342 1557 1411 D·
1578 1341 1777 1415 Sepaldo
1797 1348 2055 1416 Mamer&

129 1409 221 1495 rior;
257 1411 317 1478 sed
346 1409 589 1480 animadversa
620 1404 808 1494 methodo,
841 1415 1007 1481 tenebrae
1037 1413 1120 1481 illae

131 1510 381 1584 discutiuntur.
412 1507 666 1597 ,Callimachus
676 1525 777 1601 rogat
790 1508 968 1599 Charites,
991 1526 1030 1584 ut
1044 1537 1119 1583 ma·
1169 1494 1344 1575 Arbitror
1361 1503 1537 1597 Plerisque
1553 1518 1708 1573 vestrum
1724 1508 1944 1577 notissimam
1958 1531 2031 1579 osse
2047 1504 2158 1579 histo-

129 1635 199 1682 rus
227 1612 401 1682 delibutas
429 1614 669 1703 fragrantibus
701 1614 813 1683 succis
843 1616 961 1686 tavent
984 1616 1022 1684 in
1045 1617 1119 1686 ruis
1170 1607 1261 1672 riam
1290 1607 1335 1673 de
1359 1605 1574 1696 imperatore
1597 1606 1762 1677 Romano
1787 1607 1990 1681 Alexandro
2014 1610 2158 1693 severo,

130 1714 253 1802 elegis,
279 1727 319 1783 ut
340 1715 477 1806 possint
500 1739 573 1786 esse
589 1715 749 1807 perpetui
764 1731 909 1810 propter
922 1720 1068 1808 gratiam
1084 1731 1119 1787 et
1142 1740 1146 1786 t
1168 1705 1330 1800 quicum
1353 1721 1491 1778 coetum
1520 1702 1665 1779 haberet
1687 1710 1907 1803 frequentem
1931 1709 2158 1783 lureconsul-

129 1828 359 1886 venustatem.
411 1814 528 1888 Tanta
550 1830 602 1888 est
622 1831 740 1887 autem
764 1822 917 1890 suavitas
930 1844 1049 1888 rerum
1064 1833 1119 1889 at·
1168 1821 1306 1893 torum,
1332 1808 1477 1900 Plenum
1504 1810 1705 1899 dignitatis,
1732 1808 1886 1906 (nullom
1908 1815 2004 1882 enim
2025 1814 2156 1885 consti·

127 1940 196 2011 que
225 1918 398 1988 orationis
430 1918 467 1986 iu
493 1914 684 1989 Aristotele
706 1920 745 1986 in
770 1920 948 2013 plerisque
969 1920 1118 2010 scriptis,
1168 1909 1343 1978 tutionem
1365 1910 1535 1994 faciebat,
1563 1912 1631 1980 nisi
1656 1914 1782 2001 viginti
1808 1914 2070 1984 luriseonsultis
2094 1917 2158 1983 ad·

126 2031 167 2088 ut
182 2019 221 2087 in
237 2020 331 2088 libro
347 2023 391 2087 de
404 2021 634 2103 animalibus,
660 2022 698 2087 in
715 2010 892 2106 politicis,
918 2022 955 2088 in
970 2017 1118 2104 Ethicis,
1169 2004 1311 2093 hibititr
1337 2034 1416 2078 cum
1432 2011 1575 2103 quidem
1599 2014 1820 2103 Singulorum
1836 2016 2028 2086 sententiat
2050 2015 2156 2086 scribi

127 2119 167 2188 in
182 2115 354 2207 Epistolis
367 2133 401 2187 et
415 2120 495 2188 aliis
509 2121 630 2188 multis
647 2121 754 2203 locis,
781 2134 818 2190 ut
834 2123 911 2190 iure
926 2122 1118 2192 existimari
1168 2134 1209 2180 os
1239 2111 1412 2201 disputari
1445 2111 1568 2206 vellet)
1597 2134 1722 2205 magna
1755 2119 2000 2187 benevolentia
2033 2140 2158 2188 omnes

127 2220 256 2311 possit,
281 2215 444 2290 Charites
467 2221 601 2314 aliquid
625 2221 720 2292 succi
739 2225 925 2314 aspersisse
941 2226 985 2293 de
1003 2224 1118 2293 mani·
1169 2213 1371 2303 complexus
1395 2229 1455 2285 est.
1509 2214 1579 2285 Sed
1603 2240 1682 2286 cum
1702 2217 1854 2309 Ulpiano
1877 2221 1992 2291 maior
2012 2235 2087 2292 erat
2104 2222 2157 2291 fa·

127 2327 212 2407 bus,
237 2335 276 2393 ut
292 2319 503 2391 Callimachi
526 2323 643 2392 verbis
665 2336 756 2392 utar,
808 2323 905 2413 Quid
929 2328 1022 2417 quod
1043 2326 1118 2395 eius
1169 2314 1371 2395 miliaritas,
1398 2315 1480 2407 qui,
1505 2331 1546 2386 ut
1565 2341 1661 2389 nunc
1684 2333 1811 2392 vocant
1835 2345 1991 2393 summus
2007 2322 2157 2395 Cancel-

126 2423 211 2495 libri
227 2447 291 2515 pro
308 2419 534 2493 bibliothecis
547 2447 620 2493 esse
637 2425 806 2514 possunt?
846 2425 1005 2497 Plurima
1022 2429 1116 2495 enirn
1140 2470 1144 2499 r
1168 2416 1277 2484 ierint
1304 2428 1395 2487 erat:
1429 2412 1524 2487 boos
1555 2434 1724 2512 tanquam
1752 2438 1886 2514 patrem
1911 2429 2157 2535 veperabatur,

125 2551 168 2597 ex
189 2526 367 2596 veteribus
389 2526 629 2596 monumentis
652 2550 742 2619 quae
763 2527 1041 2613 interciderunt,
1067 2529 1118 2596 ci·
1168 2515 1322 2586 hicnon
1346 2519 1453 2588 modo
1479 2520 1632 2605 curiam,
1657 2525 1715 2590 sed
1738 2526 1841 2592 etiarn
1860 2527 2033 2615 privatam
2051 2526 2156 2596 Prin-

125 2641 193 2712 tat,
219 2650 259 2697 aa
275 2643 419 2719 propter
433 2621 639 2709 huiusmodi
656 2628 821 2700 flosculos
837 2631 1008 2714 arbitror,
1033 2626 1118 2699 Ari.
1167 2619 1255 2710 cipis
1269 2621 1377 2689 vitam
1396 2621 1544 2690 consilio
1557 2636 1592 2693 et
1612 2624 1800 2694 autoritate
1821 2627 1973 2715 regebat.
2026 2626 2156 2697 Incidit

72 2740 75 2757 '
126 2726 500 2801 stotelemaCieerone
513 2731 647 2798 flumen
663 2754 809 2799 aureum
827 2734 957 2802 vocari.
998 2730 1115 2820 Quam
1140 2715 1143 2801 l
1167 2721 1275 2811 igitur
1301 2735 1335 2791 et
1362 2724 1435 2812 iptt
1468 2722 1570 2793 inea
1598 2725 1772 2815 Pericula,
1808 2751 1898 2819 ‘tute
1924 2729 2042 2797 ¹¹³1in
2069 2740 2156 2798 Sunt

123 2833 235 2902 multa
264 2831 516 2922 interpretatur
539 2831 699 2901 Platonis
721 2833 833 2918 dicta,
866 2848 907 2904 ut
928 2834 967 2902 in
985 2833 1115 2927 quinto
1166 2824 1333 2892 omnibns
1356 2825 1467 2904 aulis,
1498 2828 1635 2914 moenis
1658 2841 1690 2896 st
1711 2829 1839 2919 potvit·
1900 2828 2049 2899 Necesse
2080 2842 2155 2899 etot

124 2928 355 3015 Ethicorum,
388 2956 469 3001 cum
498 2933 642 3025 quidem
674 2936 866 3022 sumpserit
889 2936 1115 3004 collationem
1166 2948 1246 2995 eum
1268 2924 1449 2996 interdum
1463 2928 1643 2996 adversari
1666 2931 1970 3019 praetorianorum
1997 2931 2153 3000 rnilitum

123 3037 168 3106 de
189 3033 482 3125 proportionibus
507 3057 525 3098 a
544 3031 710 3109 Platone,
735 3045 855 3108 tamen
877 3058 952 3101 earn
979 3059 1116 3103 accam.
1138 3012 1143 3097 l
1166 3041 1201 3097 et
1214 3027 1414 3118 praesidum
1430 3028 1702 3117 cupiditatibus,
1728 3056 1879 3124 quorum
1898 3034 1936 3101 in
1958 3033 2018 3104 illa
2040 3035 2154 3122 impe·

123 3139 246 3205 modat
272 3131 465 3200 venustius.
510 3128 579 3199 Sed
593 3132 739 3216 desino,
766 3156 847 3201 nam
862 3135 982 3203 omnia
998 3158 1117 3226 perse·
1138 3105 1142 3196 i
1165 3130 1210 3197 rii
1227 3128 1408 3218 opolentia
1424 3142 1459 3198 st
1474 3133 1748 3224 tranquillitate,
1776 3135 1978 3224 praesertim
1994 3149 2080 3207 tnnc
2094 3135 2153 3204 in-

123 3237 185 3330 qui
201 3233 308 3301 nimis
322 3232 469 3320 longum
482 3231 600 3305 fuerit.
650 3230 748 3303 Haec
761 3259 802 3304 eo
817 3236 966 3305 dicenda
981 3238 1115 3327 putavi,
1138 3202 1142 3343 ξ
1165 3252 1250 3318 gons
1273 3242 1348 3299 orat
1369 3230 1531 3317 licentia,
1555 3235 1722 3324 superbia
1744 3248 1778 3305 et
1794 3237 1978 3327 rapacitas.
2030 3236 2153 3329 ltaque

123 3359 199 3404 non
214 3333 328 3402 solum
342 3346 382 3402 ut
397 3333 507 3420 magis
522 3333 645 3402 ametis
659 3331 907 3421 Aristotelem,
933 3339 1113 3408 sedetiam
1137 3346 1140 3358 '
1165 3326 1221 3414 hi,
1247 3331 1310 3423 qni
1332 3332 1500 3402 videbant
1526 3334 1702 3405 licentiam
1726 3359 1825 3404 stram
1847 3338 1981 3407 frenari
2002 3338 2152 3409 consilio

124 3449 163 3506 ut
185 3433 364 3525 cogitetis,
392 3456 455 3502 cur
475 3435 522 3504 sit
542 3437 735 3522 amandus,
761 3452 794 3507 et
813 3438 851 3506 in
868 3441 1033 3510 manibus
1049 3435 1112 3509 ha·
1166 3431 1331 3523 Ulpiani,
1358 3435 1546 3527 aliquoties
1565 3437 1604 3505 in
1631 3438 1807 3528 praetorio
1827 3439 1999 3531 impetum
2018 3442 2152 3511 ineurrr
2230 3474 2233 3479 ·

71 3567 72 3570 ¹
121 3539 277 3620 bendus3
311 3534 485 3628 planeque
510 3535 557 3607 ita
581 3537 715 3619 sentio,
748 3563 910 3630 magnam
932 3542 1112 3611 doctrina.
1162 3533 1356 3608 fecerunt„⁴
1388 3534 1444 3605 lbi
1472 3535 1666 3628 lmperator
1689 3564 1793 3610 suum
1821 3565 1950 3632 corpus
1976 3542 2151 3612 militibus

119 3663 200 3709 rum
232 3637 478 3706 confusionem
504 3652 702 3708 secuturam
726 3662 819 3726 esse,
851 3643 880 3710 si
904 3641 1112 3712 Aristoteles
1162 3636 1303 3715 obiecit,
1329 3660 1368 3705 nc
1382 3653 1461 3727 toga
1477 3663 1538 3708 sna
1557 3638 1748 3731 Ulpianum
1765 3644 1862 3726 texit,
1885 3644 2054 3713 acerrima
2070 3666 2150 3712 ora-

118 3741 299 3828 neglectus
326 3739 455 3823 fuerit,
493 3740 554 3831 qui
576 3763 671 3810 unus
694 3766 735 3810 ac
758 3744 854 3812 solus
876 3757 927 3812 est
951 3739 1111 3813 methodi
1162 3737 1258 3808 tione
1277 3739 1605 3818 furoremmilitum
1624 3742 1806 3830 castigans,
1834 3756 1938 3836 atque
1954 3746 2001 3815 ita
2017 3745 2150 3815 tumul-

119 3843 254 3912 artifex.
306 3839 380 3909 Nec
401 3839 469 3908 alia
492 3840 629 3909 ratione
651 3844 694 3910 ad
710 3840 918 3914 methodum
935 3846 1110 3915 assuefieri
1161 3852 1301 3908 tuantes
1326 3842 1559 3930 compescuit,
1585 3866 1655 3933 qno
1678 3843 1793 3912 offitio
1811 3868 1973 3933 magnoin
1993 3846 2150 3935 impero·

119 3945 306 4039 quisquam
330 3954 464 4034 potest,
490 3941 560 4010 nisi
580 3942 618 4011 in
637 3937 703 4013 hoc
716 3966 841 4034 genere
858 3941 1111 4038 Philosophiae
1160 3954 1217 4009 tor
1238 3940 1397 4009 iusticias
1420 3953 1453 4008 et
1473 3943 1695 4012 fortitudinis
1709 3945 1849 4011 laudem
1864 3959 2071 4014 consecutus
2085 3959 2148 4018 est.

119 4044 363 4115 Aristotelicae
387 4033 615 4114 mediocriter
638 4062 849 4118 exerceatur.
903 4044 1024 4134 Quare
1046 4072 1109 4134 vos
1161 4039 1263 4125 Quos
1295 4040 1389 4107 enin·
1425 4041 1537 4127 tnagis
1570 4044 1761 4112 defendere
1796 4044 1927 4113 debent
1960 4048 2149 4138 principes,

118 4141 261 4230 hortor,
295 4169 369 4214 uon
393 4146 508 4213 solum
530 4159 645 4215 vestra
666 4169 788 4229 causa,
813 4149 872 4217 sed
898 4148 1001 4215 ctiam
1025 4172 1108 4237 pro-
1158 4164 1263 4230 qnotn
1287 4139 1507 4208 consiliarios
1532 4142 1669 4227 fideles,
1695 4167 1785 4237 quos
1806 4148 2046 4218 membrorum
2071 4151 2148 4220 loco

116 4261 196 4340 pter
210 4248 412 4318 universam
431 4247 689 4338 posteritatem,
712 4262 752 4320 ut
767 4243 835 4318 hoc
852 4248 1027 4339 optimum
1043 4252 1109 4320 do.
1159 4263 1218 4309 eos
1234 4235 1364 4309 habere
1379 4243 1557 4317 convenit.
1595 4243 1665 4315 Sed
1682 4241 1749 4317 hoc
1765 4249 1925 4339 exemplo
1941 4256 2018 4320 non‘
2032 4252 2147 4320 solum

115 4350 249 4420 ctrinae
288 4371 397 4437 genus
435 4348 623 4437 diligenter
660 4350 782 4420 colatis
818 4363 853 4421 rt
882 4351 1107 4421 conservetis.
1156 4342 1345 4429 admonuit
1370 4357 1524 4413 coeteros
1550 4347 1744 4440 principes,
1776 4362 1815 4420 ut
1848 4375 1995 4444 corpora
2030 4366 2147 4442 tegant

115 4450 215 4522 Plato
238 4453 305 4535 ait,
329 4450 523 4540 igniculum
548 4450 651 4520 illum
677 4447 925 4521 aPrometheo
947 4453 991 4521 de
1008 4453 1106 4524 eoelo
1157 4468 1325 4524 suorum,
1356 4448 1416 4515 ssd
1440 4460 1479 4516 nt
1504 4447 1601 4517 illam
1634 4451 1744 4542 ipsam
1776 4450 1865 4520 iuris
1888 4455 2085 4526 doctrinam
2107 4479 2147 4525 ac

114 4554 280 4637 allatum,
306 4548 513 4622 methodum
537 4575 621 4627 esse.
672 4548 722 4622 At
743 4549 812 4623 hoc
828 4553 983 4642 igniculo
1000 4555 1105 4624 amis·
1156 4546 1410 4636 professionem
1449 4551 1602 4639 rogitent
1640 4553 1818 4622 acerrimis
1857 4556 2147 4628 dimicationibus

113 4679 174 4740 so,
210 4678 331 4726 rursus
362 4650 525 4723 homines
546 4654 884 4724 transformarentur
906 4655 944 4723 in
966 4656 1105 4742 beluas3
1157 4651 1450 4740 propugnandam
1471 4675 1555 4725 esse.
1614 4652 1683 4722 Pro
1709 4650 1773 4723 hac
1794 4673 1977 4747 opponant
1997 4682 2145 4750 corpora

112 4757 271 4850 profecto
297 4756 392 4823 enim
417 4755 553 4823 sublata
570 4779 652 4825 vera
671 4758 823 4826 docendi
838 4757 992 4843 ratione,
1013 4754 1106 4827 nihil
1155 4773 1237 4835 sna,
1262 4746 1354 4819 hanc
1378 4753 1564 4822 autoritate
1590 4778 1651 4826 sua
1676 4769 1843 4849 tanquam
1871 4760 1993 4852 clypeo
2016 4773 2147 4851 tegant,

113 4860 248 4929 distant
272 4852 434 4926 homines
457 4880 476 4926 a
501 4855 628 4926 beluis.
689 4855 738 4929 Ut
761 4861 870 4948 igitur
893 4854 989 4929 hunc
1013 4860 1105 4948 igni-
1154 4855 1323 4922 adversus
1343 4852 1530 4942 opiniones
1555 4856 1720 4940 illorum,
1747 4858 1809 4950 qui
1830 4858 1922 4948 leges
1943 4864 2088 4951 scriptas
2105 4886 2146 4933 ac

113 4961 233 5032 culum
264 4958 497 5041 retineamus,
531 4953 601 5027 hoc
628 4960 811 5029 doctrinae
841 4983 970 5051 genus,
1007 4962 1103 5055 qnod
1155 4967 1282 5037 certas,
1307 4955 1371 5047 qui
1387 4950 1478 5025 hanc
1495 4958 1667 5026 eruditam
1685 4954 1773 5028 iuris
1796 4959 1945 5030 formam
1963 4978 1996 5034 et
2012 4964 2146 5034 doetri-

112 5063 262 5135 tradidit
287 5057 494 5129 Aristoteles
516 5083 656 5130 summo
679 5062 798 5132 studio
822 5065 1102 5134 conservandum
1154 5078 1237 5123 nam
1256 5079 1275 5123 e
1293 5053 1433 5147 Repnb·
1450 5058 1527 5126 tolli
1553 5074 1741 5148 cuperent.
1766 5086 1855 5153 quar
1877 5066 2087 5158 aequitatem
2104 5091 2145 5135 ae

113 5177 177 5233 est,
229 5162 322 5233 Dixi,
1155 5157 1352 5227 libertatem
1368 5159 1589 5249 singulorum
1605 5164 1739 5246 munit,
1756 5165 1871 5234 frenat
1885 5165 2062 5237 licentiam
2079 5194 2145 5259 po-

1155 5259 1326 5343 tentium,
1352 5263 1495 5354 nequid
1511 5264 1579 5332 sibi
1595 5279 1737 5335 sumant
1751 5268 1917 5338 adversus
1932 5270 2144 5340 imbecillio-

1155 5385 1211 5431 res
1226 5376 1349 5432 contra
1364 5363 1553 5450 iustitiam3
1579 5366 1733 5460 denique
1749 5392 1838 5461 quae
1855 5394 2020 5460 magnum
2037 5373 2142 5440 decus

1155 5478 1208 5533 est
1231 5464 1346 5534 civilis
1370 5465 1559 5538 societatis.
1610 5465 1732 5562 ltaque
1749 5485 1790 5541 ut
1805 5466 1903 5541 lleus
1924 5472 2039 5542 flectat
2063 5471 2142 5540 ani-

1153 5589 1232 5637 mos
1259 5567 1462 5659 principum
1484 5593 1526 5639 ac
1547 5582 1733 5663 potentum
1758 5573 1802 5642 ad
1829 5567 1936 5644 huius
1959 5573 2143 5644 doctrinae
