4732 6030
130 443 206 517 ast

132 614 309 687 scribendi
325 614 525 683 facultatem
540 613 718 685 consumit
732 637 807 685 non
821 614 859 683 in
877 615 1034 685 materiis
1046 612 1127 683 vul-

131 719 293 809 garibus,
332 718 394 784 scd
425 710 702 807 philosophicis,
723 717 857 788 ¹edidit
886 716 1124 786 eruditissima

130 824 308 911 poiimata,
333 815 518 887 Aaeoliam
535 830 570 888 ct
584 812 848 888 Phaenomena.
900 816 1044 907 Quanta
1059 832 1124 887 an'·

130 933 199 991 tem
222 920 336 989 virtus
360 933 429 1004 est,
454 920 551 1012 quod
575 910 668 991 lianc
689 943 790 991 suam
812 921 1023 993 industriam
1039 942 1125 989 con·

129 1023 197 1093 lert
217 1023 262 1092 ad
286 1021 465 1113 publicam
483 1020 690 1105 utilitatem,
715 1034 751 1092 et
765 1024 810 1092 ad
825 1023 980 1093 iuvanda
996 1022 1124 1106 studia,

130 1136 164 1194 et
179 1125 224 1193 ad
239 1125 440 1194 ornandam
455 1116 591 1193 Christi
605 1118 825 1193 Ecclesiam?
850 1123 901 1196 Ac
920 1126 1122 1217 nequidem

130 1225 170 1294 in
193 1225 338 1296 caeteris
360 1225 465 1293 rebus
488 1226 585 1296 deest
607 1225 685 1323 eius
707 1226 862 1296 officium
879 1225 1123 1317 Reipublicae.

128 1324 220 1400 Cum
237 1327 426 1417 prudentia
439 1340 473 1395 et
487 1326 672 1421 diligentia
687 1329 849 1413 excellat,
874 1329 986 1399 multa
1001 1328 1119 1397 civilia

129 1428 276 1518 negocia
294 1429 454 1501 sustinet.
505 1428 613 1498 Hunc
637 1430 726 1499 etin
751 1431 968 1501 instituenda
984 1431 1121 1500 studio-

129 1554 211 1601 rum
229 1530 385 1615 ratione,
406 1529 494 1600 etin
508 1531 668 1600 moribus
687 1532 901 1603 imitandum
920 1533 1023 1601 scobis
1037 1555 1120 1623 pro-

129 1655 314 1725 ponamus.
364 1631 487 1727 Neque
508 1633 605 1702 enim
630 1634 750 1704 minus
777 1635 980 1706 ornamenti
1011 1635 1122 1703 literis

129 1735 268 1803 addidit
283 1735 357 1826 ipse
374 1735 465 1806 vitae
481 1735 687 1821 sanctitate,
712 1760 819 1829 quam
833 1736 866 1805 ei
888 1736 1022 1828 peperit
1039 1760 1121 1806 eru-

128 1835 230 1905 ditio.
282 1835 396 1906 Porro
417 1836 524 1904 nimis
545 1838 679 1924 prolixa
696 1840 815 1908 futura
833 1852 921 1907 esset
936 1839 1068 1921 oratio,
1091 1838 1119 1906 si

126 1960 308 2007 recensere
329 1961 453 2008 omnes
474 1961 631 2011 concurr.
683 1937 804 2028 Quare
827 1940 912 2010 etsi
940 1952 1119 2029 praetereo

128 2052 295 2119 caeteros,
322 2055 439 2109 tamen
456 2039 576 2107 auimo
593 2040 720 2109 tacitus
735 2064 886 2108 veneror
901 2062 1034 2123 omues,
1058 2040 1119 2132 qui

127 2139 246 2232 aliqua
264 2141 400 2229 egregia
416 2141 546 2207 virtute
560 2143 605 2208 de
628 2134 815 2210 hominum
832 2141 902 2209 vita
930 2157 963 2212 et
986 2143 1031 2210 de
1057 2165 1119 2232 pa-

127 2240 196 2310 tria
210 2242 301 2312 bene
315 2241 433 2310 meriti
451 2254 546 2314 sunt.

229 2389 327 2462 Haec
350 2390 577 2463 deFranciae
600 2393 765 2464 laudibus
780 2393 923 2485 collegi,
948 2390 1042 2477 nihil
1057 2395 1120 2464 de-

126 2489 272 2567 trahens
287 2496 331 2564 de
346 2494 496 2564 aliarum
512 2495 669 2583 gentium
684 2496 809 2585 gloria,
828 2523 936 2591 quare
951 2512 990 2569 ut
1006 2521 1118 2566 meam

126 2597 323 2669 orationem
341 2596 427 2666 boni
448 2596 660 2681 consulatis,
687 2622 748 2667 vos
765 2599 870 2668 etiam
893 2614 998 2693 atque
1014 2598 1117 2668 etiam

126 2724 203 2773 oro.
253 2692 475 2768 Existimabo
499 2712 615 2768 autem
632 2721 785 2769 menon
808 2701 972 2792 exiguum
993 2723 1119 2792 operae

125 2800 284 2894 precium
310 2800 453 2884 fecisse,
499 2800 528 2869 si
556 2800 636 2893 quis
661 2795 748 2872 haec
774 2804 934 2873 encomia
960 2804 1119 2889 audiens,

125 2904 237 2994 magis
250 2903 383 2974 amabit
397 2900 585 2971 Franciam
601 2902 657 2969 vel
673 2919 818 2995 propter
834 2920 987 2974 caeteras
1006 2906 1116 2985 dotes,

123 3005 181 3075 vel
207 3004 289 3098 quia
316 3018 370 3075 tot
399 3003 535 3071 lumina
562 3003 748 3071 doctorum
773 3003 951 3088 virorum,
984 3008 1044 3099 qui
1073 3008 1117 3075 de

123 3108 291 3176 omnibus
305 3104 470 3193 gentibus
485 3103 573 3168 benc
588 3102 706 3170 meriti
720 3118 816 3186 sunt,
838 3107 970 3194 genuit.
1005 3104 1115 3175 Cum-

123 3232 193 3303 que
210 3228 342 3273 nomen
353 3199 563 3277 Francicum
582 3199 686 3272 initio
702 3204 825 3275 nualtis
839 3209 1003 3296 gentibus
1019 3232 1116 3276 com-

122 3330 232 3376 mune
255 3303 382 3389 fuerit,
414 3297 483 3373 hae
504 3303 627 3372 landes
647 3305 690 3372 ad
715 3306 803 3375 alias
824 3308 987 3379 nationes
1009 3309 1113 3377 etiam

123 3407 241 3500 aliqua
265 3430 306 3475 ex
328 3416 426 3496 parte
447 3404 637 3495 pertinent.
688 3403 812 3500 ltaque
828 3425 932 3503 opto,
958 3425 997 3482 ut
1018 3411 1115 3480 alant

123 3523 283 3579 mutuam
298 3506 390 3577 inter
403 3505 564 3575 nationes
580 3508 875 3596 benevolentiam,
901 3536 976 3581 non
990 3537 1113 3582 aecen-

122 3610 210 3679 dant
235 3608 336 3693 odia,
360 3632 450 3701 quae
465 3607 596 3677 debent
617 3613 735 3679 abesse
756 3608 1000 3697 aGrrmanis,
1024 3636 1114 3706 quos

121 3711 196 3803 ipsa
223 3709 412 3805 appellatio
443 3706 696 3779 Germanitatis
728 3736 808 3781 cum
842 3718 886 3783 acl
914 3716 1113 3795 candorem,

120 3824 195 3883 turn
214 3814 259 3882 ad
274 3813 470 3883 fraternum
487 3835 642 3881 amorem
660 3808 881 3889 rscllaortatur.
932 3812 1028 3889 Dixi.

118 4045 320 4061 m...
327 4049 367 4056 .....
374 4047 555 4057 -..η-...μ

132 4205 201 4282 Νο.
222 4208 285 4282 53.

128 4305 300 4335 Μ

322 4403 537 4527 Praefat.
568 4408 619 4490 ia
643 4406 905 4497 Homerum.

477 4584 593 4657 ...sam

909 4213 972 4294 (aa.
988 4214 1112 4299 essse)

931 4304 1101 4334 m

186 4594 212 4648 Α
231 4592 269 4646 nd
287 4588 362 4644 Crat.
381 4587 414 4642 M
434 4587 452 4642 Ι.
613 4605 640 4655 q.

213 4612 339 4716 hereret.
355 4657 389 4715 T.
403 4605 439 4710 ll.
456 4673 486 4726 p.
497 4655 542 4711 st.
560 4604 732 4711 etllichard.
750 4656 785 4709 Τ.
797 4655 820 4711 Ι.
838 4676 865 4731 p.
879 4658 939 4715 185.

647 4624 656 4653 ‚
688 4584 718 4639 ia
735 4584 886 4643 Declamat.
908 4587 993 4646 Mt.
1018 4610 1044 4664 p.
1058 4591 1110 4657 st..

143 4816 348 4919 Praefatio
371 4826 412 4894 tu
432 4823 638 4891 Homerum
666 4818 765 4890 t'tta·
796 4818 1082 4894 thslseaus's'.

116 4959 218 5050 Cum
235 4967 562 5060 interpretationem
580 4961 763 5034 Homerici
786 4969 958 5056 poematis
977 4995 1107 5062 paucos

115 5091 199 5171 post
222 5075 299 5144 dies
325 5070 568 5160 auspicaturus
597 5086 728 5150 essem,
763 5068 877 5138 visum
904 5086 956 5141 est
978 5066 1045 5142 hoc
1069 5075 1106 5146 iu

114 5182 196 5251 loco
218 5200 294 5245 eam
321 5171 616 5263 praelectionem,
640 5182 746 5262 atque
769 5163 853 5239 haec
878 5171 953 5262 ipsa
980 5179 1107 5260 studia,

114 5276 417 5358 adolescentibus,
441 5285 481 5341 ut
497 5294 644 5361 possem,
670 5271 829 5340 oratione
845 5281 1106 5347 commendare:

115 5386 225 5479 idque
246 5402 310 5469 ego
331 5391 401 5447 tam
424 5377 609 5447 commode
625 5396 683 5441 me
696 5373 809 5443 lacere
824 5398 925 5463 posse
939 5381 1106 5469 optarim,

114 5508 245 5581 quam,
269 5495 310 5551 ut
332 5502 387 5548 res
408 5473 714 5575 commendatione
735 5475 941 5566 dignissima
963 5496 1032 5566 est,
1057 5482 1105 5553 ita

113 5585 186 5661 hos
206 5581 412 5681 praesertim
435 5596 611 5675 ternpore,
638 5591 747 5671 atque
768 5578 809 5649 in
832 5591 904 5649 tam
928 5585 1105 5676 corruptis

632 437 796 516 DECL.
832 438 910 515 DE
935 436 1219 514 PRAEFAT.
1251 435 1310 509 ΙΝ
1341 433 1666 517 HOMERUM.

1180 603 1367 677 hominum
1380 606 1522 679 indiciis
1534 634 1574 680 ea
1587 605 1813 682 vehementer
1825 619 1916 704 opus
1929 608 2047 686 hahet.
2077 612 2169 689 Cnm

1177 711 1274 779 enirn
1289 705 1376 781 haec
1390 712 1601 782 admiranda
1613 715 1709 783 dona
1722 711 1791 783 Dei
1806 715 1988 785 literarum
2003 717 2170 793 videlicet

1177 825 1214 882 et
1238 807 1471 883 humanitatis
1497 814 1613 883 studia
1641 815 1761 884 animo
1789 817 1997 897 considero,
2038 819 2170 912 quibus

1178 926 1256 1005 post
1265 909 1400 985 Christi
1410 912 1645 1005 Evangelium
1662 912 1720 986 hic
1735 919 1831 989 orbis
1845 914 1939 987 nihil
1954 921 2169 1011 praeclarius

1177 1010 1299 1097 habet,
1332 1041 1397 1085 nec
1420 1017 1578 1088 divinius
1584 1070 1597 1103 ,
1630 1032 1666 1090 et
1687 1034 1810 1091 contra
1836 1036 1968 1114 quanta
1991 1023 2166 1107 caecitate,

1176 1144 1244 1210 qua
1269 1118 1496 1208 prodigiosis,
1522 1135 1557 1192 et
1580 1121 1768 1214 plusquam
1788 1119 1991 1193 Cimmeriis
2012 1124 2166 1195 tenebris

1175 1220 1357 1289 involutae
1379 1221 1452 1291 sint
1477 1217 1664 1291 bominum
1689 1237 1842 1306 mentes,
1868 1250 1958 1319 quae
1981 1219 2067 1295 haec
2082 1250 2166 1296 vera

1174 1335 1209 1390 et
1223 1321 1373 1391 maxima
1386 1323 1479 1391 bona
1495 1326 1772 1410 adspernantur,
1798 1341 1902 1420 atque
1919 1326 2057 1417 ingenti
2078 1352 2166 1399 con·

1174 1423 1333 1493 tentione
1346 1447 1420 1493 nou
1433 1429 1541 1493 modo
1555 1427 1742 1509 deteriora,
1767 1431 1831 1498 sed
1847 1430 1951 1499 etiam
1968 1430 2166 1521 perniciosa

1175 1539 1209 1596 et
1226 1526 1380 1596 exitialia
1400 1527 1469 1595 sibi
1491 1528 1592 1618 ipsis,
1617 1529 1851 1619 cupiditatum
1877 1554 2021 1601 suarum
2044 1545 2080 1602 et
2099 1556 2165 1603 vo·

1173 1627 1349 1718 luptatum
1373 1627 1608 1699 instrumenta
1631 1644 1828 1701 sectantur:
1861 1629 1976 1718 llaec,
2006 1634 2165 1727 inquam,

1174 1754 1256 1799 cum
1271 1732 1365 1822 apud
1383 1731 1541 1799 animum
1566 1735 1744 1821 expendo,
1769 1728 1995 1804 vehementer
2015 1759 2165 1807 conmo-

1175 1854 1277 1910 veor,
1311 1831 1408 1901 venit
1429 1833 1524 1901 enim
1546 1829 1637 1901 mibi
1659 1835 1696 1903 in
1717 1849 1892 1918 mentem,
1924 1860 2031 1930 quam
2055 1840 2165 1909 densa

1173 1931 1335 2019 caligine,
1360 1956 1401 2001 ac
1416 1933 1514 2002 velut
1526 1948 1600 2004 atra
1617 1951 1720 2006 nocte
1734 1938 1944 2008 circumfusa
1959 1939 2032 2008 sint
2045 1934 2166 2009 homi-

1174 2056 1259 2101 uum
1275 2033 1393 2103 corda.
1444 2032 1517 2103 Nec
1532 2036 1684 2126 amplius
1701 2040 1821 2124 miror,
1848 2041 1877 2108 si
1893 2040 1932 2108 in
1948 2042 2054 2110 rebus
2069 2041 2165 2111 divi-

1173 2134 1229 2202 nis
1253 2148 1286 2202 et
1308 2158 1414 2225 snpra
1437 2151 1576 2226 captum
1600 2135 1796 2210 humanum
1816 2143 1940 2232 positis
1962 2145 2165 2218 caecutiunt

1173 2230 1460 2321 homines,.cum
1483 2233 1569 2308 haec
1590 2262 1652 2308 sua
1674 2258 1709 2311 et
1724 2243 1868 2337 quidem
1890 2245 2033 2336 propria
2057 2246 2164 2334 bona,

1171 2340 1216 2406 ad
1232 2362 1322 2430 quae
1337 2339 1511 2410 divinitus
1526 2343 1662 2413 cosiditi
1680 2357 1781 2429 sunt,
1807 2371 1897 2439 quae
1920 2346 2107 2436 agnoscere
2127 2362 2163 2420 et

1171 2440 1336 2528 aniplecti
1358 2455 1539 2532 poterant,
1572 2445 1619 2513 ita
1650 2448 1798 2534 pedibus
1823 2451 2028 2539 proculcare
2046 2451 2160 2521 video.

1171 2540 1383 2611 Proiicimus
1399 2537 1482 2611 haec
1498 2546 1615 2613 studia
1634 2539 1882 2630 humanitatis,
1907 2574 2043 2642 proque
2057 2552 2162 2641 nugis

1171 2668 1209 2710 ea
1226 2643 1399 2727 ducimus,
1426 2644 1556 2736 quibus
1572 2647 1631 2715 illa
1648 2672 1729 2739 pars
1746 2652 1871 2735 nostri,
1895 2674 1985 2742 quae
2001 2653 2075 2720 sola
2094 2647 2162 2722 ho-

1171 2743 1277 2812 minis
1301 2746 1574 2837 adpellationem
1597 2765 1770 2836 meretur,
1794 2775 1883 2846 quae
1904 2754 1949 2821 ad
1969 2752 2161 2841 imaginem

1169 2843 1238 2914 Dei
1251 2847 1294 2914 ad
1314 2847 1588 2918 immortalitatis
1602 2869 1635 2921 et
1651 2876 1755 2921 verae
1769 2866 2002 2948 aeternaeque
2024 2854 2161 2925 foelici-

1169 2948 1251 3017 tatis
1276 2949 1530 3039 posscssioncm
1553 2954 1694 3023 condita
1718 2969 1788 3040 est,
1814 2957 1926 3025 excoli
1939 2972 2044 3049 atque
2066 2957 2161 3027 cxci·

1169 3051 1237 3119 tari
1260 3050 1430 3130 debebat,
1455 3074 1591 3144 proque
1611 3056 1673 3140 iis,
1704 3058 1823 3126 neseio
1848 3081 1935 3151 quas
1957 3060 2161 3151 praestigias

1168 3151 1322 3220 obiectas
1343 3178 1363 3220 a
1381 3151 1511 3222 Sataua
1532 3170 1567 3226 et
1587 3156 1709 3227 inanes
1730 3161 1874 3230 umbras
1892 3161 2019 3230 insano
2039 3184 2161 3231 caeco·

1168 3276 1237 3343 que
1253 3253 1386 3341 impetu
1401 3269 1654 3342 consectamur,
1679 3273 1713 3329 et
1727 3254 1824 3331 hunc
1840 3262 1952 3331 solem
1967 3258 2085 3335 adhuc
2100 3263 2160 3333 iu-

1167 3355 1259 3423 tneri
1283 3378 1355 3423 non
1373 3378 1587 3431 reveremur.
1638 3357 1797 3432 Abducit
1820 3363 1882 3431 ille
1903 3365 2069 3456 perennis
2088 3360 2160 3436 hu-

1167 3456 1264 3524 mani
1285 3457 1423 3546 generis
1439 3452 1551 3528 hostis
1569 3459 1707 3532 arsimus
1729 3476 1872 3535 nostros
1888 3467 2160 3560 quibuscunque

1166 3567 1279 3647 potest
1300 3558 1411 3642 dolis,
1440 3560 1486 3629 ab
1510 3561 1745 3635 admiratione
1768 3579 1804 3637 et
1825 3592 1946 3637 amore
1963 3570 2039 3638 veri
2060 3569 2159 3654 boui,

1165 3659 1349 3751 specieque
1362 3661 1448 3729 salsa
1463 3663 1688 3753 praestringit
1703 3667 1835 3753 oculos,
1854 3684 1958 3761 atque
1974 3671 2023 3741 ita
2036 3695 2159 3742 occae-
2217 3684 2220 3689 '

1165 3776 1237 3843 cat,
1265 3775 1303 3831 ut
1326 3762 1469 3853 quidvis
1493 3764 1610 3853 potius
1630 3766 1811 3839 videamus
1834 3784 1868 3841 et
1891 3773 2158 3860 amplectamur,

1164 3886 1269 3953 quam
1303 3888 1393 3954 quae
1427 3865 1613 3956 praecipue
1648 3869 1766 3940 videre
1798 3886 1833 3941 et
1859 3874 2023 3963 amplecti
2049 3873 2157 3942 debe-

1087 4052 1115 4064 ..
1164 3964 1299 4034 bamus.

1264 4062 1475 4154 Acciditque
1496 4063 1611 4133 Musis
1632 4081 1665 4137 et
1690 4064 1746 4138 his
1764 4072 1892 4140 studiis
1913 4068 1980 4142 hoc
1996 4087 2155 4164 tempore

1162 4161 1200 4229 in
1216 4166 1370 4246 mundo,
1406 4166 1502 4255 quod
1520 4165 1648 4238 Strabo
1672 4172 1813 4242 cuidam
1827 4169 2043 4269 cytharocdo
2068 4174 2155 4245 olim

1161 4264 1256 4352 apud
1292 4261 1425 4334 lassum
1459 4268 1626 4339 accidisse
1658 4289 1840 4345 memorat.
1892 4274 1966 4367 Qui
1999 4301 2081 4347 cum
2114 4277 2155 4347 in

1163 4360 1392 4437 theotmeius
1409 4368 1478 4437 loci
1493 4373 1630 4443 erudite
1645 4397 1684 4443 ac
1697 4376 1852 4450 suaviter
1868 4392 2028 4464 caneret,
2050 4380 2155 4449 audi-

1161 4482 1309 4563 rentque
1325 4493 1406 4537 eum
1424 4468 1541 4553 lassii,
1566 4477 1684 4545 statim
1703 4492 1743 4549 ut
1765 4478 1941 4574 increpuit
1954 4481 2155 4553 tintinabu-

1161 4571 1255 4654 lum,
1286 4574 1383 4663 quod
1405 4573 1545 4664 signum
1571 4578 1643 4648 illis
1665 4593 1740 4651 erat
1762 4606 1893 4654 venum
1913 4585 2153 4675 expositorum

1159 4671 1322 4763 piscium,
1349 4674 1445 4743 illico
1462 4701 1585 4747 omnes
1599 4677 1812 4772 cytharoedo
1827 4686 1961 4772 relicto,
1981 4689 2027 4756 ad
2042 4687 2154 4779 pisces

1159 4777 1326 4844 emendos
1349 4775 1476 4866 dilapsi
1500 4794 1602 4859 sunt,
1629 4796 1767 4871 praeter
1786 4786 1898 4856 uniam
1920 4791 2153 4873 surdastrum,

1159 4876 1220 4968 qui
1239 4901 1319 4945 curn
1333 4900 1460 4946 sonum
1480 4878 1687 4952 tintinabuli
1702 4887 1826 4958 auditu
1843 4912 1915 4958 non
1932 4891 2153 4982 percepisset,

1159 4979 1254 5046 solus
1268 4993 1491 5051 remanserat.
1528 4983 1585 5051 Ad
1600 5008 1679 5053 cunr
1695 4987 1805 5076 igitur
1820 5014 2011 5063 conversus
2026 4988 2153 5087 cytha-

1158 5082 1301 5147 roedus:
1329 5075 1505 5162 OHomo,
1532 5083 1668 5177 inquit,
1692 5090 1821 5177 gratias
1834 5092 1900 5162 tibi
1913 5094 2073 5184 ingentes
2089 5090 2154 5165 ha·

1157 5181 1242 5264 beo,
1268 5205 1348 5251 cum
1365 5199 1511 5275 propter
1532 5185 1689 5258 Musicae
1708 5194 1885 5281 studium,
1911 5211 1988 5267 turn
2009 5212 2153 5290 propter

1158 5277 1329 5352 honorem
1355 5308 1434 5376 erga
1459 5312 1532 5371 me,
1559 5294 1653 5382 qnod
1677 5317 1750 5363 non
1773 5298 1862 5368 sicut
1885 5303 2011 5369 caeteri
2032 5300 2150 5371 statim

1157 5389 1200 5453 ad
1236 5387 1409 5477 crepitum
1439 5391 1644 5462 tintinabuli
1678 5397 1773 5468 foras
1809 5401 1985 5488 proiecisti
2019 5417 2071 5484 te,
2109 5415 2150 5471 ut

1157 5486 1266 5578 pisces
1282 5511 1427 5562 emeres.
1479 5489 1528 5561 Αι
1543 5493 1620 5564 ille:
1658 5496 1755 5589 Quid
1773 5501 1850 5570 ais?
1883 5516 1968 5571 utun
1992 5504 2062 5572 iam
2075 5503 2149 5573 tin-

1155 5589 1358 5661 tinabulum
1381 5593 1524 5664 sorsuit?
1575 5593 1753 5686 Quicum
1777 5603 1983 5672 affirmaret:
2010 5600 2062 5677 At
2082 5606 2150 5678 tihi

2096 430 2246 519 sss*
2289 454 2300 525 ·.
2360 420 2364 425 ’
