4732 6030
159 267 237 339 957
710 253 870 331 unct,
901 252 977 340 DE
1008 249 1323 331 noc'fttttta
1352 251 1621 333 entstctt.
2113 259 2195 337 988
2275 331 2281 338 .

112 454 115 458 ’
163 458 312 533 possem.
354 432 509 504 Tantum
524 429 677 501 breviter
691 427 970 501 commonefacio
984 425 1152 511 iuniores,
1206 425 1375 517 supplicia
1411 428 1575 518 publica,
1616 450 1690 498 non
1719 427 1847 501 samam
1878 444 2032 517 metuat,
2077 439 2197 503 tameir

163 555 203 612 ut
219 539 349 617 sciant,
374 532 430 606 his
444 533 556 604 initiis
570 532 753 611 doctrinae
770 526 933 626 physicae
956 529 994 599 iu
1019 529 1152 603 multa-
1204 543 1321 598 sontes
1337 530 1477 598 tandem
1495 524 1673 599 horrendo
1691 531 1846 602 cmciatu
1862 532 2039 604 interficit.
2137 542 2142 552 '

149 654 243 711 'rum
259 662 377 709 rerum
394 635 611 727 expositione
625 633 667 706 iu
684 631 842 707 Ecclesia
857 655 946 724 opus
961 654 1046 701 esse.
1125 638 1128 645 “
1260 700 1266 712 ,
1304 630 1426 723 ltaque
1440 633 1674 702 certissimum
1688 647 1738 703 est
1745 683 1759 718 ,
1786 646 1819 703 et
1832 656 1905 703 esse
1920 631 2034 703 Deum
2048 634 2192 725 sapien-

265 738 444 809 Hactenus
465 740 509 806 de
533 737 639 807 rebus
654 737 802 806 minime
820 733 978 804 obscuris
997 730 1089 814 dixi,
1112 729 1150 799 in
1202 743 1272 801 tem
1290 733 1520 814 conditorem,
1540 748 1573 803 et
1590 735 1721 804 iustum
1737 758 1777 803 ac
1793 736 1969 805 vindicem
1983 758 2067 806 esse.
2094 732 2192 807 Haec

164 843 292 935 quibus
324 840 485 909 adiuvari
520 840 691 909 discentes
722 834 787 907 hac
817 836 944 928 puerili
976 832 1150 918 doctrina,
1203 828 1345 927 physica
1361 835 1583 904 ratiocinatio
1607 836 1704 905 utilis
1726 851 1777 907 est
1800 838 1915 907 bonae
1937 837 2066 920 menti,
2100 860 2192 929 quae

163 943 306 1037 quaein
323 936 476 1034 physicis
491 940 621 1009 libellis
636 940 800 1023 traditur,
822 939 1049 1007 manifestum
1062 947 1124 1005 est.
1201 936 1307 1004 simul
1325 937 1462 1028 quaerit
1479 937 1678 1006 testimonia
1701 937 1944 1028 patefactionis
1965 938 2004 1007 in
2019 935 2189 1013 Ecclesia.

264 1039 342 1112 Etsi
357 1055 473 1111 autem
490 1043 562 1112 scio
575 1041 783 1132 sapientiam
800 1042 844 1107 de
863 1038 1010 1109 essentia
1033 1050 1068 1107 et
1087 1060 1150 1104 vo·
1201 1035 1292 1104 Nam
1323 1061 1402 1105 cum
1432 1039 1664 1108 certissimum
1688 1039 1751 1122 sit,
1791 1064 1864 1108 esse
1888 1038 2021 1124 Deum,
2061 1052 2095 1109 et
2117 1033 2187 1109 hoc

162 1147 299 1215 luntate
316 1140 383 1212 Dei
401 1144 502 1233 longe
517 1143 666 1234 positam
683 1166 755 1211 esse
772 1164 878 1232 supra
895 1155 929 1211 et
948 1152 1043 1208 extra
1062 1160 1149 1205 con·
1202 1137 1316 1228 ipsum
1329 1139 1562 1209 conscientiae
1578 1140 1749 1209 iudicium
1766 1144 1944 1219 ostendat,
1970 1165 2035 1210 nos
2048 1139 2188 1232 adeius

162 1258 320 1336 spectum
337 1245 497 1314 onmium
519 1246 745 1332 angelorum,
769 1256 874 1334 atque
897 1242 1057 1312 omnium
1083 1234 1149 1306 ho-
1200 1240 1415 1328 agnitionem
1433 1241 1594 1310 conditos
1606 1265 1696 1324 esse,
1721 1257 1813 1312 extat
1831 1243 1866 1311 iu
1884 1266 2010 1331 genere
2028 1238 2187 1311 humano

161 1348 321 1429 minum,
366 1369 430 1414 nec
463 1335 715 1437 comprehendi
749 1345 848 1414 illam
878 1341 1149 1412 immensitatem
1201 1341 1575 1411 veradeeodoctrina
1594 1342 1792 1412 illustribus
1814 1344 2024 1414 testimoniis
2047 1341 2189 1413 tradita.

162 1443 318 1540 physicis
332 1446 479 1515 libellis:
500 1461 535 1516 et
552 1447 645 1537 ipsas
658 1446 908 1537 patefactiones
917 1441 984 1512 Dei
998 1442 1147 1512 audien·
1200 1439 1300 1511 Talis
1317 1456 1369 1512 est
1386 1442 1496 1531 prima
1513 1443 1574 1510 illa
1590 1441 1790 1533 perpetres,
1814 1441 2018 1536 Prophetas,
2039 1442 2188 1528 Filium,

162 1552 226 1618 das
243 1570 336 1632 esse,
363 1571 429 1617 nec
444 1549 530 1617 alias
546 1549 734 1639 opiniones
747 1550 791 1617 de
805 1544 882 1615 Deo
896 1544 1131 1615 adsumendas
1140 1554 1153 1609 ε·
1200 1540 1390 1635 Apostolos
1414 1545 1562 1630 tradita,
1585 1560 1618 1616 et
1640 1545 1940 1616 resuscitationem
1963 1558 2187 1617 mortuorum

162 1664 280 1721 minen
308 1662 495 1741 postquam
519 1674 601 1719 vera
630 1649 825 1719 reverentia
850 1671 969 1717 vocem
993 1642 1058 1713 Dei
1084 1668 1149 1713 au·
1201 1647 1420 1716 confirmata.

162 1753 281 1821 dimus
303 1763 338 1819 et
359 1750 620 1838 amplectimur,
657 1767 690 1821 et
712 1748 808 1820 Deus
835 1763 958 1818 nostro
987 1768 1149 1816 sermone
1304 1744 1375 1814 lam
1408 1741 1494 1814 haec
1520 1746 1775 1832 consideratio,
1814 1747 1853 1816 in
1884 1773 1952 1842 qua
1987 1747 2185 1819 similitudo

162 1868 285 1934 utens,
309 1850 483 1940 significat
499 1853 635 1945 aliquid
652 1854 695 1920 de
711 1852 783 1919 illis
799 1851 936 1920 arcanis
958 1845 1149 1941 mysteriis,
1200 1846 1328 1915 mentis
1352 1845 1492 1914 divinae
1514 1859 1548 1914 et
1568 1843 1742 1918 humanae
1764 1851 1999 1940 conspicitur,
2025 1850 2186 1920 testimo·

162 1968 197 2025 et
212 1953 289 2023 vult
304 1952 457 2020 discerni
470 1949 630 2036 Patrem,
655 1951 808 2035 Filium,
833 1963 866 2020 et
877 1949 1051 2041 Spiritum
1067 1971 1149 2051 sau-
1200 1947 1300 2018 nium
1316 1961 1383 2030 est,
1405 1972 1487 2016 vere
1500 1941 1591 2017 banc
1606 1962 1768 2020 naturam
1785 1951 1828 2018 ab
1845 1950 1922 2042 ipso
1941 1950 2053 2040 diligi,
2078 1951 2128 2018 sic
2141 1949 2188 2019 ab

163 2069 292 2137 ctum‚·
310 2052 522 2122 adiuvamur
545 2067 638 2123 certe
659 2054 697 2122 in
721 2052 938 2144 expositione
959 2050 1147 2120 nominum
1201 2072 1243 2117 eo
1259 2061 1438 2128 ornatam,
1464 2061 1501 2118 ut
1520 2073 1638 2117 rerum
1659 2051 1871 2142 optimarum
1897 2050 1936 2118 in
1962 2051 2057 2140 ipso,
2082 2073 2186 2118 men-

162 2150 288 2226 abbae
303 2154 475 2226 doctrina.
701 2170 705 2179 ·
1202 2151 1265 2235 tis,
1292 2150 1483 2234 libertatis,
1518 2151 1726 2242 sapientiae,
1758 2166 1792 2221 et
1824 2151 1981 2222 iusticias
2004 2151 2123 2228 radios
2146 2149 2186 2218 in

264 2252 497 2323 Manifestum
514 2267 565 2322 εει
589 2254 626 2323 in
648 2255 766 2322 anima
790 2255 879 2325 duas
899 2274 972 2322 esse
995 2271 1149 2320 summas
1202 2273 1267 2320 uos
1296 2251 1537 2326 transfuderit.
1601 2251 1720 2346 Atque
1750 2247 1808 2323 bic
1837 2278 1937 2323 antor
1967 2265 2086 2345 postea
2116 2250 2188 2320 rni-

161 2356 347 2447 potentias,
370 2369 635 2444 cognoscentem
653 2369 688 2425 ει
703 2355 892 2426 volentem.
926 2351 1150 2442 Cognoscens
1202 2354 1311 2422 randa
1328 2358 1468 2449 στοργῇ
1484 2353 1679 2424 declaratus
1692 2368 1762 2439 est,
1796 2378 1875 2424 cum
1892 2354 1986 2424 filius
2002 2352 2188 2445 pronubis

160 2458 290 2528 format
308 2457 495 2547 imagines,
517 2456 565 2526 ita
582 2481 661 2526 cum
685 2457 779 2525 filius
801 2457 936 2525 aeterni
957 2454 1065 2546 patris
1082 2477 1149 2522 no-
1201 2454 1343 2523 victima
1365 2455 1477 2523 lactus
1500 2470 1569 2538 est,
1594 2480 1745 2548 cumque
1761 2478 1883 2524 rursus
1896 2455 1933 2524 in
1951 2479 2017 2525 nos
2031 2454 2188 2525 transtu

161 2559 336 2639 minetur,
368 2572 402 2628 et
425 2551 552 2653 λόγος,
586 2572 620 2628 ει
641 2558 756 2646 imago
784 2558 913 2646 patris,
937 2556 1149 2645 cogitatione
1200 2578 1258 2624 sus
1275 2568 1325 2623 est
1340 2553 1494 2645 Spiritus
1507 2570 1668 2641 sanctus,
1692 2569 1733 2626 ut
1755 2557 1901 2626 societas
1922 2570 2067 2626 naturae
2090 2554 2187 2623 divi·

162 2683 245 2728 eum
272 2658 367 2747 gigni
389 2648 609 2747 intelligitur.
677 2654 725 2727 Et
746 2659 892 2746 spiritus
914 2658 1064 2745 agitator
1087 2669 1149 2738 est,
1200 2678 1266 2724 nae
1283 2657 1321 2723 in
1340 2656 1459 2738 nobis,
1485 2670 1518 2726 et
1546 2656 1637 2736 vita,
1667 2657 1846 2748 sapientia.
1864 2670 1898 2726 et
1920 2656 2056 2726 iusticia
2081 2654 2187 2725 resti-

162 2774 197 2829 et
224 2760 322 2850 quasi
346 2759 508 2843 flamma,
545 2784 614 2849 qua
637 2772 799 2829 aeternus
825 2775 924 2849 pater
947 2759 1080 2840 filium,
1114 2770 1148 2827 et
1199 2770 1369 2828 tueretur.
1422 2756 1519 2844 Quid
1544 2759 1658 2827 maius
1684 2760 1768 2827 dare
1791 2758 1907 2849 potuit
1928 2756 2044 2838 Deus,
2076 2779 2185 2849 quam

161 2861 255 2930 filins
271 2873 405 2952 patrem
424 2859 667 2947 amplectitur,
691 2859 765 2925 imo
784 2883 854 2949 qno
872 2872 1035 2928 aeternus
1051 2873 1149 2947 pater
1200 2859 1304 2928 initio
1326 2858 1596 2927 similitudinem
1618 2882 1738 2927 earum
1762 2883 1900 2943 rerum,
1929 2882 2018 2953 quae
2040 2871 2123 2928 sunt
2146 2857 2185 2926 in

161 2977 196 3032 et
217 2962 312 3043 filius
335 2973 455 3028 nostra
477 2957 545 3026 sibi
569 2971 709 3045 pectora
734 2958 910 3045 copulant.
964 2955 1011 3028 Ut
1030 2974 1147 3029 autem
1200 2961 1276 3049 ipso
1292 2959 1471 3050 optimae?
1495 2956 1634 3029 Deinde
1649 2961 1772 3044 filium,
1793 2985 1834 3031 ac
1849 2983 1972 3030 rursus
1983 2961 2186 3030 societatem

161 3062 327 3149 cogitatio
353 3073 405 3129 εει
430 3057 607 3148 potentiae
632 3058 889 3145 cognoscentis,
930 3058 977 3127 ita
1005 3058 1147 3144 agitatio
1200 3086 1282 3130 suae
1298 3075 1461 3143 naturae,
1485 3061 1596 3129 effuso
1611 3062 1649 3130 in
1668 3086 1732 3133 nos
1747 3060 1884 3154 Spiritu
1899 3085 1963 3132 suo
1978 3060 2124 3131 sancto?

160 3160 355 3231 voluntatis
383 3173 446 3232 est.
513 3156 634 3250 ltaque
662 3159 807 3248 spiritus
830 3159 962 3230 aeterni
982 3159 1092 3250 patris
1114 3174 1148 3231 ει
1301 3158 1397 3229 Haec
1421 3173 1516 3229 tanta
1541 3163 1632 3230 doua
1659 3176 1859 3234 reverenter
1882 3163 2067 3254 cogitanda
2089 3173 2187 3245 stant,

160 3262 238 3346 filii,
263 3261 387 3329 fovens
401 3275 576 3342 naturam,
602 3273 635 3328 et
651 3273 768 3328 nostra
787 3275 925 3350 pectora
944 3264 1147 3344 accendens,
1199 3275 1238 3332 nt
1261 3263 1439 3350 gratitudo
1462 3263 1613 3330 vicissim
1639 3263 1678 3331 in
1703 3264 1808 3332 nobis
1832 3268 2053 3334 accendatur.
2104 3260 2185 3333 Etsi

162 3363 387 3434 avoluntate
409 3377 472 3434 est.
528 3359 588 3431 Sic
610 3386 650 3429 ex
678 3361 882 3430 discrimine
907 3364 1145 3450 potentiarum
1199 3377 1316 3432 autem
1341 3359 1426 3431 haec
1451 3363 1621 3451 sapientia
1640 3366 1826 3455 praecipue
1847 3367 1996 3434 discitur
2017 3389 2058 3434 ex
2082 3364 2186 3434 libris

163 3464 352 3534 declaratio
385 3462 538 3532 sumitur
561 3465 606 3531 de
624 3463 704 3552 ¹lilio
730 3476 764 3532 et
785 3466 829 3530 de
849 3463 987 3553 Spiritu
1009 3477 1146 3533 sancto:
1199 3464 1349 3552 divinis,
1375 3476 1493 3532 tamen
1514 3467 1556 3531 ad
1579 3468 1855 3552 cognoscendam
1878 3479 2041 3534 naturam
2066 3460 2185 3533 homi·

162 3591 252 3660 quae
270 3565 404 3635 etiamsi
421 3576 472 3634 est
487 3563 648 3646 obscura,
675 3577 708 3633 et
723 3566 781 3630 vix
799 3566 914 3632 tenuis
930 3565 1067 3647 umbra,
1092 3579 1147 3635 ta·
1198 3565 1270 3640 nis,
1293 3559 1436 3653 physica
1455 3564 1614 3631 doctrina
1633 3565 1784 3632 multum
1800 3566 1978 3636 conducit.
2018 3564 2184 3634 iuniores

161 3690 244 3736 men
265 3690 380 3735 sermo
401 3664 544 3734 divinus
559 3657 645 3731 haec
663 3663 846 3750 significat.
896 3661 1146 3735 Metaeauteru
1197 3664 1389 3732 bonitatem
1411 3677 1446 3733 et
1464 3662 1672 3752 dignitatem
1690 3664 1820 3733 artium
1847 3668 2008 3737 nondum
2036 3666 2186 3757 perinde

161 3768 335 3838 divinitus
356 3767 526 3844 traditae,
546 3765 752 3834 retinendae
772 3776 865 3833 suut.
916 3759 964 3832 Et
988 3765 1147 3833 retinen·
1197 3776 1348 3865 cernunt
1362 3777 1401 3834 ut
1418 3786 1539 3847 senes,
1570 3764 1631 3856 qui
1649 3765 1718 3833 iarn
1738 3765 1883 3856 propius
1899 3768 1955 3835 e'as
1970 3767 2185 3856 adspiciunt,

160 3885 220 3942 tur
236 3870 391 3952 firmius,
416 3891 495 3935 cum
514 3878 606 3934 recte
624 3878 783 3954 percepta
800 3879 850 3933 est
864 3865 1036 3938 doctrina.
1072 3864 1146 3935 Ne-
1197 3878 1233 3934 et
1247 3866 1382 3933 sontem
1400 3886 1474 3933 esse
1490 3865 1607 3933 sciunt
1623 3866 1831 3959 sapientiam
1839 3863 1920 3950 Dei,
1943 3891 1982 3937 ac
1995 3869 2184 3959 deplorant

161 3995 254 4042 cesse
277 3985 330 4041 est
350 3983 467 4039 tamen
489 3967 677 4035 discrimen
696 3964 828 4046 Patris,
855 3964 955 4047 Filii,
982 3984 1016 4036 et
1029 3965 1145 4056 Spiri-
1198 3979 1352 4034 nostram
1376 3965 1552 4037 inscitiam
1578 3989 1618 4034 ac
1641 3966 1942 4052 ingratitudinem.
2008 3968 2055 4041 Ut
2076 3966 2190 4059 igitur

162 4087 220 4143 tus
241 4073 354 4142 sancti
381 4071 417 4139 in
441 4068 664 4138 invocatione
688 4066 846 4154 cogitari.
903 4064 1145 4137 Discernenda
1197 4090 1320 4135 senum
1336 4066 1491 4135 officium
1506 4081 1573 4149 est,
1600 4066 1772 4137 instillare
1787 4070 1916 4138 teneris
1928 4069 2059 4140 animis
2073 4086 2186 4141 rectas

162 4186 213 4243 est
229 4172 325 4241 euim
338 4188 456 4244 nostra
474 4168 650 4240 invocatio
666 4169 712 4239 ab
728 4163 876 4237 ethnica.
925 4166 1064 4239 Deinde
1078 4165 1146 4239 boc
1197 4167 1383 4256 opiniones
1409 4170 1452 4238 de
1480 4170 1614 4238 artibus
1639 4183 1673 4239 et
1705 4193 1825 4239 earnm
1854 4195 2008 4240 amorem
2039 4185 2187 4263 propter

162 4273 589 4367 qnoqueconsideremus.
623 4268 715 4341 Cum
731 4271 842 4339 multa
856 4269 928 4339 sint
945 4271 1144 4339 testimonia
1197 4269 1345 4359 gloriam
1362 4267 1446 4338 Dei:
1479 4272 1525 4340 ita
1548 4284 1702 4340 vestrum
1728 4285 1800 4350 est,
1825 4273 2004 4353 iuniores,
2030 4269 2095 4344 has
2116 4298 2183 4341 no·

161 4379 206 4445 de
223 4374 302 4444 Deo
319 4372 357 4440 in
372 4372 536 4443 universa
558 4389 704 4453 natura,
722 4395 817 4466 quae
838 4372 1054 4440 convincunt
1078 4368 1146 4441 lru-
1196 4385 1286 4440 stras
1305 4372 1566 4442 admonitiones
1583 4373 1726 4461 infigere
1746 4374 1893 4453 anintis,
1921 4388 1953 4444 et
1969 4397 2070 4466 saepe
2086 4375 2185 4463 cogis

161 4498 284 4544 manas
299 4486 451 4554 mentes,
476 4475 635 4571 utfateri
654 4487 824 4563 cogantur
844 4496 917 4541 esse
933 4471 1065 4542 Deum:
1092 4487 1146 4543 ta·
1197 4488 1290 4557 tare,
1324 4497 1457 4567 vosque
1487 4476 1532 4543 ad
1566 4474 1774 4543 discendnm
1806 4476 2017 4560 exuscitare,
2048 4490 2083 4546 et
2108 4472 2193 4545 toto'

160 4600 242 4646 men
268 4572 334 4644 hae
362 4573 557 4666 potentiae,
582 4598 794 4662 cognoscens
819 4589 853 4644 et
874 4573 984 4644 libere
1002 4575 1146 4664 eligens,
1196 4588 1336 4667 pectore
1352 4577 1397 4645 ab
1415 4570 1469 4643 bis
1485 4576 1547 4666 qrri
1560 4590 1653 4647 artes
1668 4577 1886 4666 vituperant,
1911 4592 1971 4646 aut
1988 4591 2083 4647 recte
2096 4601 2185 4646 con-
2270 4640 2278 4657 ,

160 4692 196 4748 et
210 4676 381 4760 noticiae,
427 4698 516 4768 qtrae
557 4689 639 4744 sunt
672 4677 858 4746 immotum
893 4689 928 4744 et
961 4689 1143 4746 aeternum
1196 4678 1351 4759 stitutas‚
1383 4676 1577 4767 praestigiis
1603 4670 1861 4763 sophismatum
1891 4678 2100 4747 labefactare
2123 4703 2185 4747 co·

160 4794 315 4870 septum,
340 4773 1006 4871 quohonesteetturpiadivelluntur,
1032 4778 1145 4848 inaxi-
1198 4792 1346 4859 nantur,
1378 4771 1581 4852 abhorrere.
1647 4775 1744 4846 Haec
1769 4791 1882 4847 vestra
1904 4779 2085 4866 diligentia
2106 4775 2187 4849 Deo

159 4906 218 4949 rne
239 4883 451 4958 ostendunt,
488 4874 650 4945 homines
673 4901 747 4944 nou
771 4880 923 4948 extitisse
947 4903 1047 4959 casu,
1080 4904 1145 4950 nec
1197 4890 1315 4966 grata,
1345 4891 1378 4947 et
1392 4874 1569 4947 Ecclesiae
1591 4902 1632 4948 ac
1658 4879 1750 4948 vitae
1775 4880 1953 4950 communi
1981 4880 2080 4949 utilis
2104 4882 2187 4956 erit.

160 4984 299 5064 abruta
313 4981 459 5049 materia
476 4979 574 5050 oriri.
623 4975 707 5046 Non
722 4977 817 5045 enim
833 4995 943 5069 potest
958 4980 1143 5050 fortuitum
1196 4979 1419 5067 Quaeramus
1446 4982 1602 5051 modeste
1623 4991 1658 5049 et
1680 4993 1885 5050 reverenter
1913 4981 2119 5068 veritatem,
2151 4996 2187 5051 et

158 5108 233 5158 esse
250 5080 317 5153 boc
333 5081 523 5152 discrimen
543 5075 772 5150 honestorum
789 5093 821 5148 et
838 5081 1014 5170 turpium:
1047 5083 1144 5175 quod
1198 5081 1350 5150 sciamus
1371 5094 1482 5165 artes,
1516 5106 1595 5151 cum
1619 5096 1712 5152 recte
1731 5082 1942 5168 traduntur,
1975 5086 2071 5176 quod
2092 5097 2189 5154 certe

158 5187 303 5285 quidem
318 5185 502 5254 confirmat
526 5183 563 5251 in
588 5181 736 5269 singulis
759 5180 996 5253 conscientiae
1014 5183 1147 5254 severi-
1197 5181 1350 5252 fideliter
1370 5182 1485 5253 lacere
1506 5184 1706 5262 studemus,
1733 5183 1868 5253 rivulos
1884 5207 1959 5254 esse
1973 5185 2117 5254 divinae
2131 5208 2187 5252 sa-

158 5308 229 5374 tas,
261 5310 351 5380 quae
376 5285 472 5357 testis
494 5296 544 5353 est
568 5283 806 5354 certitudinis.
864 5279 955 5351 Nam
978 5308 1037 5355 rea
1060 5308 1146 5353 con·
1197 5282 1370 5374 pientiae,
1396 5299 1431 5355 ει
1456 5285 1810 5355 commonefactiones
1834 5287 1878 5355 de
1892 5288 1989 5357 Deo:
2015 5300 2050 5356 et
2070 5285 2191 5374 agnita

159 5390 323 5476 scientia,
364 5387 597 5459 etiamsinon
624 5385 891 5474 magistratuum
923 5383 1034 5470 iram,
1071 5409 1148 5455 non
1198 5384 1361 5471 veritate,
1387 5386 1428 5455 iu
1452 5410 1491 5455 ea
1516 5387 1796 5480 acquiescamus,
1821 5413 1896 5458 non
1915 5385 2108 5456 ambitione
2129 5401 2195 5457 aut
