4732 6030
61 168 145 253 :201
538 168 697 246 occu.
749 168 823 246 ou
852 167 1183 245 memmae
1221 167 1666 251 asrnocoomr.
2024 187 2113 267 :sse

63 353 226 451 ‘Cyrsili,
247 336 453 448 ·qoem⁵cum
467 340 705 418 Athenienses
719 347 861 415 dantem
876 344 964 416 utile
977 368 1065 415 con·
1116 364 1233 413 veram
1255 344 1423 417 noticiam
1447 369 1537 428 esse,
1566 350 1629 418 sed
1643 349 1859 427 addiderunt
1869 354 2104 455 'etiem-opor..

73 442 216 540 sitium,
255 455 315 523 sed
349 449 598 545 inhonestum,
636 447 814 538 lapidibus
844 448 1064 531 obruissent,
1116 457 1190 515 tere
1201 445 1325 515 utilem
1341 450 1384 515 ad
1404 448 1512 517 vitam
1527 469 1619 520 esset
1643 450 1691 523 ita
1705 475 1768 543 ego
1787 469 1967 551 utrunque
1980 464 2103 558 dispu-

68 546 241 629 mulieres
252 556 359 627 'etiem
372 547 609 623 Athenienses
621 549 697 637 eius
718 572 863 619 uxorem
883 550 1063 642 lapidave-
1114 547 1210 629 tabo,
1228 560 1261 617 et
1273 571 1390 617 veram
1399 570 1472 618 esse
1480 549 1679 625 doctrinam
1689 555 1733 623 de
1748 557 1958 630 coelestibus
1970 564 2103 639 effecti-

60 670 188 731 *tuntr‘
202 671 344 729 tantam·
357 654 520 724 esse-vim
541 646 735 719 honestatis
747 646 981 720 Athenienses
999 676 1060 719 vo·
1114 648 1229 717 buset
1252 653 1455 738 magnasad
1473 652 1583 721 vitam
1607 654 1775 724 utilitates
1794 658 1931 734 afferre.
1982 663 2102 761 Atque

62 762 234 845 luerunt,
260 772 302 830 ut
315 780 410 827 novo
426 754 593 844 exemplo·
608 765 773 843 potarent
788 754 828 820 in
846 776 927 821 eum
944 753 1060 820 anim-
1114 744 1171 817 bic
1188 750 1366 840 principio
1381 775 1401 820 a
1417 753 1519 820 vobis
1533 767 1632 844 peto,
1659 759 1755 849 quod
1773 760 2023 851 aequissimum
2040 786 2102 857 est,

63 864 258 932 *adversum
276 850 369 943 esse,
399 856 463 950 qui
484 855 672 926 utilitatem
697 854 961 925 anteferendam
988 877 1061 923 esse
1112 875 1157 920 ne
1180 852 1366 923 conferatis
1388 853 1425 921 in
1442 866 1553 923 artem
1569 846 1684 927 efrata
1701 859 1893 946 artificum,
1918 890 1987 956 qua
2002 868 2047 937 de
2062 897 2100 942 re

72 965 261 1034 iudicasset
276 956 464 1030 honestati.
511 954 614 1024 Talia
629 971 835 1025 ornamenta
853 968 931 1047 apte
945 969 1059 1024 trans-
1112 953 1252 1040 longius
1268 948 1563 1029 mihidicendum
1581 970 1686 1042 esset,
1720 961 1791 1031 nisi
1813 966 1908 1053 apud
1932 971 2096 1041 eruditis-

68 1064 390 1158 latali'nlnostram
415 1059 631 1141 orationem,
667 1080 741 1125 non
768 1059 876 1127 modo
901 1057 1058 1146 gratiam,
1111 1054 1217 1123 simos
1241 1048 1402 1125 homines
1429 1053 1618 1129 baberetur
1645 1062 1800 1132 oratio?
1831 1061 1903 1133 Sed
1922 1068 2021 1138 aliud
2046 1089 2097 1143 est

71 1152 131 1237 sed
155 1168 261 1237 etiam
283 1163 506 1233 autoritatem
528 1159 731 1228 conciliant.
782 1158 898 1250 Supra
917 1158 991 1228 dixi
1014 1160 1057 1227 de
1110 1157 1261 1240 crimen,
1293 1160 1390 1248 (prod
1411 1159 1516 1227 etiam
1539 1162 1634 1250 apud
1660 1164 1783 1234 doctos
1806 1162 1963 1239 detrahit
1990 1172 2095 1245 fidem

55 1269 190 1339 verbis
211 1251 245 1337 et
267 1263 450 1335 sententiis
470 1260 717 1350 excerpendis,
743 1254 827 1329 haec
842 1285 926 1329 vero
945 1261 1057 1328 maior
1109 1258 1194 1341 arti,
1220 1262 1314 1350 quod
1332 1259 1502 1331 videlicet.
1518 1260 1556 1327 in
1573 1256 1638 1330 hac
1656 1262 1792 1337 infinita
1808 1266 2096 1348 casuumbuma-

54 1370 138 1439 erit
156 1370 307 1452 utilitas,
334 1366 489 1454 integros
510 1363 605 1431 locos
622 1361 749 1430 ordine
763 1384 993 1450 cognoscere,
1024 1376 1057 1430 et
1109 1383 1237 1428 norum
1259 1359 1445 1444 varietate,
1476 1380 1538 1430 ¹ars
1562 1362 1633 1450 ipsa
1658 1386 1733 1435 non
1764 1369 1943 1456 praevidet
1964 1379 2094 1448 omnia.

60 1490 195 1542 ‘eorum
207 1472 338 1539 formas
352 1480 482 1549 tenere,
500 1486 587 1556 qtrss
600 1463 658 1532 vel
673 1463 865 1549 imitemur,
881 1465 936 1532 vel
951 1486 1055 1533 usur·
1107 1459 1245 1550 Negant
1260 1460 1369 1550 igitur
1387 1457 1547 1530 homines
1559 1463 1656 1532 acuti
1679 1478 1807 1550 artem,
1833 1462 1900 1540 hoc
1917 1487 1988 1558 est,
2011 1481 2094 1549 uni-

53 1586 194 1666 ³pemus
210 1594 292 1641 cum
305 1591 395 1661 opus
410 1568 496 1646 erit,
523 1565 606 1659 quia
623 1588 702 1634 oum
717 1565 839 1634 omnia
856 1566 1000 1655 negocia
1017 1566 1053 1633 in
1109 1564 1277 1631 versalern
1295 1577 1329 1633 et
1344 1576 1548 1654 perpetuam
1560 1565 1759 1635 doctrinam
1777 1568 2038 1664 existerepoese
2051 1604 2093 1650 ex

53 1658 140 1745 ‘etta
165 1676 371 1742 referuntur.
385 1672 430 1740 ld
455 1669 542 1740 tales
563 1668 677 1749 looo's,
703 1668 843 1735 necesse
864 1681 916 1737 est
935 1680 976 1737 ut
993 1692 1053 1737 eo·
1107 1664 1379 1754 particularibus
1400 1689 1592 1755 paucorum
1619 1682 1809 1741 eventuum
1836 1673 2093 1751 observationi-

64 1777 166 1867 piose
183 1775 372 1844 instmctos
386 1770 646 1865 atque-paratos
662 1765 863 1852 habeamus,
887 1792 928 1837 ac
941 1770 1052 1838 sicubi
1092 1767 1184 1844 ¹bus,
1205 1767 1402 1856 quasivero
1419 1765 1671 1838 autMedicina
1687 1770 1832 1861 morbos
1847 1789 2093 1867 consorores,

53 1879 216 1946 deemnt
236 1870 303 1945 bae
324 1896 426 1963 opes,
460 1873 488 1939 is
513 1871 649 1939 nullam
672 1891 812 1938 causam
834 1894 949 1960 neque
962 1884 1054 1940 recte
1106 1878 1166 1935 aut
1189 1866 1330 1954 politica
1345 1867 1516 1957 sapientia
1532 1891 1654 1937 omnes
1667 1867 1892 1963 Rerumpub.
1906 1889 2094 1970 tempesta-

64 1978 241 2060 iudicare,
265 1998 381 2067 neque
394 1974 487 2041 clare
500 1994 674 2062 exponere
691 1970 831 2060 poterit.
884 1970 978 2041 Diri.
1107 1981 1158 2037 tes
1175 1967 1391 2057 prospicere,
1416 1968 1737 2043 mederiomnibus
1754 1973 1990 2048 incommodis
2011 2006 2094 2073 pos-

463 2109 466 2115 ·
582 2074 585 2079 '
1105 2068 1161 2138 sit.
1199 2064 1249 2137 Et
1267 2082 1384 2136 tamen
1405 2072 1668 2139 concedendum
1687 2087 1755 2152 est,
1782 2077 1893 2147 multa
1908 2074 2092 2177 utriusque

1105 2170 1189 2239 artis
1200 2184 1320 2239 vernet
1334 2171 1433 2241 firma
1448 2187 1629 2263 praecepta
1647 2196 1731 2254 esse,
1746 2188 1780 2244 et
1793 2179 1836 2246 acl
1849 2180 1957 2251 vitam
1975 2185 2089 2262 utilia.

57 2306 110 2405 -N
169 2328 218 2401 35
416 2274 440 2301 ·'
890 2348 926 2387 en
959 2325 1040 2390 1535
1107 2268 1158 2339 lta
1181 2284 1265 2340 stunt
1290 2267 1395 2340 buius
1413 2272 1633 2343 divinatricis
1650 2294 1752 2344 verae
1767 2282 1940 2369 quaedam
1958 2299 1992 2360 et
2009 2304 2091 2376 per-

47 2357 245 2456 'Aa‘
873 2373 1050 2444 κέν-ἰ
1105 2388 1227 2462 petuae
1257 2372 1546 2459 significationes,
1580 2375 1764 2463 pauciores
1793 2379 1960 2467 fortasse,
1996 2385 2088 2460 nihil

114 2466 119 2473 ’
1104 2474 1196 2542 euim
1213 2474 1416 2553 dissimulo,
1443 2498 1548 2565 quarn
1566 2473 1808 2562 Medicorum,
1832 2504 1916 2551 narn
1933 2481 2090 2562 baccare

286 2525 514 2637 Dignam
542 2522 829 2640 mirol‘bqiae·
1102 2586 1262 2643 versatur
1284 2576 1321 2643 in
1345 2576 1450 2645 rebus
1474 2577 1597 2665 procul
1621 2576 1779 2665 positisa
1801 2595 1921 2650 nostro
1941 2609 2089 2680 conspe-

133 2711 212 2782 Apud
231 2707 305 2762 crat.
324 2705 395 2776 Myt.
420 2701 597 2825 pttssqp„
628 2699 658 2753 io
675 2697 826 2752 Declamas.
848 2696 916 2755 'nl
942 2718 967 2771 p.
981 2697 1050 2762 sto„
1102 2690 1176 2760 ctu;
1210 2687 1244 2744 et
1278 2700 1357 2745 cum
1383 2671 1570 2745 hominum
1605 2689 1877 2767 temperamenta
1903 2708 2089 2783 moresque

164 2779 281 2832 servent
299 2772 489 2843 T·-¹··t>·ll²⁵·
506 2780 535 2825 ²¹
576 2769 677 2824 tohard.
696 2769 731 2821 Τ·
744 2767 767 2821 ¹·
785 2787 812 2840 t·
824 2767 884 2822 ⁴7⁵·
1102 2776 1271 2846 diiudicet
1292 2789 1326 2846 et
1345 2777 1555 2849 vaticinetur
1579 2778 1622 2847 de
1644 2779 1775 2849 futuris
1792 2785 2025 2859 maximarum
2049 2793 2087 2861 in

47 2920 201 3017 'oratio'
215 2938 263 3013 de
280 2932 473 3030 dignitate
492 2929 739 3021 astrologiae,
767 2922 873 2994 dicta
899 2932 939 2997 in
961 2948 1048 3016 pro·
1100 2880 2000 3067 :3¹³²[2⁰:¹¹mdffiffissffioffiffiugffifflffi
2015 2915 2088 3064 ἷζε

60 3048 226 3123 motione.
248 3040 522 3129 Mssdt'fmmm
556 3050 580 3097 ⁰
610 3023 777 3097 ¹⁰⁰⁰b⁰
808 3024 1045 3115 mmmm
1099 3079 1155 3147 ius
1170 3080 1254 3147 artis
1267 3080 1599 3163 demonstrationes,
1621 3105 1727 3172 quam
1742 3099 1960 3161 caeterarum
1976 3093 2088 3166 levio-

356 3154 454 3203 ωηο
476 3132 526 3200 Μ’
540 3128 755 3199 D⁰XXXV'
1101 3205 1178 3249 rum
1196 3180 1346 3258 artium,
1370 3181 1455 3251 artis
1471 3175 1540 3249 hoc
1556 3185 1793 3271 magnitudini
1809 3189 1995 3265 tribuatur·
2035 3193 2086 3271 'Et

54 3283 211 3383 Optime
238 3275 438 3353 institutum
466 3291 535 3362 est,
567 3291 607 3346 ut
632 3280 670 3345 in
699 3273 754 3346 his
777 3278 982 3368 spectaculis
1003 3279 1046 3347 de
1099 3281 1243 3373 quidem
1265 3306 1306 3351 eo
1323 3281 1456 3351 maiore
1473 3304 1555 3353 cura
1573 3287 1928 3383 quantulumcunque
1949 3308 2000 3366 est
2017 3291 2085 3369 ltu.

55 3392 232 3483 dignitate
265 3385 393 3454 artium
427 3395 461 3451 et
491 3382 534 3448 de
561 3380 731 3448 virtutum
763 3380 878 3479 laude
899 3379 1045 3463 dicatur,
1099 3384 1153 3450 ius
1183 3384 1287 3461 artis,
1325 3386 1420 3475 quod
1448 3385 1565 3475 superi
1597 3401 1840 3461 monstrarunt
1866 3390 2084 3481 hominibus,

59 3494 154 3591 quod
172 3514 210 3559 ea
226 3486 434 3558 oratiorum
450 3484 494 3551 ad
518 3482 702 3550 formanda
726 3480 856 3550 iudicia
880 3480 1040 3550 iuventu—
1097 3484 1298 3552 conservari
1326 3488 1450 3575 debet,
1480 3510 1522 3556 eo
1552 3487 1687 3558 maiore
1717 3492 1835 3560 studio
1867 3493 2084 3571 intendenda

58 3598 119 3677 tis,
146 3605 223 3664 turn
248 3589 293 3657 ad
314 3586 556 3656 accendendos
578 3583 715 3651 animos
738 3583 784 3649 ad
803 3606 959 3649 amorem
979 3584 1042 3650 bo·
1095 3608 1193 3653 mens
1215 3600 1266 3655 est
1295 3586 1333 3652 in
1358 3581 1420 3655 has
1449 3586 1751 3672 significationes,
1773 3614 1864 3683 quae
1885 3614 2085 3689 compertae

57 3718 185 3765 narum
209 3713 346 3772 rerum,
381 3709 544 3775 magnam
567 3685 637 3750 vim
657 3678 775 3750 habet.
828 3679 906 3751 Etsi
928 3698 1041 3752 autem
1095 3699 1190 3768 stant,
1214 3710 1296 3753 nam
1312 3681 1438 3755 harum
1454 3710 1597 3779 quoque
1610 3691 1762 3761 maxima
1781 3692 1832 3760 vis
1849 3709 1911 3776 est,
1935 3712 1969 3769 et
1986 3705 2080 3773 mul.

57 3796 243 3889 praecipue
266 3790 356 3859 solet
377 3789 419 3855 ad
441 3785 633 3854 iuventutis
655 3783 843 3852 utilitatem
870 3779 937 3851 hoc
965 3784 1041 3851 loco
1094 3785 1502 3875 tiplexinvitautilitas.
1539 3785 1619 3856 Non
1633 3791 1747 3859 solum
1763 3792 1885 3881 inepti,
1903 3800 1963 3864 sed
1979 3804 2083 3869 etiam

57 3893 314 3969 accommodari
342 3888 475 3970 oratio,
508 3899 625 3953 tamen
656 3908 701 3952 ne
733 3884 1039 3976 caeteris-quidem
1095 3886 1249 3976 improbi
1263 3899 1362 3965 stant,
1388 3887 1449 3977 qui
1465 3886 1561 3953 falsis
1577 3890 1864 3976 persuasionibus
1878 3917 2005 3967 ornare
2021 3917 2084 3975 aut

54 4000 168 4071 ullam
182 4018 341 4065 acroama
359 4004 411 4059 est
426 3987 630 4070 iucundius,
656 4008 760 4076 quarn
776 3986 903 4053 artium
920 3998 953 4053 et
970 3985 1041 4052 vir·
1094 3986 1308 4074 amplificare
1324 4000 1414 4051 artes
1430 3999 1614 4053 conantur.
1645 3984 1719 4075 Ego
1736 3989 1887 4077 ingenue
1902 3998 2081 4086 profiteor,

39 4108 176 4172 'tutum
191 4097 365 4177 encomia,
390 4111 477 4183 quas
491 4102 530 4157 ut
546 4089 694 4180 quisque
710 4085 892 4174 intelligit,
918 4086 964 4153 ita
982 4108 1042 4149 ve·
1093 4110 1166 4153 nou
1193 4083 1353 4151 omnium
1377 4096 1568 4153 eventuum
1592 4086 1865 4174 significationes
1887 4117 2081 4190 compertas

42 4196 319 4273 ¹lternentissime
341 4193 550 4264 admiratur.
602 4186 722 4276 Quare
743 4187 807 4255 etsi
835 4184 949 4255 oratio
974 4209 1035 4254 no·
1094 4208 1185 4268 esse,
1211 4187 1270 4252 sed
1290 4184 1383 4253 idem
1399 4186 1536 4254 affirmo
1555 4188 1681 4258 mtrltas
1698 4212 1771 4260 esse
1787 4207 1898 4264 certas
1917 4202 2081 4274 minime-

51 4282 125 4375 stra
146 4300 261 4392 aptior
282 4300 401 4370 futura
418 4306 492 4363 erat
512 4288 709 4373 iuventuti,
734 4301 853 4357 tamen
874 4309 920 4355 ne
941 4286 1040 4354 vobis
1093 4311 1160 4379 que
1182 4286 1323 4355 fallaces
1345 4287 1635 4376 significationes,
1661 4315 1746 4384 quas
1768 4294 1895 4387 siquis
1917 4302 2081 4375 animad.

40 4404 199 4501 'quidem
216 4402 389 4490 ingratam
405 4397 480 4465 fore
495 4393 646 4474 confido,
674 4413 826 4482 quorum
841 4413 911 4482 quo
928 4387 1041 4457 maior
1094 4387 1254 4466 verterit,
1288 4410 1456 4476 magnum
1479 4391 1522 4457 ad
1546 4394 1735 4479 regendam
1762 4407 1924 4467 naturam
1950 4417 1984 4473 et
2005 4407 2082 4497 plo·
2208 4459 2214 4471 .

40 4496 107 4577 *est
130 4504 283 4574 eruditio
303 4515 337 4571 et
359 4494 568 4591 prudentia,
597 4517 639 4561 eo
663 4491 774 4579 magis
795 4489 961 4561 delectari
978 4513 1039 4558 vos
1093 4512 1219 4581 rosque
1241 4488 1403 4558 fortunae
1424 4489 1574 4582 impetus
1590 4494 1859 4582 gubernandos,
1882 4502 2087 4589 adminieu-‚

38 4588 267 4697 'rogitatione
280 4605 355 4695 ipsa
374 4599 502 4670 artium
519 4596 683 4664 arbitror.
723 4588 846 4661 Dicam
863 4592 1039 4661 autemde
1092 4592 1165 4662 lum
1187 4586 1306 4663 habet.
1358 4592 1537 4662 Extenuat
1565 4587 1658 4663 hanc
1682 4609 1793 4666 artem
1824 4611 1859 4669 et
1882 4598 2080 4680 Favorinus

35 4720 91 4779 'es
115 4692 470 4799 partedstrotogiae,
499 4720 587 4788 quae
601 4697 646 4764 de
671 4697 835 4787 syderum
858 4692 1038 4762 effectibus
1092 4695 1183 4781 apud
1199 4690 1377 4780 Gellium,
1404 4704 1438 4760 et
1462 4692 1548 4762 dicit
1563 4716 1672 4779 pauca
1691 4699 1865 4789 quaedam
1880 4708 2080 4791 praevideri

35 4806 95 4880 iri
112 4792 240 4881 notuit
263 4800 613 4889 inferioredisputet.
665 4795 777 4887 ldq'ue
793 4806 1037 4883 argumentum
1090 4789 1427 4887 παχυμερέστερον,
1464 4817 1538 4863 non
1564 4796 1679 4865 solum
1705 4821 1780 4871 non
1799 4822 1983 4892 repugno,
2016 4815 2078 4882 aad

49 4888 247 5002 adsumpsi
270 4904 457 4986 libentius,
483 4900 565 4993 quia
592 4891 681 4965 mihi
694 4919 768 4966 non
787 4897 825 4965 in
840 4897 947 4966 turba
971 4895 1038 4963 im·
1090 4897 1195 4963 etiam
1210 4896 1373 4985 plausum
1385 4896 1447 4977 do,
1471 4897 1567 4987 quod
1582 4896 1632 4966 ait
1647 4895 1979 4998 παχυμερὲσῑεραν,
2003 4934 2081 4984 am.

36 4990 270 5106 'peritorum,
302 5009 362 5077 sed
385 5003 479 5092 apud
503 4997 663 5069 homines
687 5000 810 5067 doctos
824 5011 859 5068 et
874 4991 1037 5067 Philoso·
1084 4997 1249 5085 plissimo
1264 4995 1451 5086 praeconio
1469 4997 1608 5073 ornavit
1622 5012 1751 5078 artem,
1776 5000 2081 5105 siquidemquae.

46 5108 159 5209 pbiae
186 5113 343 5194 deditos,
374 5103 563 5173 dicendum
592 5123 664 5170 esse
691 5099 951 5189 intelligebam·
990 5095 1038 5168 Ut
1089 5099 1169 5165 dam
1185 5096 1223 5166 io
1242 5110 1365 5169 natura
1380 5109 1441 5166 aut
1461 5098 1620 5166 moribus
1637 5100 1823 5191 praecipua
1844 5107 2079 5188 animadverti

34 5230 169 5288 'tutem
191 5211 319 5283 Graeci
344 5202 519 5279 Rhetores
541 5225 676 5272 summa
699 5200 889 5292 prudentia
910 5200 950 5268 in
973 5199 1037 5268 de·
1090 5221 1191 5288 posse
1214 5197 1347 5291 inquit:
1374 5193 1423 5267 At
1438 5222 1480 5267 ex
1496 5193 1552 5266 his
1574 5192 1737 5271 homines
1756 5225 1895 5294 sagaces
1921 5212 2077 5300 plurima

49 5314 215 5389 finitione
237 5313 323 5384 artis
337 5310 504 5381 dixerunt
527 5319 636 5376 artem
653 5326 726 5399 non
741 5301 858 5372 solum
875 5313 1037 5392 oportere
1088 5313 1207 5391 postea
1231 5299 1399 5370 iudicant.
1451 5297 1590 5371 Videtis
1611 5301 1649 5370 in
1669 5304 1829 5376 moribus
1843 5332 1950 5401 quom
1963 5315 2075 5385 molta

1367 5393 1442 5473 17*
