4732 6030
669 287 831 365 DECL.
868 283 944 361 DE
978 267 1252 360 SEBALDO
1287 268 1632 345 MUNSTERO.
2088 277 2166 352 458

869 532 872 537 Ι
963 489 1011 531 ,m
1040 461 1133 527 1539,
1286 439 1357 512 Sed
1380 466 1460 513 cum
1483 441 1522 511 in
1536 457 1607 514 tam
1623 442 1716 514 tristi
1737 467 1819 515 casu
1836 442 2034 543 lachrymas
2051 462 2170 522 tamen

952 553 1124 583 ’Ν
1182 558 1302 615 tenere
1317 567 1390 613 nou
1403 545 1589 636 possimus,
1610 559 1644 616 et
1659 547 1721 615 illa
1736 548 1993 619 commiseratio
2008 575 2028 620 a
2043 566 2170 627 natura

1182 646 1310 714 animis
1328 646 1458 718 nostris
1473 647 1577 716 infixa
1596 648 1660 734 sit,
1686 661 1727 718 ut
1742 650 1874 719 dictum
1891 664 1942 720 est
1956 676 1976 721 a
1992 650 2121 724 Poe'ta:

141 302 219 376 4⁵⁷

142 471 286 603 Q.

351 681 427 765 De
454 676 653 764 Sebatdo
678 616 933 762 'aarum

210 855 292 939 Apud
309 853 422 909 Craton.
442 850 514 919 Myt.
534 851 711 922 natosqq„
734 850 761 903 in
781 849 903 904 Declam.
921 850 956 903 Τ.
970 848 1003 902 ll.
1020 864 1047 917 p.
1061 847 1132 913 ⁴66,
1182 898 1191 915 ,
1367 898 1375 914 ,
1506 898 1514 914 ‚
1906 904 1916 921 ‚
2070 906 2113 922 ..

241 945 272 977 m
285 926 406 978 Servos.
418 922 450 977 T.
465 922 498 976 tt.
513 919 608 991 pass.
625 930 652 972 ec
664 920 734 990 apud
749 919 876 973 Richard.
889 918 921 973 T.
932 919 969 972 11.
986 917 1080 987 neto.
1097 946 1134 960 -
1180 911 1336 988 agnoscet
1365 899 1401 967 id
1429 899 1533 967 nobrs
1558 896 1674 985 Deus,
1714 903 1811 993 quod
1837 904 1954 973 subrto
1982 898 2170 976 hommum

245 989 503 1046 M⁰¹¹1¹¹¹⁸⁰⁸¹⁸t¹t
517 990 644 1042 Μ““““
657 991 684 1042 ⁸³·
696 989 741 1044 ²⁶·
756 987 820 1042 ⁰⁰¹·
836 987 911 1042 ¹⁶³9·
1181 996 1369 1070 charorum
1395 999 1547 1070 interitu
1563 1023 1845 1084 commovemur,
1882 1019 1915 1076 et
1936 1006 2171 1077 imbecillitati

1181 1102 1298 1193 potius
1322 1114 1463 1170 nostrae
1487 1102 1577 1171 illud
1609 1128 1712 1196 quam
1741 1105 1957 1176 diffidentiae
1986 1108 2172 1181 adscribet.

1180 1201 1263 1274 Non
1287 1201 1381 1272 enim
1406 1202 1444 1269 id
1466 1225 1507 1270 eo
1529 1203 1693 1289 facimus,
1728 1209 1824 1298 quod
1848 1209 1892 1276 de
1917 1209 2171 1297 benignissima

1182 1305 1296 1374 divini
1319 1302 1428 1394 patris
1451 1304 1634 1373 voluntate
1654 1329 1734 1395 erga
1759 1309 1840 1377 illos
1862 1310 1920 1378 vel
1942 1334 2007 1379 nos
2030 1312 2172 1381 dubite-

1181 1428 1281 1484 mus,
1307 1417 1369 1474 aut
1388 1405 1485 1496 quod
1508 1407 1601 1474 male
1624 1431 1704 1477 cum
1730 1408 1801 1477 illis
1823 1410 1880 1499 agi
1901 1424 2082 1502 putemus,
2107 1411 2173 1504 qui

1182 1502 1347 1576 humanis
1380 1506 1487 1576 rebus
1528 1507 1752 1600 eximuntur,
1795 1505 1864 1580 hoc
1904 1525 1973 1593 est,
2021 1513 2173 1589 infinitis
2217 1537 2221 1545 ’

1182 1607 1361 1678 aerumnis
1383 1630 1423 1676 ac
1445 1607 1595 1678 miseriis
1619 1609 1776 1693 liberati,
1801 1611 1839 1679 in
1863 1612 1962 1680 illam
1985 1617 2171 1685 coelestem

1182 1709 1332 1801 patriam
1348 1709 1628 1796 transferuntur3
1647 1713 1708 1780 sed
1723 1713 1806 1805 quia
1821 1714 1878 1781 vel
1892 1709 1989 1783 hunc
1999 1716 2175 1801 affectum,

1182 1823 1223 1879 ut
1238 1809 1371 1879 dictum
1387 1822 1449 1894 est,
1474 1811 1612 1880 nobisa
1627 1825 1753 1883 natura
1768 1814 1954 1894 tributum,
1980 1839 2056 1884 non
2071 1814 2174 1885 facile

1183 1933 1309 1979 exuere
1323 1932 1519 2000 possumus,
1544 1913 1601 1980 vel
1617 1907 1685 1983 boc
1699 1915 1853 1984 officium
1869 1918 1999 1986 amoris
2014 1930 2049 1987 et
2063 1918 2175 1986 bene-

1230 766 1310 831 Sunt
1326 770 1497 855 leoluymee
1509 792 1628 850 rerum,
1651 784 1681 833 et
1697 786 1829 834 mentem
1844 779 1982 836 mortalia
1993 789 2132 858 tangunt.

144 1167 337 1243 Laudatio
369 1163 537 1261 funebris
561 1166 736 1236 Doctoris
768 1161 965 1238 sebaldi
999 1167 1133 1236 Mun-

257 1274 377 1342 steri
384 1321 399 1356 ,
439 1272 639 1358 scriptun
668 1270 750 1338 Vno
782 1264 1020 1338 thslccmio.

269 1442 405 1507 Abstulit
421 1453 481 1502 etro
498 1440 560 1500 dies
571 1441 662 1515 pobis
676 1440 813 1500 mortalia
827 1441 960 1500 membra

319 1541 458 1615 Sebeldi,
483 1563 620 1623 mergens
634 1543 836 1602 l'uneresaeva
852 1545 962 1605 virum.
1040 1534 1044 1542 ¹

272 1645 404 1730 Spiritus
422 1657 555 1706 aeternae
570 1657 739 1705 sanctorum
754 1644 822 1704 sede
837 1657 984 1724 receptus,

320 1749 488 1812 Perfruitur
501 1751 595 1808 laetus
608 1748 669 1807 iem
681 1751 823 1827 propiore
836 1743 914 1809 Deo.

268 1850 389 1934 Ingenii
406 1852 514 1926 decus,
541 1862 570 1909 et
587 1854 681 1909 virtus
697 1870 760 1909 non
775 1849 891 1909 occidet
903 1868 1047 1930 unquam,

320 1951 398 2014 Iuris
415 1957 447 2011 iu
460 1952 538 2012 hanc
553 1955 647 2012 solem
661 1971 742 2010 mors
757 1950 847 2009 hebet
861 1962 923 2010 atre
936 1949 1026 2016 nihil.

270 2056 331 2117 llic
345 2061 437 2133 igitur
450 2053 547 2113 studia
564 2065 593 2111 et
607 2055 700 2111 ritem
714 2073 872 2134 moresque
886 2050 1012 2131 pudicos

322 2154 465 2216 Dicemus
479 2157 570 2215 simul
584 2165 614 2214 et
627 2156 721 2213 tristia
736 2154 796 2214 lists
811 2157 880 2216 riri·

1182 2010 1361 2099 volentiae
1379 2004 1451 2079 illis
1468 2016 1717 2103 praestandum
1731 2016 1912 2103 ducimus,
1937 2042 2090 2110 quorum
2105 2041 2174 2087 no-

1182 2112 1237 2181 bis
1251 2111 1420 2180 memoria
1437 2113 1562 2183 merito
1580 2130 1677 2204 grata
1695 2130 1729 2187 et
1747 2119 1902 2189 iucunda
1919 2134 1988 2204 est,
2012 2120 2069 2189 vel
2091 2142 2174 2189 eum

1183 2208 1357 2282 honorem
1374 2213 1498 2283 virtuti
1520 2215 1664 2287 illorum
1681 2220 1802 2288 deberi
1818 2244 2017 2304 censemus,
2044 2221 2175 2314 quibus

1183 2315 1305 2384 nullus
1322 2309 1439 2383 honor
1453 2317 1564 2385 tribui
1581 2341 1654 2388 non
1671 2320 1811 2390 debitus
1828 2334 1953 2412 potest.

1276 2427 1355 2503 Etsi
1370 2433 1480 2520 igitur
1494 2436 1599 2505 inane
1614 2432 1682 2506 hoc
1695 2454 1857 2510 nostrum
1871 2442 1928 2509 vel
1943 2441 2099 2510 studium
2116 2439 2183 2509 vel

1183 2534 1338 2604 officium
1354 2535 1469 2603 videri
1485 2550 1609 2626 potest,
1630 2552 1670 2609 ‘et
1687 2540 1733 2607 ob
1751 2564 1827 2609 earn
1843 2564 1982 2610 causam
2000 2542 2039 2608 in
2054 2562 2174 2630 repre-

144 2307 312 2406 0ptarim
344 2311 528 2404 equidem,
560 2310 589 2377 si
620 2308 667 2377 ita
690 2308 766 2380 Deo
789 2305 875 2401 Opt.
900 2307 996 2383 Max.
1018 2309 1132 2408 visum

143 2421 278 2500 fuisset,
304 2428 344 2484 ut
359 2415 440 2499 vivo
457 2411 576 2503 potius
588 2409 735 2481 Doctori
750 2409 903 2482 Sebaldo
918 2409 1134 2496 Munsterer‚

144 2519 278 2614 optimo
296 2529 329 2584 et
346 2515 550 2584 doctissimo
570 2513 667 2596 viro,
693 2506 787 2597 esim,
813 2537 918 2606 quam
939 2537 1004 2604 pro
1023 2513 1134 2603 ipsius

145 2625 285 2703 virtute,
309 2632 413 2708 atque
430 2614 632 2704 ingentibus
649 2637 728 2703 erga
743 2637 808 2681 nos
824 2628 857 2684 et
870 2610 960 2683 hanc
976 2610 1133 2684 scholam

143 2723 279 2793 meritis
295 2719 526 2799 debebamus,
557 2716 816 2784 observantiam
832 2731 865 2786 et
882 2716 1133 2805 gratitudinem

143 2838 320 2918 praestare
345 2841 546 2909 possemus,
573 2839 677 2908 quam
695 2830 836 2885 mortuo
862 2811 959 2885 hunc
975 2818 1134 2909 qualem-

144 2947 283 3017 cunque
311 2918 485 2989 honorem
511 2912 652 2986 habere.
710 2912 834 3006 Neque
862 2918 957 2984 enim
990 2941 1133 3007 parvam

144 3031 314 3097 iacturam
331 3017 417 3086 haec
432 3012 550 3083 schola
564 3016 664 3098 lecit,
689 3016 758 3081 viri
777 3015 866 3083 tanti
883 3015 1042 3097 interitu,
1070 3041 1134 3086 uec

142 3128 321 3198 mediocre
343 3118 472 3184 vulnus
498 3136 619 3182 omnes
642 3115 731 3183 boni
758 3130 987 3207 acceperunt,
1018 3118 1134 3187 orbati

143 3226 213 3297 hoc
238 3238 308 3292 tam
332 3217 427 3286 fideli
450 3215 679 3284 consiliorum
705 3228 738 3284 ct
765 3216 928 3287 laborum
958 3218 1074 3303 socio,
1100 3233 1134 3289 et

1183 2631 1391 2704 hensionem
1417 2637 1563 2706 fortasse
1586 2643 1809 2732 quorundam
1832 2641 2007 2726 incurret,
2032 2663 2098 2709 nos
2118 2652 2174 2710 ta·

1184 2759 1266 2805 men
1287 2760 1360 2805 non
1384 2738 1520 2826 pigebit
1544 2732 1633 2809 hanc
1657 2743 1936 2835 qualemcunque
1957 2741 2175 2812 benevolen-

1184 2839 1252 2907 tiae
1275 2851 1309 2908 et
1330 2839 1558 2934 gratitudinis
1577 2841 1869 2929 significationem
1889 2844 2108 2935 praebuisse,
2132 2842 2174 2911 in

1184 2963 1307 3009 eorum
1328 2940 1450 3008 saltem
1470 2954 1584 3011 morte
1602 2956 1781 3037 utcrmque
1798 2947 2017 3035 decoranda,
2043 2944 2175 3039 quibus
2278 2933 2285 2945 ⁶

1184 3041 1319 3108 nullam
1332 3040 1436 3108 aliam
1455 3043 1602 3130 gratiam
1619 3045 1749 3113 referre
1762 3047 1833 3114 iam
1850 3070 2049 3137 possumus.

1285 3151 1386 3224 Olim
1402 3157 1660 3244 adolescentes,
1687 3174 1728 3230 ut
1743 3160 1968 3250 ingeniorum
1985 3175 2046 3233 aut
2067 3162 2175 3232 indu-

1183 3256 1288 3326 striae
1315 3258 1491 3347 specimen
1520 3260 1665 3353 aliquod
1691 3257 1917 3348 exhiberent,
1953 3265 2175 3356 propinquos

145 3327 258 3397 flffllffl
275 3343 419 3415 ΨΜ
435 3339 475 3386 ³⁶
489 3319 754 3385 ¹¹¹⁰¹¹¹¹d¹⁸⁸¹¹¹¹⁰·
1184 3358 1222 3425 in
1243 3357 1369 3426 sunere
1387 3381 1450 3448 pro
1471 3360 1595 3429 rostris
1611 3361 1757 3430 laudare
1779 3363 1955 3447 solebant,
1982 3365 2175 3457 multisque

245 3471 318 3541 Nos
334 3468 476 3562 quidem
496 3461 554 3534 hic
569 3467 814 3537 acerbissimus
837 3490 936 3538 casus
955 3482 1054 3541 tanto
1075 3470 1133 3537 lu.
1183 3459 1219 3526 id
1239 3458 1336 3526 laudi
1357 3459 1445 3549 fuit,
1472 3474 1505 3529 et
1530 3458 1591 3529 ille
1610 3463 1708 3533 velut
1729 3464 1865 3552 primus
1882 3466 1997 3533 aditus
2016 3467 2060 3532 ad
2077 3465 2174 3535 noti-

143 3591 203 3649 etu
223 3598 264 3643 ac
286 3592 448 3640 moerore
471 3567 624 3647 adflixit,
651 3581 691 3637 ut
712 3569 770 3636 vix
792 3569 986 3660 quidquam
1008 3571 1132 3639 invita
1182 3560 1272 3628 ciam
1295 3573 1329 3630 et
1347 3560 1475 3628 famam
1501 3557 1687 3630 hominum
1711 3575 1816 3655 atque
1835 3560 2007 3634 honorem
2032 3561 2174 3638 habitus

142 3676 278 3751 tristius
298 3671 402 3742 nobis
424 3668 600 3739 acciderit.
651 3665 722 3738 Sed
746 3692 825 3736 cum
841 3665 917 3738 Deo
941 3671 1055 3738 visum
1077 3671 1133 3750 sit,
1183 3672 1245 3728 ²⁵1·
1287 3656 1364 3748 Ego
1382 3685 1465 3729 vero
1484 3657 1573 3728 mihi
1589 3686 1662 3730 non
1679 3663 1834 3754 aliquam
1851 3691 1891 3734 ex
1906 3662 1971 3736 hac
1987 3692 2023 3734 re
2038 3664 2173 3756 ingenii

142 3777 211 3851 hoc
226 3790 384 3865 tempore
398 3772 551 3840 animam
568 3770 677 3859 ipsius
692 3793 732 3838 ex
748 3769 845 3838 illius
859 3772 1059 3861 corpusculi
1077 3793 1134 3839 se·
1182 3760 1323 3828 laudem
1349 3774 1467 3850 capto,
1501 3764 1597 3853 quod
1626 3763 1805 3851 intelligo,
1839 3790 1944 3856 quarn
1967 3767 2004 3832 in
2035 3790 2092 3833 mc
2115 3765 2173 3834 vel

143 3874 311 3973 pulchro,
336 3889 370 3944 et
385 3869 442 3941 his
456 3870 680 3941 mortalitatis
694 3871 849 3940 tenebris
865 3895 1010 3942 evocare
1022 3873 1061 3940 in
1076 3873 1133 3940 lu-
1183 3860 1341 3943 nullum,
1373 3862 1430 3976 §tel
1461 3863 1689 3976 perpituum
1720 3865 1783 3948 sit,
1817 3888 1919 3931 verae
1941 3865 2175 3956 eloquentiae,

144 4007 217 4054 cem
231 4001 330 4050 suam
347 3976 545 4052 coelestem,
571 3994 637 4040 nos
652 3984 770 4041 nostra
789 3973 932 4064 quidem
948 3997 1050 4043 causa
1066 3975 1133 4042 do-
1182 3983 1272 4051 quae
1304 3960 1343 4025 51¹
1371 3960 1408 4074 {d
1442 3971 1563 4075 astans
1589 3956 1769 4029 hominem
1798 3988 1843 4032 ne
1875 3965 2017 4057 quidem
2048 3970 2173 4038 cadere

142 4086 216 4155 lere
236 4100 441 4173 possumus,
467 4075 597 4166 quibus
615 4068 722 4143 huius
737 4072 803 4141 viri
821 4072 1022 4144 dulcissima
1046 4096 1131 4143 eon·
1181 4070 1314 4176 potest,
1346 4061 1416 4127 nrsi
1438 4081 1535 4152 quis,
1573 4059 1679 4129 officii
1703 4058 1795 4133 hanc
1816 4066 1979 4152 laudem,
2004 4080 2064 4137 aut
2087 4070 2173 4138 obe·

144 4184 293 4255 suetudo
317 4182 479 4268 adempta
506 4189 567 4245 est.
609 4172 711 4244 lllius
733 4188 849 4244 autem
875 4175 987 4243 vicem
1011 4175 1041 4244 si
1066 4177 1132 4244 do·
1181 4160 1335 4230 diffluae
1351 4182 1425 4228 0⁸⁸⁶
1440 4161 1596 4252 putabit,
1624 4186 1729 4255 quam
1745 4167 1908 4259 equidem
1924 4192 1997 4236 non
2011 4170 2173 4275 repudio.

140 4289 294 4367 ‘leamus,
319 4303 443 4370 parurn
459 4279 606 4347 fortasse
619 4279 677 4368 pie
693 4276 730 4344 id
743 4277 856 4346 lacere
870 4276 1066 4361 videamur,
1091 4277 1131 4344 in
1181 4261 1263 4334 Scio
1296 4262 1390 4331 enim
1418 4285 1523 4355 quam
1552 4264 1692 4332 nullum
1716 4266 1760 4335 sit
1781 4269 1894 4339 maius
1922 4285 2172 4341 ornamentum

145 4409 256 4479 eoque
272 4382 454 4472 diligendo
468 4379 579 4468 magis
595 4391 735 4448 nostrae
748 4400 853 4471 quarn
868 4378 965 4448 illius
984 4377 1131 4448 utilitati
1180 4364 1451 4447 ῦᾶθῑθδΰθῦῑῐᾶθ,
1489 4387 1595 4456 quam
1624 4370 1856 4461 verecundiae
1887 4383 1923 4440 et
1948 4372 2173 4443 obedientiae
2280 4420 2284 4427 -

145 4487 292 4570 ,mh-23
318 4508 400 4552 nam
415 4504 532 4550 sacrae
547 4480 668 4551 literae
682 4504 748 4550 nos
762 4474 955 4572 prohibent
969 4481 1069 4574 queri
1086 4482 1130 4549 de
1179 4467 1333 4538 laudem.
1374 4463 1445 4535 Sed
1463 4466 1545 4557 quia
1564 4461 1651 4535 milri
1668 4463 1754 4537 haec
1772 4473 1867 4541 velut
1882 4472 2041 4542 funebris
2057 4474 2172 4544 oratio

145 4616 205 4671 eo,
232 4586 326 4681 quod
342 4585 437 4656 Deus
459 4583 502 4651 de
519 4581 590 4650 vita
612 4597 672 4652 aut
690 4584 795 4653 rebus
814 4564 945 4651 nostris
967 4581 1022 4650 vel
1040 4581 1129 4651 ami·
1180 4568 1340 4638 instituta
1357 4580 1425 4646 ²⁸1,
1453 4568 1578 4636 omissa
1596 4568 1759 4656 longiore
1775 4573 2011 4664 praefatione,
2037 4576 2082 4644 ad
2096 4598 2172 4649 rem

144 4714 266 4764 corum
283 4686 415 4770 statuit,
441 4707 520 4754 eum
537 4695 672 4752 constet
685 4686 760 4753 eius
775 4685 992 4755 voluntatem
1007 4695 1048 4754 ut
1061 4683 1131 4751 im·
1180 4671 1309 4760 ῑΡδθῐῦ,
1333 4679 1524 4756 ΰῑΡῡίθῐθ,
1547 4669 1718 4757 accingar·
1759 4749 1764 4757 ,

144 4792 371 4871 mutabilem,
399 4787 448 4855 ita
472 4785 677 4854 clementem
699 4809 739 4854 ac
760 4799 941 4874 paternam
963 4807 1042 4873 erga
1064 4807 1131 4853 nos
1280 4792 1333 4854 Ac
1355 4785 1508 4872 primum
1535 4786 1578 4853 de
1605 4787 1763 4857 moribus
1781 4801 1813 4857 et
1835 4790 1905 4859 vita
1920 4788 2085 4863 Doctoris
2104 4792 2173 4867 Se-

145 4919 231 4967 esse.
283 4886 331 4960 Et
345 4890 431 4959 adeo
447 4885 624 4978 praeclare
639 4908 719 4954 curn
734 4885 805 4955 illis
819 4888 952 4975 agitur,
978 4887 1040 4980 qui
1062 4881 1130 4954 boc
1179 4889 1277 4958 baldi
1291 4881 1384 4954 nibil
1403 4886 1551 4956 attinere
1564 4900 1667 4976 puto,
1692 4902 1732 4958 ut
1756 4889 1917 4978 pluribus
1930 4893 2063 4981 dicam,
2089 4920 2172 4967 curn

142 4994 350 5090 praesertim
376 5002 534 5078 tempore
548 4987 656 5057 vitam
676 5009 755 5056 eum
776 4986 833 5076 pia
850 5003 961 5060 morte
980 5010 1130 5079 permu-
1180 5014 1218 5059 ea
1233 4986 1360 5058 maiori
1380 4989 1472 5077 parti
1488 5000 1642 5056 vestrum
1660 5003 1742 5058 nota
1757 4990 1814 5063 sit.
1856 4990 1961 5064 Scitis
1976 4996 2069 5065 enim
2088 5022 2187 5068 eum-

146 5110 233 5183 tant,
258 5109 298 5165 ut
315 5092 376 5188 qui
392 5092 535 5159 illorum
551 5088 733 5160 interitum
748 5087 888 5177 gravius
902 5091 1030 5173 doleat,
1054 5112 1130 5157 ma·
1179 5086 1236 5160 his
1259 5087 1456 5158 lenioribus
1477 5089 1688 5174 virtutibus,
1713 5092 1903 5178 modestia,
1928 5100 2171 5188 temperantia,

146 5201 198 5291 gis
220 5219 300 5279 sua,
326 5217 431 5288 quam
456 5191 600 5260 illorum
618 5215 719 5262 causa
742 5191 779 5259 id
795 5189 927 5273 facere,
949 5191 1129 5284 magisque
1179 5191 1332 5274 iustitia,
1354 5191 1563 5259 verecundia
1582 5203 1615 5259 et
1630 5190 1831 5263 innocentia
1852 5217 1989 5267 summe
2003 5214 2170 5269 omatum

145 5304 297 5393 seipsum
327 5319 433 5390 quam
469 5292 551 5361 illos
576 5287 819 5364 vehementius
848 5289 993 5380 diligere
1016 5292 1129 5361 videri
1179 5293 1304 5376 fuisse,
1329 5286 1385 5359 his
1407 5291 1468 5359 ille
1486 5291 1636 5362 ducibus
1657 5293 1765 5363 vitam
1789 5297 2024 5386 placidissime
2046 5298 2170 5388 exegit,

143 5404 265 5495 possit.
1178 5406 1287 5488 utque
1302 5393 1387 5464 vixit
1401 5392 1492 5462 nulli
1509 5395 1712 5467 mortalium
1731 5398 1921 5484 molestus,
1945 5399 1993 5470 ita
2014 5412 2048 5470 et
2071 5423 2169 5470 mor-
