4732 6030
171 358 245 435 961
639 346 799 429 DECL.
830 347 906 426 DE
936 340 1269 424 PRIDERICO
1300 338 1452 418 DUCE
1484 339 1604 420 SAX.
1636 338 1721 421 ΕΒ.
2119 347 2194 424 962

167 522 466 618 generosissimis,
499 545 587 616 quas
607 535 647 593 ut
668 534 742 593 crat
762 536 861 613 pater
885 519 1036 590 maxime
1051 510 1157 616 psid-
1207 513 1295 587 Vult
1321 528 1439 586 autem
1464 512 1562 586 Deus
1583 537 1685 606 opem
1717 516 1811 586 serre
1838 515 2125 607 confugientibus
2144 522 2191 591 ad

166 650 340 725 ucopyoc,
364 624 663 713 valdediligebats
685 623 771 693 alias
787 647 867 694 cum
876 615 1050 692 Luthero:
1080 624 1156 690 c're-
1205 615 1320 686 filium
1342 640 1426 686 vera
1450 616 1684 686 invocatione.
1735 618 1872 688 Deinde
1894 613 2071 689 ethorum
2087 622 2190 713 prin·

163 730 319 800 berrima
332 738 418 795 uero
434 748 515 794 cum
529 722 708 795 Pontano:
735 725 846 794 multa
862 723 967 793 etiam
981 745 1062 792 cum
1075 743 1155 791 meo
1205 716 1344 809 cipum,
1368 718 1413 786 de
1435 719 1566 811 quibus
1586 717 1676 802 dixi,
1699 719 1869 789 memoria
1891 719 1997 790 nobis
2011 735 2108 811 grata
2127 723 2189 794 sit:

164 844 284 925 patre,
315 829 358 897 de
387 826 547 896 fontibus
574 825 776 914 religionis,
809 826 854 894 de
879 823 1155 902 immortalitate,
1205 831 1335 890 etcum
1349 811 1597 889 honestissima
1616 820 1772 911 exempla
1796 822 1967 892 virtutum
1985 821 2023 889 in
2039 816 2096 891 his
2111 823 2190 894 lau-

165 931 210 1000 de
224 929 408 1018 fugacitate
425 949 544 996 rerum
559 921 813 1011 humanarum,
837 927 882 996 de
898 923 1155 1014 gubernatione
1204 920 1295 990 dalis
1311 919 1397 989 viris
1412 920 1620 1011 aspicimus,
1642 943 1733 1012 quae
1747 919 1996 1015 quidemDeus
2010 924 2090 994 ideo
2104 948 2190 1017 pro-

162 1030 302 1123 reipub.
319 1029 362 1098 de
384 1026 560 1097 maiorum
582 1027 769 1118 exemplis,
794 1049 836 1097 ac
856 1024 1021 1118 inprimis
1033 1025 1078 1094 de
1091 1045 1155 1114 pa·
1203 1020 1324 1111 ponit,
1358 1033 1399 1091 ut
1424 1020 1495 1091 sint
1519 1022 1892 1108 commonefactiones,
1928 1036 1963 1094 et
1995 1027 2190 1098 accendant

162 1144 216 1202 tre
234 1153 299 1199 suo
320 1127 449 1198 multa:
476 1150 578 1219 saepe
593 1141 627 1198 et
643 1127 840 1219 posteritati
855 1122 940 1197 haec
956 1127 1046 1213 fata,
1071 1123 1154 1218 qui·
1203 1121 1342 1213 aliquos
1363 1124 1408 1191 ad
1423 1122 1578 1192 studium
1593 1121 1755 1209 virtutis,
1779 1125 1956 1195 discamus
1976 1125 2060 1195 inde
2074 1128 2188 1199 virtu·

161 1232 229 1301 bus
250 1230 321 1298 iam
343 1251 564 1315 exercemur,
598 1228 832 1320 praedicebat.
888 1224 979 1298 Cum
1005 1237 1154 1319 poterat,
1203 1221 1248 1291 tis
1267 1223 1487 1309 doctrinam,
1519 1235 1555 1293 et
1573 1245 1612 1293 ea
1633 1246 1722 1315 quae
1742 1225 2065 1319 suoquisqueloco
2083 1229 2188 1301 debet

162 1331 300 1420 legebat
322 1330 397 1420 ipse
421 1328 570 1421 aliquid.
629 1323 720 1399 Cum
749 1327 868 1400 morbi
898 1327 1153 1419 impediebant,
1201 1335 1237 1392 ct
1251 1337 1365 1414 potest
1387 1323 1537 1408 imitari,
1571 1323 1727 1394 studiose
1749 1342 1926 1420 sequatur.
1990 1323 2067 1397 Etsi
2090 1331 2186 1400 enim

144 1431 330 1523 ¹audiebat
351 1428 582 1499 libentissime
602 1428 712 1499 liliam
732 1429 922 1519 legentem,
944 1452 1033 1521 quae
1054 1449 1151 1498 nnnc
1202 1424 1373 1516 quaedam
1395 1437 1480 1496 sunt
1499 1423 1699 1517 principum
1723 1425 1872 1498 virtutes
1895 1430 2080 1520 propriae,
2112 1455 2186 1501 non

161 1531 384 1603 nobilissimo
408 1529 560 1621 principi
582 1527 676 1600 Duci
699 1527 929 1600 Pomeraniae
953 1542 1065 1621 nupta
1082 1541 1151 1598 est:
1201 1548 1406 1596 communes
1430 1524 1592 1616 privatis,
1627 1539 1745 1597 tamen
1776 1530 2011 1600 consideratio
2043 1533 2186 1621 prodest

161 1646 224 1702 aut
247 1632 501 1714 adolescentes,
523 1630 587 1722 qui
604 1625 752 1701 honesto
767 1655 866 1700 more
883 1631 991 1700 veteri
1006 1641 1152 1723 propter
1200 1627 1378 1698 omnibus.
1435 1626 1575 1699 Deinde
1596 1650 1677 1696 vera
1694 1625 1762 1697 Dei
1782 1628 1979 1714 invocatio,
2002 1632 2186 1722 diligentia

162 1732 385 1823 disciplinam
401 1731 439 1798 in
453 1729 551 1800 aulas
564 1731 772 1813 mittuntur,
794 1731 970 1803 audiebat.
1011 1729 1152 1802 Lectio·
1201 1727 1462 1815 cognoscendae
1484 1726 1665 1797 doetrinae
1689 1729 1867 1809 coelestis,
1899 1731 2004 1814 fides,
2029 1733 2187 1804 veritatis

160 1834 200 1901 ni
216 1833 383 1903 miscebat
399 1830 474 1923 ipse
488 1830 643 1921 gemitus
657 1845 691 1903 et
707 1844 808 1912 vota,
835 1846 868 1903 et
885 1855 958 1901 sese
980 1844 1012 1901 et
1027 1827 1150 1901 Eccle-
1200 1850 1318 1906 amor,
1344 1826 1503 1913 iusticia,
1526 1827 1717 1912 modestia,
1742 1831 1901 1915 castitas,
1925 1831 2073 1902 virtutes
2090 1857 2187 1903 com·

160 1934 230 2003 sias
253 1946 289 2003 et
304 1932 476 2024 patriam,
499 1944 535 2002 et
557 1953 656 2001 suam
675 1932 934 2025 posteritatem,
958 1928 1036 2000 Deo
1053 1955 1151 2001 com·
1199 1950 1324 1999 munes
1338 1949 1412 1997 esse
1425 1929 1567 2000 debent.
1618 1926 1755 2000 Harum
1772 1931 1928 2020 exempla
1943 1932 2095 2002 illustria
2110 1957 2187 2003 sae·

160 2035 373 2117 mendabat,
406 2032 576 2102 invocans
606 2057 686 2101 eum
718 2031 1052 2103 commemoratione
1073 2031 1151 2118 lilii,
1198 2052 1243 2119 pe
1256 2028 1456 2121 aspicienda
1474 2045 1571 2112 sunt,
1595 2042 1636 2099 ut
1656 2032 1923 2101 commonefacti
1938 2033 1983 2100 de
2002 2033 2185 2106 voluntate

160 2159 267 2228 quem
281 2132 462 2203 constituit
478 2132 707 2202 mediatorem
724 2147 757 2204 et
772 2133 996 2225 placatorem.
1048 2130 1149 2203 Tan·
1198 2126 1285 2214 Dei,
1310 2143 1345 2201 et
1368 2132 1412 2200 de
1435 2131 1558 2202 multis
1579 2130 1693 2199 causis
1713 2143 1806 2199 recte
1824 2132 1997 2216 faciendi,
2022 2135 2132 2205 simus
2146 2136 2185 2206 in

159 2249 266 2329 taque
280 2233 390 2302 animi
407 2234 601 2326 praesentia
617 2246 651 2303 et
665 2234 896 2327 aequabilitas
909 2234 989 2320 fnit,
1010 2248 1050 2306 ut
1063 2248 1149 2304 tunc
1198 2243 1270 2301 tota
1285 2231 1357 2303 vita
1374 2234 1527 2321 regende
1538 2231 1800 2322 diligentiores,
1826 2248 1867 2305 ut
1881 2235 1977 2304 scitis
1991 2236 2036 2304 ad
2051 2236 2187 2307 doctri-

161 2360 302 2429 quoque
318 2334 441 2403 referri
456 2335 501 2403 ad
516 2357 553 2404 se
570 2334 778 2427 quotidiana
794 2335 938 2425 negocia
956 2335 1079 2422 vellet,
1104 2335 1163 2413 de,
1199 2354 1282 2400 nam
1296 2332 1469 2403 virtutum
1492 2332 1649 2422 exempla
1666 2332 1863 2423 pertinere,
1885 2337 1977 2406 sicut
1998 2347 2033 2404 et
2048 2361 2115 2407 vox
2128 2337 2186 2407 di-

159 2437 289 2529 quibns
304 2435 385 2506 aula
400 2435 609 2508 consulitur.
659 2433 714 2505 De
730 2435 1150 2529 quibussimilicircum-
1198 2433 1282 2501 vina
1297 2445 1455 2505 testatur.
1504 2429 1585 2504 Oro
1599 2445 1716 2503 autem
1732 2430 1846 2503 Deum
1863 2447 1936 2506 toto
1954 2450 2114 2528 pectore,
2140 2463 2185 2508 ne

158 2536 337 2627 spectione
352 2548 386 2605 et
401 2534 572 2623 gravitate
587 2536 841 2626 respondebat,
865 2549 907 2607 ut
921 2550 1035 2610 antea.
1076 2535 1148 2608 Sed
1198 2533 1418 2603 barbaricam
1435 2535 1633 2607 vastitatem
1645 2535 1685 2601 in
1702 2528 1758 2602 bis
1772 2535 1977 2624 regionibus
1990 2536 2067 2606 fieri
2076 2537 2185 2610 sinat:

159 2636 360 2729 petentibus
383 2636 601 2705 frumentum
632 2648 694 2706 aut
720 2637 837 2726 ligna,
857 2637 1056 2727 ,benignius
1078 2637 1149 2707 lar·
1199 2635 1259 2704 sed
1275 2629 1449 2705 Ecclesiae
1464 2637 1581 2728 ipsum
1594 2634 1687 2705 veris
1703 2635 1892 2724 gemitibus
1906 2639 2128 2724 invocantes,
2151 2653 2187 2711 et

159 2737 337 2827 giebatur‚
359 2735 511 2806 subinde
526 2748 689 2825 repetens
702 2732 794 2806 hanc
809 2762 945 2806 vocem:
972 2737 1019 2808 Se
1031 2750 1149 2831 pater·
1199 2758 1319 2805 earum
1340 2730 1514 2827 hospitia,
1546 2750 1581 2808 et
1598 2729 1785 2807 honestam
1805 2737 2047 2831 disciplinam,
2071 2755 2106 2810 et
2120 2740 2186 2810 do-

159 2860 208 2907 no
235 2836 354 2906 animo
376 2859 512 2925 semper
532 2857 612 2922 erga
637 2857 719 2906 suos
742 2837 871 2915 fuisse,
903 2859 1009 2929 seque
1026 2851 1149 2929 optare
1198 2836 1333 2908 ctrinae
1346 2836 1468 2908 studia
1478 2851 1630 2910 tueatur.
1681 2834 1776 2910 Dixi.

159 2951 201 3010 ut
219 2939 264 3007 ad
287 2935 525 3030 posteritatem
551 2935 655 3004 etiam
677 2934 792 3025 patria
813 2936 1007 3028 tranquilla
1024 2939 1088 3024 sit,
1114 2951 1149 3008 et
1660 2971 1663 2977 ’

159 3039 316 3130 paternis
341 3032 499 3125 imperiis
527 3047 678 3124 regatur.
739 3032 831 3104 Cum
860 3059 942 3105 vera
975 3036 1084 3126 igitur
1112 3050 1149 3109 et

160 3150 254 3212 certa
278 3134 503 3204 invocatione
517 3141 561 3209 {se
581 3131 659 3205 Deo
674 3134 820 3205 adsidue
836 3138 1148 3221 commendaverit,

160 3252 194 3308 et
216 3236 380 3306 voluntas
404 3233 511 3305 fuerit
529 3257 609 3324 erga
625 3231 819 3305 Ecclesiam
837 3249 873 3307 et
890 3239 1147 3331 rempublicam
1206 3215 1384 3342 Q
2011 3257 2059 3298 ου·
2083 3236 2177 3302 1551·

159 3339 311 3430 optima,
333 3349 365 3407 et
382 3358 498 3404 mores
518 3336 604 3408 casti
621 3349 656 3407 et
669 3331 832 3422 bonesti,
852 3362 926 3406 non
944 3338 1147 3412 dubitemus
1602 3424 1612 3443 .
2009 3325 2181 3355 Μ

160 3464 242 3509 eum
258 3441 302 3508 ad
321 3436 558 3508 dulcissimam
578 3437 736 3509 coelestis
754 3434 931 3509 Ecclesiae
944 3440 1144 3513 societatem
1321 3420 1398 3506 De
1419 3420 1659 3509 Frt'derwo
1686 3422 1819 3509 Duce
1848 3424 1965 3510 Sax.
1990 3425 2068 3514 El.

159 3542 360 3611 traductum
377 3560 460 3611 esse.
510 3534 678 3627 Prodigia
695 3537 770 3607 eius
785 3552 936 3608 mortem
951 3553 1146 3611 antecesse-
1266 3574 1763 3647 tnsetees.1)eet.'r.ttt.p.8s,
1803 3575 1924 3635 sm,
1952 3581 1994 3641 ¹1⁸.
2014 3580 2063 3638 m·
2089 3600 2109 3654 p
2139 3586 2175 3638 30

159 3655 262 3725 runt,
282 3663 372 3733 quae
387 3651 421 3708 et
435 3638 632 3728 posteritati
649 3638 862 3707 calamitates
877 3639 1146 3714 denuntiarunt.
1234 3660 1236 3665 ·
1299 3643 1429 3700 tttetsra.
1449 3643 1483 3698 Τ.
1496 3643 1532 3697 11.
1543 3663 1577 3766 p
1590 3644 1651 3703 71⁵.
1686 3645 1712 3698 Α
1727 3645 1817 3718 Mytio
1834 3645 1863 3700 in
1882 3648 2042 3722 morolgis
2058 3626 2185 3725 scriptori

158 3741 241 3812 Non
256 3741 379 3832 procul
392 3740 436 3809 ab
453 3737 620 3808 lsennaco
637 3738 711 3807 visa
726 3753 779 3810 est
795 3738 833 3807 in
849 3743 929 3809 aiere
943 3741 1075 3833 species
1088 3765 1147 3810 ar·
1300 3711 1370 3765 Met.
1389 3712 1508 3767 ’ΜΨ
1527 3731 1542 3766 ²
1582 3731 1628 3768 ⁸¹¹⁰
1647 3714 1724 3769 ¹⁵⁵¹·

158 3843 257 3914 boris
273 3855 429 3911 vetustae
442 3838 772 3931 ruentis,‚perinde
785 3862 826 3909 ac
843 3841 874 3908 si
890 3839 961 3909 iam
977 3843 1147 3913 evellere·
1197 3890 1226 3960 0
1273 3890 1304 3961 t·
1349 3885 1375 3958 d
1415 3887 1506 3961 PM
1551 3892 1561 3911 .
1625 3892 1711 3963 Duc

160 3959 219 4014 tur
237 3967 277 4012 ex
294 3958 404 4014 terra:
430 3940 560 4010 deinde
584 3940 744 4032 sequitur
764 3964 868 4032 eques
885 3956 1023 4030 gestans
1041 3945 1147 4014 arbo-
1227 3910 1271 3959 m
1290 3910 1325 3959 ⁸⁰
1376 3910 1397 3960 e
1505 3911 1603 3961 “³⁰⁰
1711 3914 1733 3963 θ

159 4067 234 4113 rem
249 4065 370 4112 rursus
378 4045 582 4126 florentem,
607 4053 727 4132 postea
743 4041 1047 4129 canisvenaticus,
1071 4057 1146 4114 atra

159 4157 197 4215 et
227 4164 352 4228 magna
386 4166 492 4227 crux,
535 4157 687 4214 extrema
721 4141 851 4233 species
877 4158 951 4215 erat
974 4144 1148 4230 fulminis,
1197 4129 1284 4214 Una
1307 4151 1358 4209 est
1379 4138 1417 4206 in
1439 4139 1586 4209 summis
1607 4142 1792 4214 doloribus
1814 4146 2026 4227 consolatio,
2057 4149 2184 4220 unicus

159 4245 258 4315 velut
283 4243 536 4311 inflammantis
559 4243 759 4335 proximum
786 4266 927 4334 pagum.
984 4244 1039 4315 lbi
1066 4271 1146 4317 eum
1196 4250 1337 4330 portus,
1361 4253 1478 4309 mente
1491 4240 1622 4311 intueri
1639 4243 1838 4315 testimonia
1854 4249 1897 4314 de
1911 4244 2009 4333 Deo,
2034 4262 2068 4319 et
2083 4250 2184 4322 firma

159 4345 265 4416 multi
289 4344 328 4411 in
352 4340 444 4431 agris
461 4337 545 4412 baec
556 4357 758 4425 cernerent,
785 4345 901 4435 puella
923 4346 961 4413 in
978 4370 1019 4417 eo
1035 4347 1147 4437 agmi-
1196 4341 1396 4410 assensione
1413 4353 1590 4432 statuere,
1621 4367 1695 4415 esse
1717 4346 1871 4441 aliquam
1887 4344 1956 4420 Dei
1977 4347 2183 4441 Ecclesiam,

161 4471 208 4517 ne
221 4445 390 4527 attonita,
416 4442 599 4512 exclamat:
631 4445 705 4516 Vae
720 4469 816 4515 meae
833 4441 1057 4517 charissimae
1071 4471 1146 4518 me-
1196 4456 1233 4513 et
1245 4463 1310 4512 nos
1321 4442 1362 4512 in
1374 4464 1413 4537 ea
1428 4441 1504 4514 Deo
1519 4467 1621 4516 curae
1637 4469 1727 4529 esse,
1751 4463 1786 4518 et
1800 4461 1945 4540 propter
1956 4472 2034 4520 eam
2049 4456 2181 4523 servari

159 4549 229 4637 tri,
254 4568 360 4638 quam
381 4565 501 4613 vocem
519 4545 563 4612 de
581 4544 693 4633 patria
708 4561 792 4617 tunc
809 4571 953 4641 quoque
969 4549 1074 4620 multi
1089 4549 1145 4618 in·
1195 4539 1365 4635 hospitia,
1388 4544 1526 4626 literas,
1547 4546 1791 4638 disciplinam,
1811 4551 1922 4638 leges,
1944 4563 1979 4621 et
1992 4552 2080 4622 alios
2098 4577 2180 4624 ner-

159 4648 456 4739 terpretabantur.
514 4641 585 4714 Sed
616 4637 701 4713 haec
729 4649 866 4720 omitto.
922 4647 1038 4740 lpsam
1058 4675 1144 4721 vero
1195 4668 1258 4714 sos
1272 4639 1448 4715 humanae
1461 4647 1647 4720 societatis.
1696 4646 1773 4719 Hac
1788 4650 2105 4723 nosconsoletione
2121 4655 2179 4725 in-

160 4746 343 4820 historiam
370 4756 486 4814 mente
510 4756 724 4835 repetentes,
754 4744 830 4817 Deo
846 4772 989 4840 agamus
1004 4752 1146 4841 gratias,
1194 4760 1248 4818 ter
1262 4758 1378 4815 tantas
1392 4746 1623 4837 imperiorum
1642 4750 1765 4819 ruinas
1785 4763 2038 4837 sustentemus,
2061 4768 2097 4826 et
2112 4751 2178 4829 hac

160 4851 256 4943 quod
281 4849 388 4937 longo
410 4846 538 4916 ordine
563 4844 757 4935 sapientes,
785 4846 915 4937 iustos,
945 4856 1145 4923 moderatos
1194 4871 1255 4939 spe
1275 4846 1473 4916 doctrinam
1489 4847 1582 4918 vitae
1595 4849 1718 4922 utilem
1734 4873 1984 4942 propagemus,
2007 4876 2072 4924 nec
2087 4856 2179 4947 ideo,

159 4948 343 5042 Principes
368 4944 425 5016 bis
449 4944 653 5037 regionibus
678 4946 793 5031 dedit,
823 4973 976 5041 quorum
1001 4968 1036 5026 et
1065 4976 1144 5043 erga
1194 4948 1277 5043 quia
1291 4948 1330 5016 in
1343 4942 1409 5019 hac
1423 4948 1517 5019 vitae
1531 4949 1737 5021 confusione
1750 4954 1864 5025 multa
1878 4965 2001 5026 contre
2013 4957 2177 5030 ordinem

159 5051 332 5144 populum
355 5050 519 5119 voluntas
539 5048 608 5118 suit
625 5061 791 5140 paterna,
817 5062 850 5120 et
875 5073 997 5124 cursus
1013 5057 1145 5126 saluta-
1193 5051 1301 5133 bunt,
1340 5049 1454 5120 excuti
1477 5051 1581 5122 nobis
1611 5053 1847 5125 assensionem
1881 5056 1926 5125 de
1954 5058 2177 5145 providentia

159 5155 226 5224 ris:
257 5175 297 5222 ac
320 5148 436 5221 Deum
460 5149 665 5220 ardentibus
686 5149 778 5220 votis
800 5173 958 5238 oremus,
980 5169 1021 5227 ut
1042 5158 1146 5227 dein·
1194 5150 1315 5220 divina
1330 5150 1505 5236 sinamus,
1527 5153 1589 5222 sed
1606 5167 1756 5248 utraque
1779 5180 1908 5241 manu,
1931 5169 1973 5228 ut
1987 5159 2038 5229 sic
2051 5160 2176 5246 dicam,

161 5276 242 5345 ceps
263 5275 404 5346 quoque
429 5264 526 5341 regat
543 5249 746 5343 principum
767 5265 972 5323 nostrorum
991 5272 1145 5348 pectora.
1194 5267 1373 5323 teneamus
1390 5251 1543 5325 illustria
1572 5265 1607 5324 et
1625 5252 1770 5328 immota
1796 5259 1841 5330 de
1866 5254 1944 5328 Deo
1964 5260 2175 5341 testimonia,

159 5351 393 5424 Verissimum
415 5365 467 5422 est
488 5353 604 5434 enim,
633 5375 697 5421 nec
720 5352 898 5438 foelicem,
929 5379 993 5426 nec
1014 5359 1146 5431 saluta-
1194 5350 1290 5425 hunc
1304 5352 1420 5443 ipsum
1435 5342 1597 5425 ordinem
1611 5355 2062 5450 naturaepulcberrimum,
2088 5360 2178 5451 figu-

159 5478 235 5527 rem
256 5453 549 5544 gubernationem
569 5475 642 5521 esse
662 5452 733 5525 nisi
755 5454 926 5528 divinitus
947 5459 1144 5534 adiuvetur.
1187 5478 1269 5537 ¹ram
1283 5466 1318 5527 et
1329 5454 1484 5547 positum
1500 5457 1607 5544 coeli,
1628 5457 1741 5545 airis,
1763 5454 2048 5557 aquaeflenae,
2072 5464 2176 5558 sydef

208 5558 516 5627 Mesammones.
542 5556 704 5626 vonxt.
1615 5558 1663 5631 61
1919 5576 1924 5595 ¹¹

1752 3896 1849 3966 sae.
1872 3897 2060 3992 Electoce3
2094 3923 2118 3972 a
2136 3903 2184 3976 D.

1221 3995 1363 4061 Ioanne
1387 3989 1648 4064 Trutessbel
1666 3997 1768 4066 luris
1785 3997 1958 4071 Consulto
1981 4007 2158 4073 recitato.
