4756 6022
161 387 238 469 ets
623 378 785 465 DECL.
815 379 890 460 DE
923 379 1233 460 PUlilTATE
1264 378 1614 459 DOCTRINAE
1650 402 1737 462 nro.
2123 370 2212 462 027

168 568 266 637 ultro
282 563 541 653 amplectuntur
556 556 758 629 occasiones
774 530 926 628 invicem
952 557 1164 643 insectandi,
1214 559 1390 628 docentes.
1449 554 1638 649 Summum
1660 555 1836 624 malorum
1857 564 1927 639 est,
1959 565 1995 622 et
2012 553 2210 627 certissima

170 668 273 738 facile
294 662 437 753 rapiunt
459 660 498 727 in
515 658 728 729 calumniam
744 661 896 730 aliorum
919 661 1032 745 dicta,
1058 662 1163 731 etiam
1213 656 1392 731 Ecclesiae
1406 658 1533 751 pestis,
1559 682 1667 749 purae
1682 655 1864 727 doctrinae
1879 653 2101 745 depravatio:
2146 658 2214 728 sed

59 826 68 845 .
173 771 266 839 bona
291 776 352 832 aut
372 774 463 831 certe
487 760 707 843 tolerabilia,
733 777 773 834 ut
795 785 834 831 ea
849 762 934 831 odio
959 764 1164 853 depravent.
1215 761 1260 831 ad
1282 754 1395 847 hanc,
1431 759 1631 829 occasiones
1656 773 1689 829 et
1719 778 1840 827 causas
1861 755 2006 848 praebet
2026 754 2213 831 discordia

173 865 231 940 Ab
248 861 305 934 his
321 862 434 932 initiis
451 863 652 933 decurritur
675 864 721 933 ad
735 863 905 933 factiones
923 876 957 932 et
971 877 1105 955 partes,
1131 877 1167 935 et
1215 862 1431 933 docentium.
1484 857 1606 949 Quare
1620 872 1793 952 qnantum
1808 858 1845 926 in
1861 857 2046 943 uobiscst‚
2068 882 2211 932 summa

173 990 274 1038 suam
291 965 440 1058 quisque
457 964 669 1034 sententiam
693 964 806 1056 pergit
820 966 1048 1058 pertinaciter
1064 966 1168 1051 tueri,
1216 987 1300 1034 cura
1333 986 1374 1033 ac
1405 959 1523 1032 studio
1550 961 1745 1030 cavendum
1766 973 1835 1042 est,
1869 982 1916 1028 ne
1942 972 2064 1030 nostra
2087 959 2212 1055 aliqua

175 1069 306 1162 quibus
328 1079 442 1157 potest
467 1067 583 1136 modis
617 1080 651 1138 et
679 1067 919 1137 adversarium
948 1064 1168 1136 odiosissime
1216 1065 1320 1156 culpa
1336 1063 1511 1133 eiusmodi
1526 1063 1660 1132 malum
1676 1063 1770 1131 inter
1785 1083 1851 1131 nos
1868 1060 2051 1135 excitetur.
2085 1054 2212 1157 Neque

175 1166 377 1251 criminari,
403 1168 575 1259 quaedam
590 1167 697 1237 etiam
712 1181 849 1239 tantum
867 1167 947 1238 ideo
969 1169 1169 1238 detendun-
1218 1190 1300 1236 vero
1325 1165 1536 1254 cogitemus,
1568 1187 1633 1233 nos
1649 1163 1780 1232 liberos
1797 1185 1871 1231 esse
1894 1162 1939 1231 ab
1955 1157 2013 1231 his
2029 1160 2209 1254 perieulis.

176 1286 254 1350 tur,
285 1292 360 1337 non
384 1269 480 1360 quod
500 1292 582 1338 vera
605 1290 679 1338 esse
702 1270 887 1354 videntur,
923 1270 983 1340 sed
1004 1268 1169 1363 quiavo·
1216 1266 1307 1338 Nam
1320 1264 1513 1352 Diabolus,
1537 1277 1576 1336 ut
1590 1265 1682 1351 dixi,
1700 1287 1775 1334 non
1790 1262 1920 1334 desinit
1933 1287 1999 1333 nos
2015 1264 2211 1356 omnisge·

140 1369 303 1462 ·luptati
323 1382 374 1439 est
395 1369 440 1437 ab
455 1369 659 1440 adversario
679 1369 876 1445 dissentire.
926 1368 1053 1441 Postea
1069 1369 1169 1441 latis·
1217 1368 1314 1441 neris
1345 1367 1486 1437 insidiis
1513 1380 1618 1459 atque
1644 1366 1779 1436 artibus
1806 1378 1980 1456 appetere.
2039 1359 2089 1437 Et
2112 1391 2214 1439 nun-

175 1474 263 1543 sime
286 1483 460 1562 vagantur
487 1471 675 1556 factiones,
710 1471 857 1542 dissidia
885 1473 931 1543 ab
958 1468 1169 1543 authoribus
1218 1493 1324 1563 quam
1337 1481 1408 1538 tam
1424 1469 1729 1558 foeliciteragetur
1742 1466 1781 1535 in
1795 1461 2096 1554 rehushumanis,
2120 1468 2212 1562 quin

176 1574 345 1656 excitata,
378 1595 452 1639 non
471 1584 609 1641 tantum
624 1574 755 1661 urbes,
788 1574 848 1643 sed
872 1586 964 1645 totas
980 1587 1091 1645 terras
1108 1596 1169 1643 oc·
1218 1571 1370 1641 existant
1400 1568 1506 1640 etiam
1530 1570 1623 1641 inter
1653 1571 1767 1639 bonos
1805 1568 1945 1662 aliquae
1970 1567 2212 1641 offensionum

176 1686 320 1765 cupant.
378 1669 430 1742 lta
461 1675 633 1766 quaedam
664 1675 801 1766 privata
824 1675 907 1745 odia
936 1675 1170 1757 ulciscuntur,
1218 1673 1430 1745 occasiones.
1480 1669 1613 1760 Magna
1628 1681 1678 1741 est
1696 1670 1789 1741 inter
1806 1664 1970 1739 homines
1983 1669 2212 1755 ingeniorum

176 1769 576 1867 publicaEcclesiarum
592 1775 799 1846 calamitate.
851 1771 904 1846 Ac
927 1777 1011 1845 satis
1025 1790 1170 1867 apparet
1219 1787 1253 1845 et
1276 1787 1485 1845 naturarum
1511 1772 1782 1852 dissimilitudo,
1825 1772 1944 1865 itaque
1965 1770 2064 1840 facile
2091 1786 2213 1863 potest

177 1869 270 1944 hanc
295 1875 462 1944 omnibus
483 1877 557 1944 fere
580 1877 798 1966 temporibus
821 1876 975 1946 extitisse
996 1877 1168 1967 originem
1220 1874 1395 1958 accidere,
1420 1873 1537 1944 otalii
1559 1874 1710 1943 aliorum
1727 1874 1828 1943 factis
1847 1896 1887 1942 ac
1903 1872 2005 1943 dictis
2022 1872 2212 1943 offendan-

177 1970 378 2046 haercseoin
409 1991 443 2047 et
475 1972 736 2057 Schismatum,
775 1977 844 2047 iam
876 1978 962 2048 inde
991 1979 1036 2049 ab
1064 1978 1170 2048 initio
1220 1991 1293 2047 tur.
1341 1970 1478 2045 Etcum
1494 1975 1601 2044 semel
1617 1975 1837 2046 admittimus
1846 1972 2066 2059 occasiones,
2090 1989 2212 2066 postea

178 2076 330 2167 evulgati
343 2074 548 2166 Evangelii,
573 2079 669 2171 quod
685 2075 859 2148 Diabolus
875 2103 916 2148 ex
930 2079 1007 2170 ipso
1023 2100 1171 2170 corpore
1220 2077 1289 2168 ipsi
1311 2075 1417 2146 nobis
1436 2076 1679 2165 indulgemus,
1712 2075 1824 2144 animi
1845 2074 2016 2167 paulatim
2034 2076 2212 2170 incipiunt

176 2174 354 2249 Ecclesiae
376 2172 525 2269 pulchre
550 2178 802 2249 consentientis
826 2178 865 2249 in
890 2203 973 2250 vera
997 2180 1172 2265 doctrina,
1220 2178 1389 2262 alienari,
1432 2179 1604 2248 accedunt
1637 2175 1802 2247 sinistrae
1833 2176 2071 2268 suspiciones,
2122 2202 2211 2273 quae

179 2279 346 2351 excitavit
360 2279 516 2372 aliquos,
542 2279 604 2373 qui
622 2294 766 2371 propter
781 2281 935 2372 privatas
952 2281 1172 2373 cupiditates,
1221 2278 1448 2350 etiamsinon
1469 2290 1664 2371 erumpunt
1683 2277 1722 2347 in
1747 2278 1942 2349 simultates
1965 2290 2000 2348 et
2023 2280 2124 2360 odia,
2159 2294 2212 2351 ta-

178 2394 239 2450 aut
266 2380 399 2448 similes
426 2403 564 2466 cansas,
594 2381 640 2450 ab
662 2382 863 2451 animorum
886 2396 920 2452 et
947 2383 1171 2453 voluntatum
1222 2403 1303 2450 men
1318 2402 1393 2448 non
1408 2380 1541 2451 abeunt
1556 2380 1633 2449 sine
1648 2380 1874 2449 incommodo
1891 2380 2054 2468 publico,
2079 2380 2211 2454 multae

178 2480 413 2564 dissensione,
440 2481 482 2548 ad
501 2481 738 2550 dissensiones
755 2486 800 2552 de
817 2483 978 2554 doctrina
1002 2484 1171 2576 provecti,
1221 2484 1336 2552 bonae
1358 2503 1415 2550 res
1438 2482 1700 2573 impediuntur,
1733 2504 1814 2549 cum
1831 2481 1943 2551 animi
1960 2505 2034 2551 non
2050 2482 2134 2551 satis
2150 2506 2213 2552 co-

177 2594 346 2673 perpetua
366 2580 512 2650 dissidia
533 2582 572 2650 in
585 2576 754 2652 Ecclesiis
771 2599 994 2675 pepererunt.
1053 2584 1170 2673 Quam
1221 2578 1390 2668 haerent,
1422 2607 1528 2653 nemo
1559 2583 1662 2653 alteri
1685 2582 1848 2667 conlidit,
1879 2593 1941 2653 aut
1969 2607 2043 2653 sese
2073 2584 2213 2675 aperire

177 2705 197 2752 a
214 2682 353 2752 levibus
372 2683 559 2773 principiis
572 2683 759 2756 excitatum
774 2698 823 2754 est
838 2686 1006 2775 pestilens
1018 2681 1099 2757 Arii
1115 2686 1172 2755 iu·
1221 2685 1338 2757 audet.
1392 2682 1443 2754 lta
1460 2708 1534 2753 non
1550 2686 1782 2755 conferuntur
1796 2684 1928 2767 studia,
1960 2685 2004 2752 ad
2020 2686 2214 2755 consulen-

179 2783 365 2867 cendium,
390 2808 461 2875 quo
476 2797 595 2875 postea
611 2809 734 2855 omnes
747 2809 858 2878 prope
872 2782 1035 2858 Orientis
1048 2784 1172 2857 Eccle-
1221 2788 1306 2854 dnm
1328 2780 1506 2856 Ecclesiae
1527 2787 1741 2867 commodis,
1765 2808 1838 2854 non
1859 2795 1943 2853 sunt
1962 2785 2128 2854 derebus
2145 2808 2213 2854 ne-

177 2885 248 2953 siae
266 2885 550 2972 conflagrarunt,
574 2888 670 2979 quod
694 2888 732 2956 in
749 2887 920 2958 electione
938 2885 1173 2980 Episcopatus
1222 2887 1379 2957 cessariis
1400 2886 1693 2972 deliberationes,
1726 2898 1789 2957 aut
1816 2884 2086 2964 collocutiones,
2120 2910 2212 2978 quo-

178 2985 268 3055 alius
292 2982 380 3055 Ario
415 2988 590 3077 praelatus
610 2988 735 3058 suerat.
794 2988 904 3059 Plena
932 2990 1172 3082 exemplorum
1220 2990 1328 3058 modo
1349 2989 1572 3059 obscuriores
1593 2988 1853 3058 controversiae
1882 2986 2084 3076 religionis,
2115 2987 2211 3057 clare

179 3100 231 3156 est
260 3082 409 3156 historia
434 3088 594 3157 omnium
618 3102 791 3178 aetatum,
822 3092 883 3161 sed
907 3116 982 3161 noo
1005 3106 1057 3164 est
1083 3115 1172 3183 opus
1222 3103 1256 3159 et
1276 3090 1439 3182 proprie,
1471 3114 1511 3160 ac
1534 3092 1579 3159 ad
1602 3114 1710 3160 unam
1736 3091 1891 3183 aliquam
1915 3102 2044 3160 certam
2058 3088 2211 3156 formam

178 3186 304 3276 procul
319 3189 474 3278 exempla
491 3203 666 3281 repetere,
691 3214 772 3262 cum
788 3190 861 3263 sint
869 3192 916 3262 ob
932 3194 1055 3263 oculos
1069 3215 1171 3284 prae-
1221 3193 1415 3260 secundum
1431 3192 1642 3282 scripturam
1657 3191 1887 3282 explicentur.
1939 3188 2052 3280 Saepe
2066 3212 2139 3258 non
2155 3211 2212 3259 sa-

178 3287 301 3361 sentia.
352 3286 584 3360 Meminimus
600 3313 640 3359 ex
663 3285 729 3362 hac
751 3292 826 3384 ipsa
848 3287 969 3364 schola
984 3294 1171 3387 quosdam,
1220 3292 1267 3362 tis
1289 3292 1440 3382 intelligi
1466 3306 1599 3383 potest,
1631 3293 1718 3387 quid
1738 3291 1888 3385 quisque
1913 3290 2058 3361 sentiat.
2116 3287 2212 3362 Haec

178 3413 259 3459 cum
279 3388 384 3458 initio
408 3391 446 3458 in
469 3393 655 3462 asserenda
677 3416 765 3482 pura
789 3394 950 3463 doctrina
974 3392 1172 3484 Evangelii,
1221 3394 1293 3461 iam
1310 3393 1395 3463 satis
1411 3416 1536 3483 magna
1553 3408 1654 3481 sunt,
1678 3393 1764 3489 quid
1780 3406 1896 3464 autem
1910 3393 2073 3462 futurum
2088 3405 2157 3477 est,
2181 3390 2214 3462 si

180 3491 311 3560 nostris
348 3491 555 3562 viderentur
584 3516 659 3564 esse
693 3494 992 3576 coniunctissimi,
1041 3508 1172 3586 postea,
1222 3494 1394 3565 accedunt
1411 3495 1544 3565 stillae
1563 3510 1695 3588 pestes,
1719 3495 1933 3576 simultates,
1959 3491 2060 3576 odia,
2085 3490 2214 3564 factio·

181 3614 261 3660 cum
279 3615 320 3660 ex
346 3594 419 3662 suis
447 3594 658 3686 quibusdam
684 3595 945 3687 suspicionibus
970 3619 1044 3665 non
1070 3597 1171 3666 vide·
1222 3618 1303 3680 nes,
1360 3597 1534 3668 tumultus
1575 3611 1609 3669 et
1652 3598 1892 3667 amarulentae
1935 3592 2215 3680 criminationes,

51 3696 54 3701 '
179 3706 306 3763 rentur
318 3717 355 3762 se
372 3695 455 3764 satis
472 3697 736 3782 admirationis,
761 3710 794 3766 et
816 3697 948 3788 gloriae
965 3714 1173 3770 consecutos
1223 3720 1378 3787 pugnae,
1412 3722 1500 3792 quas
1526 3700 1652 3768 merito
1685 3698 1846 3792 quisquis
1870 3710 1938 3776 est,
1975 3690 2214 3783 Christianus,

179 3818 270 3875 esse,
306 3819 370 3866 nec
393 3798 471 3888 pari
502 3792 717 3868 authoritate
740 3823 780 3868 ac
801 3799 1059 3870 existimatione
1091 3825 1170 3870 curn
1222 3813 1296 3868 toto
1330 3798 1450 3868 animo
1484 3800 1638 3869 execrari
1674 3814 1778 3894 atque
1815 3794 2057 3868 exhorrescere
2094 3797 2211 3869 debet.

179 3895 395 3968 Doctoribus
426 3894 568 3985 haberi,
612 3925 695 3969 mox
719 3901 887 3971 exarsisse
916 3900 1069 3987 invidia,
1107 3903 1171 3971 ad·
1222 3897 1481 3986 Quamobrem,
1507 3901 1645 3971 tametsi
1659 3897 1745 3972 hacc
1759 3903 1902 3994 quidem
1919 3893 2065 3981 Schola,
2091 3892 2214 3968 hacte-

178 3998 334 4068 iunxisse
364 3999 432 4069 sibi
456 3996 619 4072 homines
647 4003 816 4089 furiosos,
856 4028 1011 4097 quorum
1039 4003 1170 4075 auxilio
1222 4024 1289 4069 nus
1305 4015 1423 4091 pacata
1437 4003 1563 4083 fuerit,
1588 4016 1622 4074 et
1641 4005 1735 4074 inter
1748 4000 1920 4073 Doctores
1942 4000 2120 4088 singulare
2137 4011 2214 4068 stu·

178 4114 382 4190 spargerent
397 4100 568 4171 fanaticas
576 4101 785 4193 opiniones,
806 4108 903 4174 unde
916 4107 961 4174 ad
977 4118 1171 4175 extremum
1222 4102 1321 4171 dium
1339 4103 1548 4174 concordiae
1560 4117 1748 4196 appareat,
1772 4117 1889 4175 tamen
1905 4113 1993 4173 ntea
2008 4124 2116 4191 porro
2127 4122 2214 4170 con-

180 4197 614 4289 Anabaptistarnm·snror
628 4200 791 4271 invaluit.
841 4202 910 4274 Sed
929 4205 1010 4295 qnia
1026 4206 1170 4297 quidam
1222 4216 1399 4289 servetur,
1429 4200 1499 4274 hnc
1521 4206 1762 4290 conferamus,
1789 4229 1908 4275 coram
1931 4217 1966 4273 et
1983 4201 2214 4292 cogitationes

180 4322 313 4388 poenas
328 4300 501 4369 dederunt
517 4326 590 4370 non
610 4301 770 4371 nomino.
823 4301 905 4372 Scio
920 4305 1096 4397 plerisque
1110 4330 1170 4373 ve·
1223 4318 1380 4389 nostras,
1403 4300 1511 4375 uthis
1526 4306 1645 4391 malis,
1669 4332 1759 4400 quae
1778 4306 2123 4391 dixi,occurramus.
2164 4298 2213 4374 Et

181 4413 294 4470 strum
313 4412 436 4469 notum
451 4424 523 4470 esse
541 4401 763 4482 Wicelium,
789 4415 829 4472 ut
849 4416 900 4473 est
922 4399 1029 4472 homo
1045 4418 1171 4475 stratura
1222 4418 1273 4474 est
1289 4428 1371 4475 sane
1395 4406 1439 4474 ad
1461 4400 1554 4476 hanc
1570 4431 1645 4477 rem
1665 4432 1755 4501 opus
1777 4406 1948 4498 singulari
1965 4430 2049 4475 cura
2067 4428 2107 4473 ac
2125 4427 2213 4497 pru-

182 4500 410 4580 ambitiosus,
441 4505 542 4572 etde
565 4526 601 4571 se
628 4503 809 4591 magnifice
827 4505 998 4584 sentiens,
1023 4530 1101 4573 cnm
1119 4521 1169 4576 ta·
1222 4507 1358 4590 dentia,
1392 4502 1532 4593 ethos,
1562 4522 1604 4579 ut
1625 4509 1662 4578 in
1684 4512 1763 4580 aliis
1778 4510 1902 4589 rebus,
1930 4508 1979 4578 ita
1997 4503 2213 4599 hicquoque

182 4627 264 4673 men
284 4616 372 4673 esset
391 4597 499 4673 homo
519 4605 705 4684 obscurus,
736 4630 800 4676 nec
818 4607 1007 4702 quicquam
1023 4606 1170 4694 dignam
1222 4607 1456 4677 necessarium
1472 4620 1507 4678 et
1523 4610 1611 4681 utile
1634 4627 1856 4704 praeceptum
1877 4623 1944 4694 est,
1975 4609 2071 4702 quod
2090 4621 2214 4682 monet

182 4717 279 4774 tanta
297 4705 468 4795 opinione
483 4706 632 4777 eruditis
649 4701 871 4788 hominihus,
899 4734 1005 4800 quam
1020 4709 1088 4777 sibi
1105 4709 1170 4799 ipsi
1224 4707 1408 4800 principiis
1420 4732 1493 4779 esse
1512 4710 1735 4785 obstandum.
1794 4710 1885 4782 Litis
1903 4710 2065 4796 initium,
2092 4709 2217 4803 inquit

184 4805 364 4893 induerat,
398 4808 621 4898 protulisset,
655 4808 736 4902 quia
759 4810 1019 4902 suspicabatur,
1043 4834 1171 4880 senon
1222 4808 1410 4892 Salomon,
1443 4810 1590 4902 perinde
1607 4829 1677 4898 est,
1702 4815 1771 4885 acsi
1795 4814 1934 4881 alveum
1954 4811 2091 4903 ruperit
2111 4834 2218 4906 aqua,

184 4908 268 4978 satis
300 4931 363 4998 pro
387 4910 558 4999 dignitate
589 4911 751 4995 tractari,
787 4906 859 4982 hac'
884 4910 957 4980 sola
988 4915 1032 4982 de
1057 4936 1171 4998 causa,
1223 4936 1312 5002 quae
1328 4924 1445 5003 postea
1463 4915 1561 4985 nulla
1578 4916 1711 4987 invitus
1733 4914 1909 4986 contineri
1924 4927 2050 5004 polest.
2103 4910 2158 4984 lta
2175 4913 2215 4983 in

183 5007 297 5096 coepit
312 5032 332 5077 a
347 5013 475 5082 nostris
490 5013 687 5086 dissentire.
745 5009 795 5083 Et
811 5036 890 5083 cum
906 5016 1078 5105 quaedam
1096 5015 1171 5085 eius
1222 5010 1378 5083 Ecclesia
1395 5039 1413 5082 a
1435 5017 1550 5104 parvis
1573 5018 1684 5086 initiis
1700 5031 1797 5087 ortae
1814 5015 2068 5100 dissensiones,
2091 5026 2215 5105 postea

184 5108 312 5201 scripta
327 5110 372 5178 ab
387 5113 507 5181 amicis
523 5113 650 5184 leniter
660 5128 774 5184 essent
790 5108 1017 5205 reprehensa,
1044 5117 1172 5185 exarsit
1223 5137 1302 5183 curn
1325 5116 1573 5203 invaluerunt,
1605 5118 1714 5187 nullis
1736 5117 1900 5189 remediis
1921 5116 2038 5185 sanari
2055 5130 2220 5208 possunt·

185 5208 237 5279 ira
254 5223 358 5301 atque
372 5210 474 5291 odio,
500 5226 535 5283 et
557 5215 704 5284 miscere
725 5217 844 5285 omnia
863 5229 1010 5285 conatus
1034 5230 1103 5293 cst,
1138 5230 1172 5287 et
1223 5213 1342 5302 Quare
1380 5232 1552 5308 qnantum
1591 5242 1793 5308 possumus,
1833 5221 1983 5289 vitemus
2012 5219 2217 5289 occasiones

186 5310 492 5404 quidquidpotuit
506 5315 634 5383 veneni
649 5315 687 5383 in
703 5317 1023 5388 nostroscvomuit.
1074 5315 1171 5386 Haec
1221 5339 1361 5400 omnes,
1395 5321 1636 5406 praecidamus
1659 5322 1826 5413 quicquid
1852 5322 2019 5410 impedit,
2052 5335 2116 5392 aut
2148 5323 2214 5391 ob-

186 5413 344 5503 exempla
366 5414 493 5483 docere
514 5436 579 5484 nos
605 5429 770 5508 possunt,
803 5432 974 5512 qnantum
996 5420 1171 5487 malornm
1221 5431 1303 5502 stat,
1323 5419 1456 5489 etiamsi
1471 5444 1560 5510 quae
1575 5420 1685 5491 iustae
1696 5423 1861 5492 videntur
1875 5442 2081 5491 essecausae
2096 5424 2216 5492 olien-

185 5512 310 5585 afferat
342 5514 382 5584 in
413 5510 590 5602 Ecclesia,
627 5517 800 5588 dissensio
824 5519 1050 5591 voluntatum
1078 5520 1172 5590 inter
1220 5518 1382 5601 sionum,
1408 5521 1650 5594 condonemus
1670 5537 1814 5610 mutuo,
1845 5522 2109 5595 dissimulemus
2136 5526 2215 5618 pri-
