4732 6030
63 239 137 310 569

63 614 192 683 neniae
210 620 341 700 posset,
364 605 486 698 inqua
507 607 629 675 videor
650 600 739 673 mihi
758 606 894 674 assidue
918 603 1050 671 intueri

63 714 191 805 passim
210 722 315 777 strata
335 706 609 776 fortissimorum
632 708 790 775 virorum
813 728 976 796 corpora,
1002 704 1051 771 si-

64 815 208 904 mulque
230 809 435 876 recordarer
460 821 618 896 tempora
649 831 857 896 magnorum
880 807 1051 887 virorum,

67 915 130 1007 qui
152 913 283 979 similes
319 910 483 976 viderunt
513 933 702 995 regnorum
731 932 850 989 casus,
882 923 921 978 ut
955 905 1048 974 lere-

65 1014 173 1095 miae,
201 1010 343 1080 loannis
367 1004 549 1098 Apostoli,
578 1008 785 1096 Augustini:
820 1010 916 1103 venit
945 1008 1051 1094 etiam

65 1117 104 1183 in
125 1113 279 1182 ⁴mentem
295 1106 458 1192 Aclrolii,
485 1134 589 1200 quern
613 1125 730 1180 narrat
750 1109 961 1180 Ambrosius
984 1108 1054 1197 piis

67 1216 228 1307 precibus
244 1212 413 1280 delevisse
431 1207 617 1280 Gotthicos
633 1212 803 1282 exercitus
826 1211 862 1278 in
882 1209 1051 1279 Macedo-

65 1319 137 1390 nia.
190 1310 279 1382 Eam
302 1307 484 1379 historiam
504 1315 588 1379 dum
605 1313 737 1401 cogito,
763 1312 900 1381 institui
917 1310 1051 1379 oratio-

65 1442 148 1486 nem
174 1417 217 1484 de
241 1414 317 1502 ipso
333 1411 539 1492 Ambrosio,
567 1412 667 1481 cuius
689 1426 724 1482 et
741 1413 832 1482 vitae
852 1434 994 1481 cursum
1016 1422 1051 1478 et

65 1518 183 1588 studia
208 1528 242 1583 et
264 1536 318 1582 res
336 1525 445 1600 gestas
471 1535 573 1581 nosse
590 1513 871 1582 adolescentibus
887 1513 973 1583 utile
990 1523 1052 1593 est,

66 1635 101 1688 et
119 1635 157 1689 ut
172 1612 261 1684 mihi
279 1614 416 1681 videtur
431 1607 486 1680 his
502 1616 720 1705 temporibus
735 1638 809 1683 non
824 1615 991 1686 alienum.

168 1765 280 1834 Natus
296 1777 345 1830 est
355 1758 576 1845 Ambrosius,
598 1777 697 1855 patre
713 1777 872 1833 senatore
885 1761 1051 1834 Romano

68 1883 99 1938 et
123 1866 281 1958 praeside
306 1863 413 1953 partis
438 1860 654 1949 Galliarum,
680 1880 856 1954 tempore,
882 1876 920 1931 ut
943 1863 1050 1930 ratio-

68 1972 186 2046 cinor,
212 1964 411 2034 Constantii
436 1960 668 2054 Imperatoris.
719 1965 917 2033 Narrantur
944 1964 1052 2030 mira-

46 2071 166 2149 cula,
197 2089 286 2157 quae
311 2065 349 2131 in
375 2065 484 2150 ipsius
509 2065 657 2132 infantia
678 2067 832 2134 futuram
857 2063 1051 2132 claritatem

68 2167 322 2257 significarunt.
374 2160 452 2232 Etsi
473 2187 574 2254 saepe
589 2187 733 2252 magnae
749 2189 804 2234 res
821 2165 922 2233 novis
939 2177 973 2233 et
993 2164 1051 2231 in-

69 2269 206 2337 usitatis
221 2264 404 2333 eventibus
419 2266 688 2354 porteuduntnr,
709 2279 747 2334 ut
761 2263 877 2335 Ellam
893 2265 1053 2333 scribunt

69 2371 299 2454 infantemac
323 2367 533 2434 lambentem
558 2367 678 2435 matris
702 2367 810 2436 ubera
829 2380 1051 2456 conspectum

70 2493 143 2540 esse
170 2491 244 2534 non
275 2467 345 2550 lac,
382 2468 440 2534 sed
469 2466 628 2535 flammas
655 2468 700 2535 ab
725 2469 894 2536 uberibus
918 2490 1050 2556 rapere.

71 2571 190 2660 Quare
212 2568 272 2634 illa
295 2567 458 2634 acerrimi
482 2567 627 2660 spiritus
652 2569 752 2654 ineo
777 2570 937 2651 flamma,
964 2591 1053 2660 quae

71 2693 167 2759 reges
184 2683 216 2737 et
232 2669 412 2757 pontifices
426 2667 503 2736 sine
526 2682 622 2738 metu
646 2670 834 2761 corripuit,
860 2669 1052 2758 significata

72 2788 140 2851 est,
167 2784 284 2839 tamen
304 2769 550 2858 inpraesentia
576 2794 768 2860 properans
792 2773 835 2839 ad
858 2770 1052 2858 graviorem

72 2870 238 2943 historiae
253 2884 407 2961 partem,
437 2893 543 2937 cunas
560 2867 742 2938 Ambrosii
755 2872 965 2962 relinquam.

172 3020 366 3090 Florebant
393 3011 508 3084 adhuc
537 3015 761 3084 mediocriter
780 3015 917 3087 Romae
940 3020 1056 3088 studia

72 3118 339 3199 literarum,'et
359 3114 488 3183 nobilis
511 3117 674 3183 iuventus
707 3119 891 3207 praecipue
913 3118 950 3185 in
980 3121 1056 3189 clo-

72 3216 351 3318 quentiaLatina
368 3229 401 3284 et
410 3213 542 3283 Graeca
558 3216 799 3297 exercebatur,
820 3233 859 3288 ut
872 3221 917 3288 ad
938 3221 1054 3290 lorum

74 3339 110 3393 et
133 3321 265 3391 curiam
291 3342 330 3385 ac
359 3315 497 3404 imperii
519 3317 810 3404 gubernationem
832 3342 1058 3411 praeparare-

74 3440 147 3495 tur.
201 3420 241 3489 ln
264 3416 384 3508 primis
405 3431 520 3485 autem
536 3418 680 3488 ,nobiles
695 3415 886 3489 Christiani
911 3435 995 3499 tunc
1019 3434 1057 3489 ut

75 3519 310 3616 proveherent
324 3519 454 3586 liberos
469 3518 513 3584 ad
534 3516 763 3608 Reipublicae
779 3522 1057 3591 administratio·

74 3650 168 3707 nem,
189 3648 233 3693 ne
247 3623 292 3689 ab
309 3613 458 3688 ethnicis
470 3616 734 3705 Magistratibus
746 3616 921 3691 Ecclesiae
937 3625 1057 3712 oppri-

76 3739 273 3803 merentur,
301 3721 473 3789 curabant
496 3743 578 3786 suos
598 3720 741 3807 optimis
758 3721 892 3790 artibus
909 3721 1059 3803 institui,

76 3840 116 3897 ut
136 3822 295 3896 ethnicos
316 3844 389 3887 non
404 3821 517 3887 solum
533 3821 701 3905 gravitate
715 3845 852 3890 mortun
869 3837 904 3892 et
917 3823 1060 3905 iustitia,

49 3931 136 3997 'sed
170 3927 274 3996 etiam
307 3921 469 3989 doctrina
504 3932 539 3988 et
565 3921 735 3989 industria
768 3923 959 3992 vincerent.
1011 3921 1060 3992 Ut

79 4029 252 4119 praecepit
268 4022 417 4100 Paulus,
444 4024 580 4088 eumad
600 4018 722 4090 Titum
738 4023 867 4114 inquit,
891 4020 1001 4113 Cap.l
1009 4021 1058 4090 ll:

80 4128 227 4198 Discant
249 4140 282 4193 et
299 4124 410 4191 nostri
435 4116 590 4190 honestis
605 4122 730 4191 olliciis
751 4145 909 4213 praeesse
931 4127 973 4191 ad
998 4146 1060 4190 ne-

79 4227 246 4299 cessarios
271 4248 370 4305 usus,
395 4248 439 4291 ne
454 4225 526 4291 sint
542 4223 696 4295 inutiles.
738 4223 823 4294 Vult
841 4226 934 4291 enim
952 4218 1060 4293 Chri·

80 4330 212 4399 stianos
233 4349 305 4393 uon
320 4325 482 4412 defugere
507 4326 704 4393 communis
719 4325 812 4394 vitae
834 4327 1061 4413 gubernatio-

81 4454 180 4509 nem,
205 4440 245 4495 ut
268 4421 429 4514 Epicurei
455 4426 599 4508 inertia,
625 4422 789 4495 monarchi
814 4426 1062 4515 superstitione

79 4530 275 4602 iaciebant:
329 4529 387 4593 sed
430 4526 603 4613 suscipere
643 4541 775 4616 partem
821 4527 1061 4595 communium

79 4651 350 4707 aervunnaruru,
384 4639 422 4695 ut
443 4626 479 4692 in
503 4620 558 4693 his
580 4629 734 4714 negociis
756 4628 959 4697 inclarescat
982 4651 1063 4694 vera

80 4732 148 4804 Dei
169 4728 316 4811 noticia,
341 4739 376 4795 et
394 4726 504 4794 virtus
525 4742 744 4812 nostrorum,
769 4732 807 4799 in
823 4732 934 4798 arduo
952 4729 1064 4816 posita

766 230 925 308 DECL.
957 228 1033 303 DE
1065 226 1390 303 AMBR0510.

12 492 15 497 ⁵
164 407 276 478 Porro
301 429 379 473 curn
412 403 480 472 iarn
503 407 547 473 de
576 418 781 492 argumento
804 403 1049 483 deliberarem,

63 537 127 582 nec
145 525 263 581 tamen
286 504 414 574 abduci
435 506 573 574 animus
590 505 690 599 quasi
712 528 731 572 a
754 516 940 594 conspectu
957 501 1051 572 Pan-

2013 228 2093 306 ,570

1204 394 1258 466 Ac
1278 400 1386 469 fuisse
1411 399 1573 469 eximiam
1589 398 1876 476 Christianorum
1899 402 1937 470 in
1961 402 2090 492 guber-

1103 499 1246 567 natione
1269 501 1565 586 moderationem,
1599 504 1682 573 inde
1703 509 1867 597 adparet,
1890 506 1985 596 quod
2009 526 2089 572 cum

1103 595 1315 669 Ambrosius
1340 603 1377 670 in
1395 600 1577 692 Liguriam
1600 607 1820 690 mitteretur,
1839 605 1983 674 abeunti
1998 602 2088 673 Pro-

1102 701 1169 770 bus
1195 703 1387 790 praefectus
1407 705 1583 793 praetorio
1600 707 1706 776 dixit:
1728 708 1826 777 Vade
1845 730 1886 775 ac
1905 727 1966 793 age
1972 755 1987 792 ,
2013 729 2087 773 non

1103 815 1143 871 ut
1164 802 1286 884 iudex,
1312 807 1373 872 sed
1397 818 1437 873 ut
1451 803 1659 894 Episcopus.
1711 809 1812 898 Quae
1829 831 1896 876 vox
1917 804 2089 894 significat

1102 927 1182 972 cum
1208 901 1486 994 Episcoporum,
1520 921 1594 976 tum
1629 932 1711 978 vero
1739 924 1955 978 caeterorum
1980 901 2088 974 Chri-

1102 1003 1299 1073 stianorum
1324 1005 1595 1095 Magistratuum
1618 1009 1958 1080 administrationem
1979 1006 2087 1074 fuisse

1102 1104 1318 1197 aequiorem.
1369 1107 1460 1178 Cum
1495 1109 1602 1195 igitur
1634 1110 1925 1200 praestantissimi
1955 1109 2086 1199 quique
2185 1169 2190 1178 .

1102 1229 1184 1274 suos
1207 1207 1339 1275 liberos
1361 1221 1505 1298 propter
1527 1233 1603 1278 eam
1626 1235 1766 1281 causam
1787 1235 1893 1304 quarn
1915 1207 2086 1291 recensui,

1103 1306 1268 1384 doctrina
1285 1311 1395 1377 excoli
1418 1308 1626 1394 voluerunt,
1657 1326 1929 1382 consentaneum
1948 1322 1999 1377 est
2023 1331 2086 1397 pa·

1102 1420 1190 1476 trem
1206 1405 1389 1479 Ambrosii
1409 1433 1483 1478 non
1508 1412 1658 1481 defuisse
1678 1413 1778 1499 liliis,
1803 1412 2007 1503 praesertim
2029 1409 2086 1476 in-

1102 1530 1265 1596 geniosrs.

1203 1621 1342 1693 Fratres
1365 1626 1436 1694 duo
1468 1626 1613 1697 luerunt
1637 1623 1847 1699 Ambrosius
1874 1639 1908 1695 et
1929 1623 2087 1718 Satyrus,

1103 1746 1253 1815 quorum
1282 1726 1370 1793 alter
1393 1724 1538 1817 Satyrus
1567 1729 1605 1796 in
1630 1730 1707 1797 foro
1731 1751 1856 1819 magna
1879 1751 1959 1797 cum
1983 1727 2086 1794 laude

1103 1817 1306 1903 consenuit,
1333 1826 1445 1893 maior
1466 1840 1551 1896 natu
1568 1826 1795 1912 Ambrosius,
1820 1829 1925 1898 citoe
1947 1828 2025 1895 foro
2041 1828 2086 1894 ad

1102 1924 1392 2012 gubernationem
1408 1923 1572 2013 Liguriae
1588 1931 1769 1999 traductus
1786 1944 1847 2000 est.
1881 1928 1998 2022 Satyri
2013 1928 2087 1996 elo-

1103 2025 1281 2117 quentiam
1301 2025 1386 2093 etin
1404 2027 1515 2095 causis
1536 2029 1759 2117 prudentiam
1786 2044 1821 2102 ct
1847 2031 2088 2100 dexteritatem

1103 2126 1280 2217 praedicat
1292 2128 1410 2194 frater.

1204 2238 1273 2311 Sed
1296 2237 1479 2309 Ambrosii
1508 2243 1660 2315 eruditio
1688 2246 1923 2338 comparatio
1949 2245 2088 2338 scriptis

1105 2341 1232 2433 ipsius,
1259 2342 1296 2408 in
1313 2343 1441 2433 quibus
1465 2345 1528 2414 etsi
1551 2346 1700 2415 formam
1723 2349 1892 2418 orationis
1910 2349 2087 2416 forensem

1104 2443 1142 2510 in
1167 2441 1405 2510 ecclesiasticis
1426 2434 1597 2525 misteriis,
1622 2461 1659 2515 ut
1674 2447 1749 2543 ipse
1767 2462 1913 2546 narrat,⁴
1926 2448 2089 2531 mutavit,

1104 2559 1219 2614 tamen
1236 2543 1345 2611 multa
1360 2556 1444 2612 sunt
1463 2547 1615 2614 oratoria
1632 2561 1857 2633 ornamenta,
1882 2549 2085 2637 praesertim

1105 2647 1143 2713 in
1157 2641 1338 2735 Epistolis.
1371 2642 1443 2712 Nec
1457 2647 1580 2714 rudem
1595 2643 1847 2738 Philosophiae
1861 2649 1967 2717 luisse
1982 2661 2088 2718 testa-

1105 2760 1165 2816 tur
1180 2745 1453 2813 commentarius
1467 2747 1512 2816 de
1524 2743 1730 2833 Creatione,
1753 2750 1790 2817 in
1805 2774 1874 2842 quo
1889 2762 1923 2819 et
1948 2746 2090 2844 physica

1106 2847 1215 2914 multa
1231 2860 1313 2915 sunt
1327 2857 1361 2914 et
1373 2847 1580 2932 anatomica,
1607 2873 1680 2917 non
1697 2874 1716 2919 a
1730 2849 1835 2939 vulgo
1852 2865 2003 2941 sumpta,
2029 2849 2089 2917 sed

1107 2970 1147 3014 ex
1175 2970 1255 3014 vera
1281 2947 1462 3029 doctrina,
1499 2948 1598 3018 cuius
1625 2951 1677 3018 rei
1701 2952 1811 3021 multa
1839 2963 1922 3021 sunt
1946 2950 2090 3022 indicia.
2175 3027 2176 3030 Ἴ
2230 2943 2233 2951 ’

1107 3042 1258 3115 Erudite
1282 3046 1374 3113 enim
1392 3047 1559 3119 discernit
1580 3073 1707 3136 venas,
1733 3052 1879 3121 arterias
1905 3064 1938 3120 et
1951 3075 2091 3143 nervos,

1108 3169 1147 3214 ac
1181 3145 1336 3232 origines
1362 3147 1517 3217 diversas
1548 3151 1655 3221 tradit
1688 3175 1728 3220 ex
1762 3150 1893 3221 Galeni
1919 3151 2092 3235 doctrina,

1108 3270 1237 3316 nervos
1262 3270 1302 3315 ex
1320 3247 1462 3316 cerebro
1483 3251 1629 3335 extruit,
1655 3252 1800 3321 arterias
1815 3253 1931 3323 educit
1954 3277 1993 3322 ex
2012 3276 2091 3321 cor·

1108 3350 1171 3430 de,
1194 3369 1301 3415 venas
1319 3371 1359 3415 ex
1376 3362 1484 3438 epate.
1516 3347 1595 3420 Etsi
1610 3364 1726 3422 autem
1744 3353 1782 3422 in
1799 3378 1839 3423 eo
1856 3352 1949 3423 libro
1964 3378 2090 3444 magna

1108 3472 1149 3517 ex
1172 3462 1269 3537 parte
1294 3444 1416 3517 Basilii
1441 3454 1731 3525 commentarium
1757 3455 1863 3524 latina
1886 3448 2093 3547 paraphrasi

1110 3547 1282 3629 reddidit,
1308 3573 1387 3618 cum
1405 3548 1478 3642 quo
1497 3553 1529 3619 ei
1552 3552 1703 3623 amicitia
1725 3555 1811 3638 tuit,
1840 3569 1956 3626 tamen
1979 3554 2092 3624 multa

1110 3650 1265 3733 addidit,
1296 3665 1434 3740 sumpta
1458 3674 1498 3719 ex
1516 3650 1660 3722 Graecis
1680 3654 1742 3748 qui
1763 3657 1808 3723 de
1830 3679 1946 3725 rerum
1968 3672 2093 3727 natura

1111 3749 1344 3839 scripserunt,
1370 3773 1449 3818 cum
1466 3753 1559 3819 enim
1576 3753 1732 3842 linguam
1749 3778 1906 3843 graecam
1923 3756 2095 3838 calluerit,

1110 3849 1213 3918 lacile
1236 3850 1304 3919 tuit
1327 3843 1463 3916 homini
1488 3853 1645 3920 studioso
1665 3854 1768 3922 etiam
1791 3876 1951 3943 magnam
1970 3852 2096 3924 Pbilo-

1111 3941 1257 4039 sophiae
1268 3961 1403 4038 partem
1422 3961 1456 4017 et
1471 3946 1707 4020 Historiarum
1724 3976 1942 4043 cognoscere.

1212 4078 1397 4149 Praeclare
1419 4079 1526 4169 igitur
1547 4084 1782 4156 adolescentia
1799 4103 1873 4157 acta
1895 4105 1946 4163 est
1963 4091 1999 4158 in
2018 4091 2098 4161 lite-

1112 4181 1182 4265 ris,
1214 4181 1251 4248 in
1273 4179 1446 4251 exercitiis
1469 4182 1708 4276 eloquentiae,
1739 4188 1777 4256 in
1792 4189 1957 4261 discenda
1976 4178 2100 4276 Philo-

1113 4276 1238 4372 sophia
1268 4296 1302 4353 et
1334 4283 1495 4353 doctrina
1518 4281 1730 4361 Christiana.
1791 4288 1847 4361 Ad
1879 4287 1963 4361 haec
1993 4318 2100 4362 orua-

1114 4397 1231 4453 menta
1253 4383 1397 4453 accessit
1419 4377 1566 4458 honesta
1593 4389 1802 4477 disciplina,
1828 4392 1934 4482 digna
1956 4394 2102 4464 nomine

1114 4479 1335 4570 Christiano,
1360 4509 1448 4577 quae
1464 4487 1532 4557 luit
1547 4513 1686 4559 morum
1701 4507 1829 4562 custos.

1218 4618 1338 4708 Quare
1355 4643 1433 4686 cum
1449 4619 1608 4708 ingenio,
1635 4626 1808 4712 doctrina,
1832 4652 1972 4699 morum
1988 4634 2106 4719 gravi-

1115 4733 1185 4791 tate
1200 4722 1401 4800 excelleret,
1427 4720 1554 4790 missus
1571 4737 1623 4793 est
1638 4725 1777 4795 iuvenis
1800 4723 1936 4814 adhuc,
1960 4757 2000 4801 ex
2018 4736 2107 4803 urbe

80 4836 179 4913 loco,
205 4828 359 4918 conspici
385 4826 510 4916 possit,
536 4838 571 4895 et
586 4841 626 4895 ut
641 4831 750 4897 nostri
769 4832 930 4900 exercitia
948 4831 1017 4897 lide
1031 4842 1064 4898 et
1115 4819 1230 4892 Roma
1247 4823 1288 4889 ad
1306 4821 1707 4910 regendamLiguriam,
1731 4822 1797 4896 hoc
1814 4842 1866 4897 est
1883 4831 2011 4900 bonam
2028 4859 2109 4923 par-

81 4934 282 5005 dilectionis
304 4926 472 5005 habeant,
501 4950 540 4994 ac
565 4928 700 4996 discant
721 4931 893 5001 divinitus
911 4932 1063 5000 circum·
1116 4934 1186 4992 2⁰¹⁰
1201 4921 1367 5008 ressl⁰¹¹l³s
1393 4945 1499 5012 (lum
1516 4948 1612 4992 ”⁰¹¹⁰
1628 4949 1792 4997 v⁰⁰³¹¹l⁰⁸
1808 4929 2110 5022 L⁰¹¹ss⁰b³¹¹dl³¹¹¹v

81 5037 159 5106 dari
178 5033 399 5104 mmmm
422 5030 510 5119 pp„
544 5045 577 5098 ,t
604 5031 673 5117 ,egi
700 5044 864 5100 eventu„
899 5033 989 5101 sicut
1008 5029 1065 5098 10.
1116 5038 1273 5110 tempore
1288 5020 1551 5107 Valentiniani,
1577 5026 1638 5117 qui
1655 5051 1734 5096 cum
1749 5031 1857 5102 fratre
1876 5031 2025 5104 Valente
2042 5039 2111 5105 iru-

81 5131 186 5228 seph,
211 5133 356 5215 Daniel,
382 5128 530 5212 Esdras,
555 5127 759 5212 Nebemias,
785 5132 822 5198 in
838 5135 976 5219 magnis
997 5131 1065 5198 im·
1117 5123 1252 5214 perium
1280 5121 1483 5194 ll⁰¹¹¹³¹¹¹¹¹⁰
1519 5127 1642 5198 ‘⁰¹¹⁰st
1704 5127 1746 5198 ¹¹¹
1773 5125 1841 5201 h⁰⁰
1871 5159 2018 5207 munere
2044 5133 2111 5209 h⁰⁰

81 5238 188 5330 petiis
210 5236 382 5305 divimus
403 5232 531 5313 meg,
567 5255 621 5301 ,es
645 5231 813 5300 mxima,
835 5233 1010 5322 sapienter
1031 5245 1067 5300 ec,
1116 5225 1253 5294 illustre
1268 5237 1512 5312 argumentum
1530 5241 1580 5297 est
1598 5231 1752 5302 iustitiae
1774 5234 1910 5325 ipsius,
1936 5241 2031 5330 quod
2050 5261 2113 5326 pa-

80 5339 252 5409 loeliciter
269 5338 522 5426 gubernarunt.
1115 5328 1201 5396 riter
1222 5340 1256 5396 et
1270 5323 1477 5417 lmperatori
1495 5341 1527 5399 et
1545 5334 1676 5422 populo
1695 5336 1864 5424 probatus
1889 5339 1967 5411 luit.
2021 5336 2112 5406 Nam
