4732 6030
159 254 212 327 or
410 182 421 200 ’
602 237 1697 325 ·nece.uuuntomusurscuurmu.
2147 220 2203 325 oa'

160 419 559 495 conioornansDeum.
612 417 754 492 Etenim
772 446 852 490 cum
869 419 1014 513 quidam
1032 421 1167 495 admo-‚
1206 418 1333 487 factam
1356 413 1562 504 deploretis:
1599 411 1731 484 Verum
1760 415 1890 485 interea
1915 423 2054 509 postulo
2076 438 2193 497 tamen
2303 496 2307 505 ,

162 539 265 595 neret
279 526 396 593 lavere
411 522 526 594 Deum
542 524 702 606 afflictis,
729 525 803 612 ipse
818 523 967 591 subiecit
982 523 1075 620 clepa
1093 548 1157 589 vo·
1205 519 1244 586 in
1260 512 1316 584 his
1332 517 1501 608 querelis,
1524 525 1563 584 ut
1580 516 1687 584 officii
1703 515 1807 585 etiam
1823 521 1928 588 vestri
1951 529 2196 614 recordemini,

163 651 205 698 ce
227 640 330 718 atque
352 627 476 696 alacri:
509 622 550 695 ld
566 650 649 695 vero
670 619 761 693 mihi
773 637 978 694 'constanter
998 626 1041 692 de
1062 624 1155 713 opti·
1205 643 1244 688 ac
1259 619 1387 706 gratias
1411 618 1569 687 referatis
1584 615 1661 685 Deo
1679 642 1740 707 prro
1758 619 1821 687 illo
1846 624 1988 693 cumulo
2006 627 2196 698 beneficio-

161 751 221 797 mo
239 726 313 797 Deo
336 752 415 797 meo
439 722 790 822 promittowMulta
814 726 959 815 insuper
982 737 1155 816 precatus,
1204 745 1302 800 rum,
1329 720 1392 810 qui
1418 721 1481 789 tali
1504 718 1670 810 Principe
1694 719 1796 789 vobis
1814 724 1977 810 contigit,
2009 742 2194 800 etmemo.

161 829 358 899 condonari
377 829 445 898 sibi
463 829 492 898 si
512 853 616 923 quem
633 829 805 898 laesisset:
831 829 966 897 mentio
983 827 1086 895 etiam
1101 828 1152 894 fa·
1204 823 1293 925 riam
1319 822 1490 890 virtutum
1520 819 1696 912 Principis
1724 822 1853 891 animis
1881 828 2005 917 vestris
2034 829 2196 921 infigatis,

161 942 216 1000 cta
236 926 392 1011 eorum,
406 931 537 1024 quibus
560 930 748 999 videbatur
768 930 963 1014 subiratus,
987 944 1027 998 ut
1043 928 1153 996 senti·
1204 922 1433 1015 cogitetisque
1449 922 1535 1015 quid
1552 923 1648 992 illius
1665 923 1770 994 ctiam
1795 923 1959 995 manibus
1977 953 2040 1019 pro
2055 955 2194 1002 summo

159 1046 241 1101 rent
273 1032 474 1122 depositum
503 1032 624 1100 odium
652 1031 770 1103 fuisse.
830 1029 949 1100 Multa
973 1030 1159 1105 constituit
1203 1026 1325 1094 labore
1341 1039 1375 1095 et
1394 1022 1532 1112 magnis
1545 1027 1743 1108 aerumnis,
1770 1040 1883 1095 vestra
1899 1053 2001 1100 causa
2015 1034 2196 1125 susceptis,

160 1133 206 1201 de
228 1129 370 1225 Repub.
404 1135 518 1225 deque
546 1133 695 1222 privatis
718 1133 844 1216 rebus,
886 1135 1009 1200 eodem
1034 1132 1153 1218 vigore
1204 1126 1370 1196 debeatis.
1690 1146 1695 1155 “

160 1235 292 1314 animi,
325 1258 399 1326 quo
429 1235 467 1303 in
492 1236 623 1325 optima
649 1234 851 1302 valetudine
876 1234 1010 1313 fuerat,
1044 1256 1153 1325 quae·
1305 1225 1450 1295 Debetis
1474 1237 1589 1293 autem
1607 1218 1674 1293 boc
1693 1226 1867 1316 primum,
1892 1231 2096 1303 utsalutem
2117 1237 2196 1305 ani-

159 1338 246 1404 dam
270 1337 344 1426 ipse
368 1334 472 1425 legit,
496 1336 608 1405 multa
628 1336 793 1420 dictavit,
818 1335 935 1403 verbis
960 1348 993 1403 et
1008 1342 1152 1402 senten·
1204 1354 1281 1398 mae
1296 1328 1393 1396 illius
1409 1327 1477 1418 piis
1492 1325 1656 1416 precibus
1673 1328 1751 1396 Deo
1770 1333 2040 1416 commendetis,
2066 1338 2196 1407 deinde

159 1437 223 1506 tiis
239 1437 286 1505 ita
302 1435 498 1516 collocatis,
523 1450 563 1507 ut
578 1436 762 1529 pristinam
780 1439 909 1507 mentis
925 1435 1153 1505 acrimoniam
1202 1431 1413 1533 utreligiose
1430 1428 1580 1518 pareatis
1595 1428 1738 1516 optimis
1751 1426 1997 1520 Principibus,
2018 1437 2080 1528 qui
2090 1433 2196 1509 huius

158 1560 377 1627 agnosceres,
399 1552 577 1630 postremo
590 1538 1153 1608 exsenten'tiaconstitutisomni-
1204 1533 1315 1601 vicem
1330 1532 1505 1613 subeunt,
1531 1542 1566 1599 et
1587 1530 1748 1620 publicae
1772 1530 1894 1601 salutis
1912 1538 2198 1627 tranquillitatis-

158 1638 246 1722 bus,
271 1639 449 1708 lenissimo
471 1661 599 1728 genere
615 1640 739 1710 mortis
755 1640 928 1710 extinctus
947 1653 1016 1722 est,
1041 1655 1080 1708 ut
1097 1662 1155 1706 sa·
1202 1657 1271 1726 que
1286 1635 1457 1712 tuendae,
1480 1631 1788 1735 turbulentissimo
1803 1647 1897 1704 statu
1913 1637 2020 1705 totius
2033 1634 2197 1732 Europae

160 1739 208 1809 tis
239 1741 443 1831 adpareret,
478 1754 513 1811 et
538 1743 672 1810 morbis
693 1742 855 1830 corporis
878 1744 972 1810 vires
997 1742 1060 1810 diu
1084 1741 1152 1807 iam
1204 1736 1422 1826 provinciam
1454 1733 1660 1822 suscipiunt.
1723 1729 1827 1803 Hanc
1857 1759 1922 1826 pro
1947 1734 2198 1825 pulcherrimis

159 1839 288 1909 fractas
311 1841 438 1926 fuisse,
464 1854 500 1911 et
521 1842 681 1912 animum
705 1843 787 1912 satis
805 1844 1077 1934 obsequentem,
1103 1842 1155 1909 fa·
1183 1836 1340 1912 ,meritis
1368 1833 1542 1903 Frideriei
1570 1857 1691 1903 inanes
1721 1835 1869 1923 gratiam
1904 1839 2059 1909 debitam
2092 1867 2198 1934 repo-

161 1940 335 2033 eilemque
358 1946 402 2011 ad
428 1937 527 2011 hunc
549 1957 743 2012 extremum
769 1957 884 2012 actum
906 1941 1049 2010 fabulae
1072 1962 1155 2009 suae
1205 1949 1323 2014 scunt,
1357 1958 1462 2026 quam
1486 1933 1554 2001 nisi
1580 1935 1675 2023 large
1692 1937 1966 2026 praestiteritis,
1999 1944 2196 2034 suscipietis
2246 2014 2255 2039 Ι

159 2044 356 2111 accessisse.
407 2041 561 2130 Magnus
575 2043 720 2134 quidam
735 2038 1156 2112 virinterGraec'osscri-
1205 2061 1279 2105 non
1304 2034 1497 2126 simplicem
1523 2035 1677 2125 culpam.
1734 2034 1817 2106 Non
1840 2040 1935 2108 enim
1962 2042 2091 2132 ingrati
2118 2062 2197 2117 tan-
2302 2062 2317 2099 ··

158 2143 255 2235 psit,
281 2138 550 2234 Philosophiam
573 2143 699 2212 mortis
723 2143 1053 2212 commentationem
1071 2166 1155 2225 esse,
1205 2153 1280 2210 tum
1311 2138 1479 2206 adversus
1513 2138 1797 2208 benemerentem
1833 2137 2054 2213 Fridericum
2089 2150 2199 2234 eritis,

159 2256 334 2337 putatque
365 2243 402 2310 in
433 2268 473 2312 eo
502 2268 674 2312 summam
697 2267 770 2328 esse
794 2243 1021 2335 sapientiam,
1056 2246 1087 2313 si
1110 2244 1153 2313 ad
1203 2241 1265 2308 sed
1280 2239 1381 2328 impii
1397 2240 1500 2308 etiam
1517 2239 1553 2305 in
1572 2237 1685 2308 Deum
1701 2252 1736 2310 et
1756 2254 1915 2312 autorem
1933 2246 2197 2331 beneficiorum,

161 2358 313 2413 mortem
339 2345 540 2414 obeundam
566 2347 657 2415 bene
679 2359 901 2437 comparatus
923 2347 1154 2416 assuefactus·
1205 2365 1295 2433 quae
1332 2341 1429 2408 illius
1458 2340 1606 2427 imperio
1636 2341 1816 2430 accepistis
1843 2356 1878 2413 et
1909 2349 2085 2438 auspicem
2110 2354 2197 2422 novi

163 2446 367 2538 queluerit.
419 2445 488 2516 Sed
507 2470 587 2517 eum
604 2459 687 2540 puta
704 2459 798 2516 recte
815 2448 1066 2528 assuefactum,
1093 2447 1154 2540 qui
1206 2442 1360 2532 imperii.
1411 2439 1484 2511 Nec
1500 2441 1567 2509 erit
1581 2441 1727 2531 impune
1743 2442 1997 2532 ingratitudine
2012 2448 2126 2520 Deum
2142 2455 2199 2521 ol-

163 2548 209 2617 ad
224 2542 359 2617 Christi
379 2548 600 2638 exemplum,
624 2544 809 2637 Evangelii
832 2573 934 2619 causa
961 2549 1073 2619 uttrlta
1098 2562 1154 2618 tu·
1204 2545 1360 2615 tendere.
1420 2540 1550 2611 Precor
1571 2555 1688 2612 autem
1713 2541 1848 2630 Deum,
1875 2560 1914 2616 ut
1930 2544 2104 2621 Friderici
2120 2555 2199 2621 ani-

162 2646 257 2721 lerit.
315 2645 385 2717 Hic
407 2640 490 2719 vero
514 2664 634 2721 noster
656 2662 765 2741 quam
788 2652 884 2719 varie
910 2667 1093 2744 quassatus
1116 2675 1155 2716 ac
1205 2670 1298 2714 mam
1313 2668 1377 2736 pro
1392 2667 1453 2712 sua
1471 2645 1711 2714 misericordia
1722 2660 1837 2716 servet
1852 2672 1891 2716 ac
1909 2660 2066 2736 tueatur,
2093 2655 2197 2724 deio-

162 2762 307 2819 vexatus
336 2764 387 2820 est
414 2774 528 2821 annos
557 2752 628 2821 iam
657 2752 793 2843 aliquot
822 2752 1003 2842 religionis
1028 2752 1156 2821 causa?
1205 2750 1269 2831 de,
1300 2759 1341 2815 nt
1366 2769 1498 2815 novum
1517 2740 1788 2836 hocimperium
1813 2749 1931 2818 fratris
1954 2753 2129 2843 fortunet,
2163 2773 2196 2827 et

165 2847 266 2939 Quae
294 2852 421 2921 mortis
452 2864 486 2921 et
516 2853 614 2920 exitii
640 2850 852 2918 simulachra
876 2855 1010 2921 interea
1034 2853 1154 2921 animo
1206 2844 1263 2917 bis
1285 2846 1423 2916 miseris
1447 2846 1667 2935 temporibus
1690 2845 1752 2917 has
1774 2851 1934 2938 regiones
1959 2869 2135 2945 protegat,
2162 2873 2197 2928 et

163 2953 345 3020 obversata
374 2951 484 3020 sunt?
517 2965 558 3017 ut
578 2972 715 3038 sperem
738 2950 875 3016 venisse
897 2952 939 3017 ad
967 2963 1156 3021 extremam
1206 2951 1309 3018 vobis
1329 2961 1482 3016 mentem
1509 2951 1586 3026 det,
1602 2948 1773 3036 publicae
1789 2954 2056 3046 tranquillitatis
2075 2982 2198 3027 aman-

162 3045 256 3121 hanc
281 3064 450 3142 pugnanv‘
463 3047 734 3139 paratissimum.
795 3048 902 3136 Quod
927 3054 1156 3135 comitant,
1206 3063 1297 3134 tem,
1328 3062 1368 3117 ut
1388 3047 1574 3136 Principes
1596 3062 1748 3133 vestros,
1781 3055 2077 3142 quemadmodum
2103 3061 2197 3129 divi-

162 3166 197 3222 et
221 3176 304 3221 cum
327 3150 388 3217 ille
404 3153 588 3219 commode
605 3144 696 3217 hanc
710 3148 949 3233 calamitosam
967 3151 1076 3222 vitam
1094 3154 1157 3222 de·
1206 3153 1302 3219 nitus
1328 3163 1566 3239 praeceptum,
1595 3172 1731 3219 summa
1755 3150 1822 3219 fide
1845 3154 2084 3252 religioneque
2103 3162 2198 3232 cola-

160 3250 343 3345 posuerit,
368 3249 586 3338 gratulemur
601 3250 632 3319 ei
649 3249 766 3339 potius
780 3251 889 3322 talem
903 3252 997 3321 vitae
1009 3256 1155 3333 exitum,
1207 3253 1263 3325 tis.
1313 3249 1410 3320 Dixi.

162 3354 205 3421 in
222 3364 380 3444 quotam
394 3349 506 3420 multa
521 3351 620 3440 signa
637 3364 773 3436 extant,
798 3367 838 3424 ut
853 3352 1154 3425 immortalitatem

163 3456 334 3543 adeptus,
369 3475 443 3519 non
471 3446 629 3522 a'misisse
658 3455 789 3540 vitam,
821 3457 950 3526 merito
973 3458 1069 3526 credi
1093 3460 1155 3525 de-

164 3556 257 3626 beat.
309 3549 358 3623 Et
374 3577 456 3623 cum
472 3552 547 3643 ipse
562 3578 674 3646 aequo
691 3556 811 3626 animo
827 3557 1022 3627 discesserit
1038 3583 1056 3626 e
1072 3560 1155 3643 vita,

163 3658 317 3726 ieramus
339 3654 406 3745 ipsi
426 3654 531 3725 etiam
554 3657 728 3746 patienter
748 3657 965 3728 voluntatem
990 3659 1076 3742 Dei,
1102 3672 1154 3728 at·
1205 3659 1272 3735 No.
1290 3663 1349 3737 10.
2025 3701 2073 3745 en.
2092 3684 2185 3747 1525,

164 3782 231 3850 que
248 3770 412 3847 optemus
427 3757 562 3846 potius,
587 3770 626 3826 ut
640 3758 748 3827 simili
766 3759 891 3830 mortis
905 3784 1050 3849 genere,
1074 3785 1153 3830 cum
1207 3760 1334 3784 Μ’
2018 3770 2190 3800 *¹⁶⁴⁹

163 3853 248 3929 hinc
271 3858 515 3941 evocabimur,
541 3859 786 3946 defungimur.
836 3860 1012 3932 Foelicem
1035 3864 1155 3932 existi·
1376 3865 1452 3948 De
1484 3866 1709 3975 gradibus
1744 3867 2026 3959 discentium·

163 3982 301 4031 eremus
331 3956 556 4029 Fridericum
585 3960 712 4043 fuisse,
755 3962 794 4028 in
825 3961 924 4030 cuius
957 3964 1027 4030 vita
1058 3977 1154 4032 tanta

165 4062 275 4131 luerit
296 4061 529 4153 aequabilitas
550 4061 733 4145 fortunae,
766 4062 897 4154 quique
922 4063 1021 4131 illam
1044 4064 1155 4131 arriani
1275 4020 1386 4144 1),qu
1405 4021 1881 4158 ppplucpquiqtqqedfipcqnqqparp
1898 4025 2108 4170 lidpilabefuss
2119 4043 2197 4165 §fad

167 4161 224 4231 sui
243 4161 423 4233 lenitatem
444 4162 796 4255 moderationemque
818 4165 862 4231 ad
885 4177 1079 4233 extremum
1095 4186 1151 4231 us·
1306 4155 1339 4213 T·
1354 4157 1377 4214 ¹·
1396 4175 1422 4227 Ρ·
1437 4158 1513 4220 417··
1536 4158 1665 4214 Richard.
1684 4159 1718 4217 T·
1736 4160 1759 4215 ¹·
1778 4180 1805 4233 Ρ·
1821 4161 1882 4220 ¹⁸⁰·
2190 4150 2197 4165 ⁰

194 4287 237 4332 ue
266 4286 280 4330 s
307 4263 429 4334 iritum
459 4263 657 4333 retinuerit.
717 4263 845 4333 Pacem
875 4266 1006 4333 dedere
1031 4288 1077 4332 -su
1124 4265 1153 4332 ri
1442 4323 1450 4339 .
1573 4324 1581 4340 .
1691 4324 1699 4339 .
1885 4327 1893 4344 ,
2004 4333 2012 4350 ,

165 4288 231 4457 ger
254 4289 396 4436 othnem
418 4365 549 4449 vitam,
574 4389 674 4435 mens
696 4366 843 4454 contigit
865 4390 954 4457 qnae
978 4380 1009 4435 et
1034 4290 1155 4455 inpge-
1256 4317 1316 4389 De
1338 4316 1517 4415 Ψαώόω
1541 4317 1766 4392 mmmm
1791 4332 1914 4397 mm
1939 4325 2036 4401 Pha·
2060 4333 2148 4433 Mel·

166 4469 278 4536 renda
292 4464 427 4559 Repub.
443 4469 526 4560 quia
540 4480 613 4537 tuta
630 4490 769 4557 semper
784 4468 930 4537 consilia
943 4468 1038 4538 bello
1057 4492 1155 4559 prae-
1206 4455 1331 4540 Notus
1353 4478 1406 4537 est-
1426 4464 1537 4537 Ennii
1560 4470 1754 4540 versiculus
1777 4474 1821 4542 de
1846 4478 2021 4548 veteribus
2039 4486 2199 4556 moribus

164 4569 322 4652 serebat,
353 4592 529 4662 nusquam
553 4593 572 4637 a
599 4570 740 4639 fortuna
764 4570 930 4639 destituta
956 4583 1027 4654 est,
1061 4570 1156 4638 etin
1208 4571 1475 4641 conservandis:

165 4670 317 4763 privatis
348 4671 452 4738 rebus
482 4671 600 4763 siquid
631 4671 768 4739 adversi
797 4671 885 4754 fuit,
918 4683 958 4740 ut
982 4685 1066 4741 suut
1089 4666 1158 4740 hu-
1309 4677 1446 4741 Moribus
1459 4681 1591 4761 antiquis
1605 4700 1651 4739 res
1666 4692 1723 4742 stat
1736 4677 1875 4745 Romane
1893 4689 2034 4771 virisque.

165 4796 291 4857 mana,
334 4773 577 4842 moderatione
614 4771 726 4841 animi
761 4773 1027 4865 constantiaque
1065 4774 1158 4843 vicit.
1210 4775 1308 4845 ldem
1325 4774 1479 4866 prolecto
1493 4775 1589 4845 iure
1607 4774 1762 4846 literaria
1785 4781 1995 4869 praestiterit
2011 4789 2144 4854 servari
2161 4784 2221 4857 in'

165 4871 235 4945 Hie
248 4874 303 4943 illi
317 4875 409 4945 vitae
426 4898 548 4944 cursus
562 4875 630 4944 fuit
644 4897 806 4958 securus,
827 4887 861 4943 et
873 4874 998 4959 foelix,
1019 4874 1157 4968 qualem
1209 4877 1379 4949 faciendis
1397 4876 1565 4964 gradibus
1588 4876 1818 4964 discentium,
1845 4882 1908 4973 qui
1931 4908 2003 4953 non
2030 4889 2199 4959 mediocri

167 4990 290 5068 optare
314 4976 383 5047 sibi
407 4975 469 5045 alii
492 4975 675 5068 Principes
694 4975 820 5044 merito
842 4977 1003 5049 debeant.
1064 4973 1160 5066 Aga·
1212 4980 1401 5071 prudentia
1416 5002 1436 5045 a
1450 4977 1646 5048 maioribus
1666 4979 1839 5066 instituti,
1862 5006 1958 5054 nunc
1974 5012 2093 5058 errore
2111 5016 2201 5084 quo-

167 5101 247 5147 mus
272 5079 390 5170 itaque
413 5078 540 5167 gratias
554 5076 648 5163 Deo,
672 5077 735 5169 qui
756 5077 809 5144 illi
833 5091 936 5146 autor
953 5090 1069 5147 tantae
1085 5080 1160 5146 foe-
1211 5084 1291 5151 dam
1313 5075 1519 5164 hominum,
1552 5079 1615 5172 qui
1638 5079 1806 5152 videntur
1831 5088 2048 5178 conspirasse
2073 5095 2116 5160 ad
2137 5095 2200 5161 ab·

167 5179 312 5249 licitatis
334 5181 421 5264 fuit,
453 5179 585 5271 quique
609 5179 813 5269 regionibus
829 5179 960 5247 nostris
976 5192 1047 5249 tam
1065 5182 1159 5250 salu·
1211 5183 1359 5252 olendos
1383 5182 1491 5250 semel
1514 5204 1637 5252 omnes
1668 5197 1801 5253 veteres
1823 5210 1957 5275 mores,
1995 5193 2201 5262 delendam·
2233 5197 2237 5207 '

168 5294 293 5367 tarem,
318 5297 462 5373 tamque
477 5281 637 5349 soelicem
653 5281 853 5372 Principem
869 5281 1031 5350 donavit.
1078 5280 1160 5351 Non
1212 5308 1280 5378 que
1312 5285 1514 5354 universam
1550 5282 1690 5354 civilem
1725 5286 1970 5380 disciplinam,
2012 5297 2201 5385 antiquan-

168 5383 281 5453 debeo
295 5379 498 5476 prohibere,
520 5407 565 5452 ne
579 5381 749 5475 iacturam
764 5382 943 5474 publicam
954 5378 1159 5454 hoeamisso
1213 5401 1283 5462 tur.
1334 5385 1458 5480 Neque
1473 5407 1536 5476 ego
1555 5409 1650 5458 ncrnc
1666 5404 1866 5481 suggestum
1883 5395 2070 5463 conscendi
2089 5393 2203 5484 digla-

217 5489 399 5556 Mrrarru.
426 5488 530 5557 Oeen.
558 5476 642 5559 Vos.
670 5488 735 5555 xl.
1527 5485 1589 5584 ,7
1704 5540 1711 5553 .
