4732 6030
206 136 209 142 i
242 206 315 284 ast
914 164 1102 275 'ouon
1145 200 1216 275 nu
1249 195 1575 277 ausnosro.
2160 293 2163 298 ,
2209 205 2291 286 592

248 389 471 454 revocarunt.
505 373 634 449 Voluit
650 373 744 442 enim
755 369 851 442 Deus
868 374 1071 444 conservari
1089 373 1242 468 politias‚
1293 375 1336 442 de
1355 368 1430 441 Deo
1455 373 1604 459 sentire,
1630 395 1710 441 vere
1726 369 1841 443 Deum
1868 374 2054 463 invocare,
2081 403 2163 450 vere
2182 408 2291 456 exau-

251 499 292 558 ug
312 504 434 554 rursus
454 477 571 570 generi
593 470 751 546 humano
772 475 977 545 accenderet
993 471 1241 566 Evangelium.
1293 473 1382 554 diri,
1406 487 1440 543 et
1457 469 1657 544 babituram
1676 475 1850 564 praemia,
1876 491 2019 547 econtra
2039 505 2124 551 vero
2148 486 2291 576 opinio-

253 587 324 660 δρᾶ
339 599 374 654 ,31
386 580 507 652 Minos
527 590 562 647 et
575 575 691 646 Numa
712 577 825 646 multo
847 589 930 646 sunt
946 575 1159 648 recentiores
1173 603 1240 646 no·
1292 597 1353 644 nes
1369 598 1491 644 omnes
1508 599 1569 645 seu
1585 574 1787 671 Aegyptias,
1813 600 1873 646 seu
1891 575 2057 666 Graecas,
2074 606 2139 675 seu
2153 584 2292 659 Roma-

253 687 344 759 mi„
395 681 517 752 Minos
538 677 644 769 paulo
668 691 750 747 ante
771 677 905 746 bellum
929 675 1128 749 Troianum
1145 679 1243 762 vixit,
1292 699 1366 759 nas,
1392 699 1453 745 seu
1469 700 1695 770 quascunque
1712 691 1908 766 pugnantes
1924 705 2003 750 cum
2021 685 2182 758 doctrina
2200 688 2291 761 Pro-

252 788 315 885 φῖ
332 783 475 878 quidem
493 779 649 872 rapuisse
664 777 908 871 Ganymedem
924 777 1030 848 Trois
1053 779 1166 850 filium
1183 780 1239 849 di·
1293 773 1477 869 phetarum
1510 792 1543 847 et
1571 777 1824 869 Apostolorum
1849 793 2054 854 nostrorum
2074 772 2291 864 recentiores

205 891 209 895 ’
251 889 357 959 citur.
407 879 544 953 Numae
558 893 652 951 aetas
667 879 780 949 multo
796 891 848 950 est
866 880 1052 955 recentior.
1293 892 1326 948 et
1347 878 1524 946 fabulosas
1547 902 1645 962 esse,
1671 892 1705 947 et
1730 881 1897 951 adversus
1918 880 2035 954 Deum
2051 895 2287 965 contumelio-

355 983 440 1055 Fuit
453 1005 534 1073 ergo
550 996 698 1075 uterque
713 981 839 1051 seculis
853 983 988 1075 aliquot
1003 995 1081 1074 post
1089 977 1243 1064 Moiaen,
1292 1001 1348 1049 sas
1361 992 1396 1049 et
1412 979 1578 1048 exitiales.
1905 987 1908 991 ’

242 1104 334 1159 ‘eum
363 1085 433 1154 iam
465 1095 680 1174 grassaretur
710 1082 804 1152 inter
832 1096 951 1171 gentes
983 1075 1243 1175 εἶδωλομανία.
1394 1077 1461 1147 llis
1476 1079 1666 1150 luculentis
1686 1093 1719 1150 et
1736 1081 1846 1149 firmis
1862 1089 2078 1174 argumentis
2093 1117 2171 1162 cum
2187 1098 2288 1166 refu-

251 1186 302 1260 Et
319 1182 404 1256 baec
417 1185 597 1255 erroribus
612 1177 799 1254 hominum
815 1197 849 1253 et
863 1185 1077 1253 daemonum
1097 1182 1243 1273 praesti·
1294 1193 1386 1250 tatus
1403 1194 1492 1249 esset
1505 1177 1739 1274 Symmachus
1755 1184 1800 1251 ab
1819 1182 2025 1274 Ambrosio,
2051 1193 2189 1282 piorum
2205 1199 2287 1266 ani-

253 1280 320 1382 giis
343 1300 512 1357 creverat.
564 1285 783 1356 Ferebantur
804 1299 838 1354 et
865 1306 1043 1354 sermones
1067 1285 1104 1352 in
1126 1279 1244 1367 Creta,
1295 1281 1345 1350 mi
1363 1282 1490 1373 passim
1505 1281 1827 1369 confirmabantur,
1853 1286 2109 1378 frangebantur
2124 1298 2287 1368 adversa-

245 1382 319 1461 41ὼί
343 1387 464 1459 Minos
487 1384 668 1476 regnavit,
701 1387 745 1455 de
766 1381 861 1454 lovis
885 1380 1084 1476 sepulchro.
1142 1378 1244 1472 Quos
1294 1383 1356 1469 rii,
1383 1383 1551 1452 nonnulli
1571 1384 1676 1452 etiam
1692 1385 1838 1455 veritate
1853 1389 1947 1474 victi,
1972 1395 2137 1485 amplecti
2151 1393 2286 1471 Christi

253 1492 321 1562 etsi
337 1491 491 1560 refutant
506 1485 737 1580 Epimenides
754 1499 789 1556 et
803 1482 1051 1572 Callimachus,
1078 1485 1141 1579 qui
1154 1485 1218 1555 ait:
1296 1484 1493 1553 doctrinam
1509 1499 1689 1574 ceperunt·
1740 1484 1901 1557 Recitavi
1916 1505 2032 1562 autem
2049 1489 2212 1570 hocloco
2229 1525 2286 1571 ca-

298 1605 421 1684 Κρῆτες
441 1600 488 1667 ἀεὶ
509 1599 644 1684 vnvm,
665 1599 717 1665 my
737 1597 796 1685 ,gg
818 1595 920 1683 weg„
941 1590 967 1664 J,
986 1598 1046 1664 g„
1067 1608 1130 1664 σεῖο
1295 1585 1368 1676 pita
1384 1597 1691 1674 argumentorum,
1718 1601 1752 1657 et
1767 1588 1851 1680 quia
1872 1613 1991 1662 rerum
2012 1594 2170 1687 ipsarum
2191 1602 2287 1693 cogi-

300 1691 422 1773 Κρῆτες
443 1683 655 1769 arentiam,
676 1682 715 1750 ml
736 1683 771 1748 δὲ
791 1680 830 1749 oo’
851 1681 957 1763 θάνες,
979 1685 1043 1749 ἐστι
1065 1683 1126 1768 γὰρ
1147 1679 1204 1746 aa.
1296 1686 1382 1755 tatio
1407 1686 1571 1775 pietatem
1594 1687 1633 1755 in
1655 1687 1759 1757 uobis
1783 1691 1984 1779 confirmat,
2013 1711 2046 1766 et
2071 1702 2153 1792 quis
2181 1698 2287 1774 scho-

256 1811 376 1869 tamen
399 1795 502 1886 plena
528 1783 617 1870 tunc*-
635 1789 755 1860 omnia
781 1791 926 1861 suerunt
953 1790 1144 1860 idolorum.
1202 1785 1245 1855 ln
1296 1787 1427 1856 lasticis
1460 1781 1545 1855 haec
1575 1789 1732 1880 exempla
1763 1813 1969 1879 cognoscere
1998 1803 2157 1888 prodest,
2192 1828 2285 1895 quae

259 1894 361 1967 ltalia
375 1902 477 1966 'vero
508 1891 639 1963 Tuscia
672 1891 776 1980 longe
799 1891 962 1961 vincebat
997 1890 1245 1983 superstitione
1296 1889 1488 1958 ostendunt
1504 1890 1759 1959 controversias
1774 1892 1983 1982 religionum
2000 1899 2075 1969 sine
2091 1904 2285 1994 multiplici

258 2011 407 2069 caeteras
429 1995 605 2065 nationes:
632 2005 668 2062 et
683 2017 703 2061 a
717 1987 845 2063 Tuscis
858 1988 975 2063 Numa
990 2005 1171 2064 mutuatus
1195 2002 1247 2060 est
1297 1988 1497 2059 eruditione
1514 1988 1678 2080 explicari
1695 2014 1768 2061 non
1786 2017 1898 2084 posse.

215 2127 217 2130 ⁴
258 2098 417 2188 auguria,
441 2110 474 2167 et
489 2096 580 2165 ritus
594 2093 681 2163 alios
698 2092 849 2173 multos,
873 2093 935 2184 qui
951 2093 1016 2162 etsi
1034 2106 1133 2163 erant
1149 2115 1246 2163 com·
1396 2088 1466 2160 Sed
1482 2092 1586 2159 redeo
1601 2093 1645 2162 ad
1659 2090 1923 2186 Symmachum,
1949 2099 2012 2190 qui
2028 2125 2108 2171 cum
2123 2105 2215 2175 veris
2228 2130 2285 2175 ar-

258 2197 437 2281 menticii,
474 2208 593 2268 tamen
616 2208 650 2265 et
671 2193 742 2284 ipsi
763 2193 981 2286 temporibus
1005 2194 1130 2264 mutati
1152 2206 1246 2267 sunt.
1294 2191 1472 2279 >gementis
1491 2192 1624 2283 premi,
1649 2205 1685 2262 et
1699 2193 1794 2266 vinci
1810 2220 1847 2267 se
1868 2201 2038 2286 sentiret,
2062 2215 2102 2273 ut
2124 2228 2225 2298 saepe
2248 2208 2286 2277 lit

258 2298 361 2389 Qu„
386 2297 481 2367 enim
509 2295 771 2387 peregrinarum
794 2292 952 2384 gentium
980 2294 1149 2365 colluvies
1169 2291 1246 2365 Ro·
1296 2293 1459 2377 inimo,
1491 2293 1652 2383 confugit
1673 2296 1717 2363 ad
1748 2300 1945 2387 tragoedias
1976 2306 2165 2395 quasdam,
2196 2331 2285 2400 quae

257 2425 351 2471 mam
369 2398 553 2488 occupavit
568 2409 647 2489 post
666 2395 759 2465 bella
776 2394 913 2481 civilia,
933 2408 1013 2487 post
1034 2397 1246 2486 'gladiatores
1296 2394 1484 2464 incurrunt
1501 2393 1538 2462 in
1555 2396 1687 2483 oculos,
1708 2410 1741 2466 et
1757 2421 1830 2470 non
1845 2400 1970 2472 leviter
1985 2408 2190 2496 perturbant
2204 2409 2286 2476 ani-

258 2502 361 2588 illos,
381 2499 539 2594 'quiante
555 2497 827 2589 Constantinum
841 2511 1045 2584 regnarunt.
1088 2496 1159 2570 Sed
1174 2496 1246 2569 sint
1294 2519 1373 2565 mos
1391 2507 1537 2587 propter
1553 2497 1627 2565 veri
1643 2498 1817 2588 speciem,
1841 2507 1979 2575 tametsi
2000 2530 2073 2575 non
2090 2503 2283 2579 cohaeren-

247 2601 394 2674 'Numae
414 2598 574 2673 instituta
595 2597 714 2670 civilia
729 2597 942 2686 mediocria,
967 2599 1144 2672 cuietiam
1165 2623 1245 2690 gra-
1296 2597 1343 2666 tia
1363 2611 1608 2668 conteruntur.
1649 2598 1820 2673 Vicerunt
1838 2599 2009 2676 Chaldaei
2027 2606 2185 2691 ludaeos,
2200 2607 2285 2680 Da-

257 2705 343 2776 tiam
358 2698 492 2787 habeo,
515 2700 613 2795 quod
631 2702 762 2776 nostris
781 2703 921 2774 civibus
944 2726 1078 2776 anunm
1100 2702 1139 2770 in
1156 2700 1246 2771 duo·
1295 2696 1425 2767 nielem
1441 2710 1475 2768 et
1490 2697 1623 2769 similes
1644 2700 1682 2769 in
1703 2703 1906 2775 servitutem
1919 2707 2159 2790 abduxerunt,
2186 2711 2285 2779 delc-

256 2805 372 2895 decim
403 2824 542 2874 menses
562 2825 636 2872 non
661 2802 780 2896 inepte
803 2804 1007 2884 distribuit,
1038 2817 1074 2875 et
1094 2799 1245 2895 Epactas
1295 2811 1425 2871 verunt
1457 2800 1626 2899 templum
1660 2825 1700 2874 ac
1728 2799 1795 2874 Dei
1821 2807 1953 2878 sedem:
1988 2825 2106 2900 postea
2136 2812 2285 2882 servivit

255 2905 429 2996 congessit
445 2905 483 2975 in
498 2925 653 2974 mensem
668 2906 923 2978 intercalarem.
965 2903 1041 2976 Etsi
1059 2903 1170 2976 lulius
1187 2903 1244 2972 in·
1295 2898 1470 2973 Romanis
1487 2897 1627 2977 Iudaea.
1679 2900 1754 2975 Aut
1777 2906 1885 2996 igitur
1906 2908 2000 2980 Deus
2024 2935 2104 2982 suos
2123 2912 2284 3003 negligit,

255 3008 368 3079 stituit
384 3018 504 3098 postea
519 3004 692 3077 rationem
707 3007 903 3092 meliorem,
928 3021 1045 3078 tamen
1060 3005 1245 3095 diligentia
1295 3016 1356 3073 aut
1369 2997 1563 3073 Chaldaeos
1579 3017 1613 3073 et
1626 3002 1808 3078 Romanas
1824 3010 2011 3101 religiones
2023 3016 2131 3102 magis
2144 3015 2284 3104 probat.

254 3107 391 3179 Numae
414 3106 487 3177 illis
511 3107 661 3179 rudibus
689 3107 815 3180 seculis
843 3108 987 3203 profuit.
1045 3104 1100 3178 De
1118 3105 1244 3177 Minoii
1296 3102 1369 3174 Tot
1388 3101 1458 3172 iam
1489 3104 1615 3173 seculis
1639 3129 1658 3175 a
1682 3105 1856 3182 Romanis
1886 3113 2157 3206 imperatoribus
2176 3110 2285 3185 Chri-

163 3209 172 3217 “
256 3232 339 3277 vero
363 3205 450 3301 quid
472 3205 589 3277 dices?
640 3206 739 3296 Quid
762 3210 912 3305 nequius
935 3202 1004 3279 hoc
1020 3206 1115 3278 lovis
1137 3207 1245 3278 disci·
1296 3205 1402 3276 stiani
1431 3205 1597 3277 trucidati
1623 3222 1726 3298 suut,
1759 3234 1826 3304 qua
1855 3213 1884 3279 si
1917 3218 2133 3288 connivente
2162 3240 2283 3289 eorum

256 3308 342 3402 pulo
358 3305 445 3386 luit,
470 3305 499 3373 si
513 3305 652 3396 legibus
668 3308 741 3376 suis
755 3323 815 3378 aut
831 3308 1067 3392 confirmavit,
1093 3324 1244 3378 autnon
1296 3307 1384 3374 derce
1398 3301 1560 3390 Christo,
1587 3308 1644 3378 cui
1666 3334 1702 3377 se
1723 3311 1845 3378 dicunt
1866 3334 1942 3379 esse
1964 3341 2083 3390 curan
2135 3316 2285 3387 Movent

255 3407 400 3482 sustulit
412 3406 579 3478 sodalicia
594 3405 793 3494 Cretensis,
815 3409 957 3502 quaein
974 3403 1132 3477 historiis
1147 3433 1245 3477 com.
1296 3401 1635 3504 animoslromiuum
1656 3403 1739 3478 haec
1760 3410 2061 3487 terriculamenta:
2086 3443 2167 3487 nam
2190 3419 2285 3488 mul·

254 3508 523 3582 memorantur?
567 3503 698 3580 Desine
722 3507 831 3601 igitur
852 3504 1065 3606 Symmache
1086 3510 1246 3579 conferre
1295 3519 1351 3575 tae
1374 3530 1496 3575 causae
1517 3533 1557 3578 ex
1580 3509 1762 3582 eventibus
1786 3511 2004 3594 iudicantur,
2034 3532 2074 3587 ut
2091 3518 2161 3588 dici
2177 3519 2284 3587 solet:

254 3610 420 3684 Minoia'm
435 3612 497 3699 aut
509 3606 663 3680 Numam
676 3634 757 3681 cum
769 3614 901 3683 uostris
912 3611 1119 3683 doctoribus
1132 3609 1244 3681 multo
1295 3603 1421 3678 Exitus
1436 3622 1509 3679 acta
1527 3612 1664 3700 probat.
1711 3608 1760 3682 Et
1772 3612 1924 3684 institiae
1936 3613 2003 3685 Dei
2018 3640 2212 3707 congruere
2228 3619 2284 3685 vi·

255 3713 442 3784 inferiores
455 3724 577 3796 aetate,
594 3725 629 3784 et
642 3711 830 3786 fascinatos
838 3711 1080 3784 deliramentis
1093 3714 1137 3781 de
1151 3711 1245 3780 mul·
1296 3711 1418 3793 detur,
1445 3733 1489 3779 ΠΕ
1513 3711 1604 3781 desii
1623 3711 1713 3794 ⁵1¹5&
1740 3713 1893 3808 denique
1908 3718 2017 3790 mulla
2035 3719 2072 3787 5¹¹
2091 3715 2182 3789 ΜΟ
2198 3740 2282 3786 ⁸⁶¹¹·

252 3812 408 3888 titudine
427 3816 589 3888 deorum,
639 3811 822 3885 Praeterea
839 3839 927 3910 quas
949 3814 1093 3885 illorum
1113 3813 1246 3896 literas,
1295 3811 1442 3880 tentiam
1458 3811 1692 3900 plausibiliter
1706 3814 1777 3884 dici
1794 3830 1950 3907 possunt.

251 3941 359 4011 quarn
377 3915 575 3987 doctrinam
598 3916 759 4007 profers?
808 3911 943 3988 Extant
958 3914 1123 3985 versiculi
1141 3912 1245 4004 pauci
1398 3909 1465 3980 Hic
1483 3908 1692 3983 Ambrosius
1713 3917 1953 4004 gravissimam
1969 3920 2144 4014 querelam
2160 3922 2205 3993 de
2223 3948 2277 3993 ca·

182 4055 183 4058 ,
236 4011 531 4102 Rhadamanthi,
555 4040 659 4111 quern
669 4013 770 4088 Plato
784 4018 975 4090 arbitratur
988 4030 1069 4087 ante
1080 4015 1243 4087 Minoe‘m
1295 4012 1513 4082 lamitatibus
1530 4010 1707 4086 Ecclesiae
1727 4018 1891 4091 instituit.
1941 4020 2056 4092 Multa
2075 4022 2193 4115 inquit
2211 4026 2285 4093 vim

248 4122 463 4209 gubernasse
487 4114 639 4188 Cretam.
692 4117 762 4186 Sed
785 4131 821 4186 et
840 4113 947 4187 huius
963 4118 1146 4195 versiculi,
1176 4116 1243 4186 etsi
1295 4113 1460 4183 adierunt
1482 4115 1655 4188 oculisac
1677 4121 1856 4191 mentibus
1876 4116 2081 4205 hominum,
2113 4147 2158 4194 ue
2182 4127 2285 4195 iacile

236 4224 334 4288 ”sunt
355 4213 517 4308 bonesti,
549 4229 669 4286 tamen
690 4217 735 4287 de
759 4216 923 4287 civilibus
949 4219 1073 4307 poenis
1103 4231 1242 4287 tantum
1295 4215 1436 4303 agnosci
1459 4216 1569 4306 possit
1592 4230 1709 4286 coetus
1723 4218 1799 4289 Deo
1815 4222 1964 4294 dicatus.
2018 4222 2145 4314 Ingens
2162 4228 2285 4297 multi·

249 4319 465 4414 loquuntur,
489 4312 584 4386 nihil
598 4319 728 4387 docent
742 4319 788 4386 de
804 4318 855 4386 ira
870 4315 936 4386 Dei
953 4317 1135 4407 placanda.
1295 4316 1380 4384 tudo
1397 4329 1447 4384 est
1464 4315 1585 4405 ignara
1599 4315 1803 4409 Evangelii,
1830 4346 1936 4416 quarn
1957 4337 2076 4396 tamen
2102 4329 2146 4396 ad
2171 4343 2285 4398 aeter-

351 4418 442 4491 Cum
457 4418 565 4506 igitur
580 4433 615 4488 et
630 4417 745 4509 prima
766 4416 812 4486 sit
827 4415 1005 4488 Ecclesiae
1022 4432 1162 4489 nostrae
1176 4419 1242 4487 do·
1294 4440 1381 4485 num
1396 4417 1541 4487 exitium
1558 4421 1671 4503 nasci,
1691 4419 1832 4494 videtur
1846 4425 2052 4511 absurdum,
2077 4431 2284 4519 praesertim

249 4520 383 4599 ctrina,
410 4532 444 4588 et
460 4517 594 4587 divinis
610 4516 823 4587 testimoniis
836 4517 1019 4609 plurimis,
1045 4520 1242 4589 etresusci-
1294 4541 1374 4587 cum
1395 4518 1434 4585 in
1456 4513 1522 4587 hac
1543 4519 1618 4610 ipsa
1641 4534 1738 4611 parte
1760 4525 1899 4612 generis
1920 4520 2068 4598 humani
2085 4530 2157 4599 sint
2171 4532 2286 4622 impe-

204 4690 207 4694 .
246 4622 381 4696 tatione
399 4634 621 4691 mortuorum
637 4617 860 4704 confirmata,
885 4634 919 4689 et
934 4620 977 4687 de
1000 4621 1106 4690 rebus
1121 4642 1242 4689 neces-
1294 4618 1368 4702 ria,
1393 4619 1542 4690 floreant
1564 4620 1705 4709 ingonia
1727 4627 1854 4695 studiis
1868 4627 2010 4700 virtutis
2024 4646 2129 4724 atque
2141 4633 2286 4717 artium,

244 4723 366 4810 gartia,
391 4725 435 4802 de
457 4713 746 4809 immortalitate,
772 4720 884 4794 deira
900 4719 968 4792 Dei
982 4722 1172 4812 placanda,
1197 4721 1241 4790 de
1293 4731 1326 4789 et
1344 4720 1488 4812 quidem
1501 4721 1657 4794 serviant
1673 4727 1853 4796 communi
1870 4729 1971 4800 vitae.
2022 4727 2071 4803 Et
2084 4734 2206 4805 adesse
2221 4757 2286 4825 gu·

243 4825 359 4896 causis
381 4819 619 4913 humanarum
642 4844 910 4906 aerumnarum,
934 4822 1158 4894 demiranda
1183 4821 1241 4891 in·
1292 4821 1541 4891 bernatoribua
1556 4818 1692 4906 Deum,
1719 4840 1894 4900 testantur
1916 4827 2050 4902 heroici
2068 4849 2203 4917 motus,
2232 4837 2287 4905 ri-

100 4996 117 5013 ,
243 4927 461 4998 stauratione
476 4936 622 4994 naturae
636 4934 794 5006 nostrae,
819 4944 929 5013 genus
951 4917 1149 5012 humanum
1170 4926 1240 4994 do·
1292 4922 1422 4996 ctoriae
1436 4923 1677 5014 admirabiles,
1702 4930 1972 5002 constitutiones
1989 4933 2234 5028 imperiorum.

242 5042 336 5101 ceats
361 5026 517 5120 denique
535 5048 615 5094 curn
638 5024 811 5094 mirandis
829 5023 944 5094 modis
961 5040 1166 5105 conservata
1182 5025 1240 5110 sit,
1393 5021 1527 5094 Confer
1540 5027 1661 5097 animo
1678 5025 1848 5101 Senatum
1863 5031 2067 5106 Romanum
2074 5087 2088 5121 ,
2115 5053 2287 5129 regnante

240 5153 396 5226 cumque
429 5126 679 5220 sapientissimi
719 5138 753 5196 et
790 5125 1041 5195 modestissimi
1075 5121 1238 5196 homines
1291 5117 1471 5213 Augusto,
1497 5129 1541 5195 ad
1558 5128 1813 5221 Apostolorum
1829 5148 1983 5206 coetum:
2009 5136 2090 5208 Utri
2105 5142 2216 5231 magis
2232 5142 2288 5210 vi.

238 5256 363 5304 omnes
388 5230 562 5302 cruciatus
589 5228 743 5318 perferre
776 5227 987 5309 maluerint,
1024 5250 1130 5319 quam
1162 5251 1237 5297 eam
1292 5226 1423 5297 dentur
1457 5242 1519 5301 aut
1550 5232 1683 5300 servire
1715 5229 1812 5318 Deo,
1852 5250 1914 5306 aut
1948 5233 2023 5307 Deo
2054 5264 2157 5311 curae
2187 5244 2288 5313 esse?

236 5336 410 5420 abiicere,
446 5355 520 5401 non
542 5330 745 5401 dubitemus
768 5323 962 5399 Ecclesiam
984 5323 1119 5400 Christi
1144 5340 1239 5399 recte
1291 5324 1409 5399 Multa
1430 5330 1529 5419 signa
1553 5331 1927 5425 indicantAogustum
1954 5339 2126 5411 divinitus
2150 5345 2194 5413 ad
2219 5339 2289 5415 hoc
