4732 6030
160 370 237 444 9⁴9
530 363 708 442 huet.
740 364 817 439 DE
848 363 1145 441 Panrtutts
1177 361 1554 443 ETMOT'lBUS
1584 362 1815 442 CORDIS.
2123 377 2198 453 950

159 563 308 635 aquam,
333 562 393 610 seu
417 541 597 608 madorem
622 540 694 608 rori
720 539 871 608 similem
897 561 986 622 esse,
1020 535 1154 629 quasit
1204 530 1380 605 thalamus
1409 537 1515 626 longe
1540 539 1775 627 praestantior
1804 552 1872 623 est,
1901 555 1935 610 et
1958 544 2097 618 officina
2118 549 2193 620 eius

160 664 250 734 opus
273 643 318 711 ad
334 641 453 710 cordis
474 640 715 728 irrigationem
739 643 776 709 in
795 656 866 710 tam
883 641 1024 709 assiduo
1042 652 1153 720 motu,
1204 638 1320 728 operis
1342 641 1436 731 qrtod
1460 640 1687 729 praecipuum
1712 654 1762 709 est
1790 642 1922 727 cordis,
1955 645 2067 734 gignit
2097 652 2193 721 enim

161 757 196 813 et
212 756 310 814 tanto
325 744 454 826 calore,
480 767 549 835 qua
565 766 655 834 aqua
671 739 836 813 exhausta
854 768 915 812 cor
929 740 1152 824 contabescit,
1204 740 1349 829 spiritus
1371 741 1493 810 vitales
1521 766 1560 810 ex
1586 742 1756 830 sanguine
1787 743 2035 831 subtilissimo,
2066 751 2128 841 qui
2151 775 2192 821 ex

159 845 269 936 idque
294 845 369 914 fieri
394 844 431 911 in
451 844 630 912 moesticia
652 845 829 916 scribitur.
883 841 931 914 Ut
948 838 1152 911 Marchioni
1203 845 1326 912 dextro
1346 842 1427 912 sinu
1445 845 1640 914 eocxudat.
1689 839 1755 914 Est
1777 860 1894 915 autem
1913 847 2058 937 spiritus
2074 850 2192 920 vitalis

160 942 334 1016 Casimiro
351 959 493 1015 monuo
510 971 572 1014 cor
586 959 785 1036 exemptum
802 947 902 1015 aiunt
914 944 1029 1012 simile
1046 944 1151 1012 fuisse
1203 944 1417 1012 lucidissima
1434 957 1466 1013 et
1482 945 1619 1012 vivifica
1635 946 1788 1026 flamma,
1811 947 1937 1016 similis
1952 963 2096 1020 naturae
2112 976 2191 1022 coe-

159 1069 248 1141 pyro
268 1060 371 1118 tosto.
418 1045 458 1114 ln
477 1041 541 1116 hac
559 1070 637 1116 area
652 1050 781 1136 pendet
798 1042 857 1116 hic
870 1046 961 1117 vitae
975 1045 1151 1127 dominus,

160 1170 241 1230 cor,
274 1148 425 1217 liberum
444 1171 464 1216 a
480 1149 619 1240 reliquo
637 1173 803 1239 corpore,
838 1149 895 1217 cui
913 1146 1020 1215 vitam
1043 1147 1150 1233 largi-

160 1262 238 1332 tur,
264 1249 333 1317 nisi
357 1251 452 1341 quod
475 1249 508 1320 ei
528 1249 734 1319 adiunctum
756 1263 807 1320 est
826 1274 890 1340 per
906 1271 1031 1327 venas,
1057 1260 1150 1316 arte-

160 1349 250 1418 riam
268 1365 302 1421 et
318 1373 465 1433 nervos,
490 1352 620 1444 quibus
637 1350 1002 1444 tanquam'canalibus
1024 1349 1149 1428 utitur,

159 1451 288 1541 partim
309 1467 350 1522 ut
370 1452 484 1521 aliena
506 1453 673 1521 beneficia
696 1453 861 1543 accipiat,
890 1452 1016 1542 partim
1035 1465 1147 1520 utsua

160 1552 244 1622 inde
267 1553 439 1624 effundat.
490 1554 693 1624 Substantia
717 1568 833 1623 autem
858 1553 975 1621 cordis
991 1566 1043 1622 est
1066 1575 1147 1642 pro·

159 1653 231 1743 prii
245 1655 426 1724 cuiusdam
443 1657 578 1744 generis
595 1681 695 1738 caro,
720 1656 902 1724 dissimilis
917 1655 1014 1723 carni
1037 1657 1075 1722 in
1092 1676 1147 1720 re·

159 1754 260 1846 liquo
282 1779 445 1846 corpore,
476 1757 586 1847 spissa
612 1773 645 1829 et
667 1759 757 1827 bene
777 1772 973 1846 compacta,
1007 1755 1148 1824 intextis

159 1856 258 1926 fibris
278 1880 339 1926 seu
365 1857 475 1925 villis‘
488 1859 681 1929 arctissime
711 1859 900 1936 intricans,
934 1881 1006 1924 uon
1031 1871 1071 1925 ut
1093 1856 1147 1923 di-

160 1973 251 2026 serte
273 1958 444 2048 distingui
467 1959 621 2048 possint,
646 1973 687 2029 ut
709 1960 747 2026 in
769 1960 847 2027 aliis
865 1960 1022 2048 corporis
1040 1956 1148 2046 parti·

159 2060 235 2127 bus.
275 2058 405 2149 Figura
421 2061 537 2128 cordis
549 2061 767 2154 pyramidem
782 2074 961 2151 utcunque
978 2060 1149 2141 imitatur,

160 2161 220 2227 sed
244 2160 321 2228 basi
346 2162 470 2231 latiore
495 2186 534 2230 ar
557 2162 673 2251 gibba.
724 2161 825 2231 Lusit
840 2161 941 2230 Plato
962 2164 1006 2228 de
1028 2161 1148 2248 figura,

158 2260 240 2328 ideo
264 2261 415 2330 similem
440 2285 513 2332 esse
536 2264 732 2356 pyramidi,
760 2264 842 2354 quia
865 2287 948 2330 cum
960 2261 1006 2330 sit
1028 2262 1148 2348 igneae

121 2420 124 2427 ,
160 2376 328 2446 naturae,
352 2363 573 2433 flammarum
588 2366 786 2459 pyramides
801 2366 936 2434 referat.
986 2358 1064 2431 Etsi
1085 2385 1148 2428 au-

160 2475 230 2531 tem
245 2459 368 2533 dehac
386 2488 488 2534 causa
503 2462 595 2534 nibil
614 2467 780 2535 affirmari
801 2479 931 2556 potest,
958 2479 1074 2533 tamen
1090 2486 1147 2531 ar-

160 2559 330 2635 chitectus
354 2588 427 2634 non
450 2578 580 2635 temere
604 2563 695 2653 banc
725 2568 872 2654 figuram
904 2566 1026 2654 elegit,
1059 2587 1149 2657 qnae

160 2665 254 2732 inter
275 2665 404 2734 solidas
430 2667 545 2757 prima
564 2683 632 2752 est,
666 2670 765 2736 etad
786 2663 881 2736 bunc
904 2679 1040 2735 motum
1063 2689 1148 2734 con·

161 2766 355 2854 grueutior.
407 2764 506 2839 Situs
528 2781 596 2852 est,
621 2781 661 2837 ut
684 2768 778 2837 basis
798 2767 838 2835 in
862 2792 930 2858 qua
952 2767 1148 2855 generosis-

159 2866 242 2934 simi
261 2862 413 2937 thalami
425 2882 525 2950 sunt,
556 2866 730 2959 exquisite
745 2867 900 2935 medium
924 2868 1075 2955 pectoris
1096 2881 1149 2937 te·

161 2983 254 3053 neat,
279 2991 404 3037 mucro
418 2981 535 3055 autem
549 2969 705 3055 erigatur
722 2963 889 3037 nonnihil
907 2970 948 3036 ad
965 2967 1147 3037 sinistrum

161 3070 270 3146 latus,
297 3081 331 3136 et
355 3091 400 3135 ne
421 3081 582 3137 occurrat
605 3068 742 3136 ossibus
764 3063 937 3160 pectoris,
959 3081 993 3137 et
1007 3068 1149 3138 utsini-

160 3182 233 3237 stro
252 3167 353 3238 lateri
370 3167 449 3259 plus
464 3169 590 3238 caloris
604 3170 747 3253 tribuat,
773 3194 852 3238 curn
869 3172 1029 3239 dextrum
1046 3170 1149 3239 adiu-

162 3284 264 3338 vetur
284 3270 400 3338 calore
422 3270 542 3359 epatis.
594 3269 675 3340 Duo
698 3285 780 3341 sunt
796 3285 912 3340 autern
928 3271 1045 3340 cordis
1061 3295 1149 3340 ven·

160 3370 280 3439 triculi
298 3393 359 3441 scu
381 3365 545 3453 thalami,
571 3396 632 3442 scu
653 3373 772 3457 sinus,
798 3372 892 3442 inter·
905 3367 971 3441 hos
992 3372 1147 3442 intersti-

160 3473 250 3541 tium
267 3474 420 3564 estquod
430 3474 616 3561 distinguit
632 3469 817 3553 thalamos,
833 3471 899 3542 boc
914 3474 1144 3544 intersticium

1202 1045 1298 1127 lesti,
1324 1070 1413 1137 quae
1428 1047 1579 1114 calorem
1598 1060 1632 1116 et
1648 1047 1756 1115 vitam
1781 1049 1818 1114 in
1838 1063 1949 1118 totum
1965 1075 2093 1143 corpus
2111 1076 2192 1142 pcr-

1203 1150 1287 1224 lert,
1335 1161 1368 1215 et
1404 1149 1670 1239 praecipuarum
1710 1149 1889 1219 actionum
1924 1174 2094 1240 organum
2129 1169 2190 1225 est.

1202 1247 1403 1317 Nascuntur
1436 1249 1473 1316 in
1509 1244 1578 1317 boc
1610 1250 1687 1339 ipso
1724 1251 1918 1320 ventriculo
1950 1255 2021 1321 duo
2053 1255 2190 1325 canales

1201 1349 1460 1438 grandiusculi,
1488 1351 1636 1433 arteria,
1659 1365 1776 1435 aorta,
1802 1377 1891 1444 quae
1913 1355 2072 1423 omnium
2096 1370 2189 1426 arte÷

1200 1453 1332 1519 riarum
1354 1451 1392 1517 in
1416 1465 1489 1521 toto
1513 1476 1659 1541 corpore
1686 1453 1793 1542 stipes
1815 1469 1884 1533 est,
1917 1479 1979 1545 per
2000 1480 2087 1548 quas
2108 1472 2189 1528 tan-

1201 1577 1304 1645 quam
1322 1576 1382 1641 per
1397 1552 1515 1621 alveos
1532 1554 1758 1643 praecipuum
1775 1556 1891 1627 cordis
1914 1557 2124 1628 beneficium
2149 1559 2188 1629 in

1201 1677 1323 1723 omnes
1338 1654 1495 1744 corporis
1512 1667 1626 1742 partes
1642 1672 1771 1739 manat,
1797 1656 1960 1727 videlicet
1973 1657 2036 1726 illa
2051 1660 2188 1730 vivifica

1201 1756 1340 1823 flamma
1358 1777 1423 1822 suo
1437 1754 1553 1823 calore
1567 1755 1690 1824 fovens
1705 1757 1825 1825 omnia
1841 1759 2009 1850 membra,
2036 1761 2189 1830 actiones

1202 1856 1382 1926 adiuvans.
1435 1854 1549 1924 Aiunt
1563 1871 1676 1925 autem
1696 1857 1741 1924 ab
1755 1854 1946 1927 Aristotele
1967 1861 2187 1930 nominatam

1201 1981 1274 2026 esse
1296 1969 1450 2040 aortam,
1483 1957 1577 2047 quod
1600 1956 1759 2044 vaginam
1791 1960 2043 2028 consuetudine
2070 1959 2188 2031 Mace-¹

1202 2061 1326 2128 donica
1343 2058 1525 2147 significat,
1551 2056 1632 2148 quia
1649 2080 1728 2125 cum
1745 2052 1812 2126 boc
1827 2081 1888 2127 vas
1901 2059 2036 2127 firmius
2049 2074 2082 2131 et
2098 2065 2186 2131 den-

1202 2163 1273 2231 sius
1296 2161 1340 2230 sit
1364 2182 1469 2251 quam
1493 2182 1619 2242 venae,
1644 2157 1759 2227 simile
1780 2159 1919 2231 videtur
1940 2184 2012 2229 esse
2030 2163 2185 2250 vaginae.

1203 2261 1305 2332 Rami
1330 2262 1460 2330 deinde
1482 2261 1526 2329 ab
1552 2255 1617 2328 bac
1637 2259 1762 2329 arteria
1786 2262 1873 2341 orti,
1906 2264 2004 2332 verris
2028 2264 2184 2335 adiuncti

1200 2376 1282 2433 sunt
1297 2375 1375 2432 toto
1390 2363 1463 2430 fere
1479 2384 1642 2451 corpore,
1668 2361 1823 2431 mirabili
1842 2364 1982 2432 foedere
2004 2379 2036 2434 et
2062 2379 2185 2436 mutuo

1200 2465 1499 2534 communicantes
1519 2486 1579 2530 sua
1597 2484 1756 2531 munera.
1806 2461 1967 2533 Arteriae
1989 2489 2051 2554 per
2073 2490 2186 2556 angus

1200 2566 1350 2635 stissima
1379 2564 1512 2633 orilicia
1540 2564 1579 2631 in
1603 2587 1708 2632 venas
1736 2559 1900 2634 exhalant
1931 2566 2114 2655 spiritum,
2148 2582 2185 2638 ut
2302 2578 2318 2609 ’·

1200 2669 1407 2756 sanguinem
1431 2665 1570 2735 vivifico
1593 2665 1710 2734 calore
1738 2665 1882 2735 foveant
1903 2679 1938 2736 et
1960 2683 2187 2759 percoquant,

1200 2774 1322 2837 rursus
1338 2766 1485 2837 arteriae
1501 2791 1543 2835 ex
1557 2766 1655 2834 venis
1667 2766 1887 2858 aliquantum
1902 2767 2081 2857 sanguinis
2097 2764 2186 2838 bane

1201 2870 1315 2953 riunt,
1345 2884 1385 2938 ut
1409 2871 1569 2958 rigentur
1588 2880 1622 2936 et
1649 2882 1843 2955 augeantur
1871 2869 2028 2959 spiritus.
2085 2870 2187 2940 Alter

1200 2972 1330 3040 canalis
1345 2984 1449 3039 natus
1463 2970 1500 3036 in
1514 2969 1658 3038 sinistro
1672 2968 1788 3037 cordis
1803 2969 1999 3040 ventriculo
2015 2983 2075 3054 est,
2094 2984 2185 3042 arte·

1200 3073 1252 3141 ria
1269 3093 1409 3153 venosa,
1435 3094 1524 3162 quae
1538 3068 1734 3159 porrigitur
1750 3069 1789 3137 in
1801 3071 2020 3161 pulmonem,
2047 3084 2086 3141 ut
2101 3073 2186 3141 inde

1199 3178 1315 3243 adrem
1336 3174 1470 3241 adserat
1492 3172 1723 3259 refrigerandi
1744 3169 1862 3241 cordis
1886 3195 2006 3253 causa,
2033 3186 2066 3241 ct
2083 3172 2186 3242 vicis·

1200 3275 1266 3344 sim
1294 3298 1335 3341 er
1361 3275 1466 3342 corde
1493 3268 1617 3343 evehat
1641 3272 1759 3340 fumos
1784 3272 1901 3340 calore
1913 3275 2085 3356 adustos,
2116 3275 2186 3344 nisi

1199 3377 1293 3443 enirn
1310 3369 1395 3441 baec
1409 3373 1584 3442 eventatio
1599 3372 1725 3448 caloris
1739 3372 1776 3440 in
1793 3375 1898 3441 corde
1912 3373 2028 3451 fieret,
2055 3375 2186 3443 animal

1199 3477 1369 3545 continuo
1396 3475 1646 3551 suffocaretur,
1679 3474 1769 3541 sicut
1788 3473 1948 3541 videmus
1968 3473 2005 3540 in
2024 3487 2187 3563 strangu,

161 3597 241 3643 cum
265 3575 311 3642 sit
334 3597 485 3644 crassum
509 3589 542 3642 et
562 3575 701 3642 firmum
722 3588 756 3642 et
772 3574 883 3642 oculis
900 3574 1148 3663 conspiciatur,
1199 3577 1280 3645 latis
1296 3575 1462 3643 accidere.

161 3697 236 3744 non
268 3688 361 3746 recte
395 3675 463 3744 dici
498 3675 638 3744 tertium
675 3687 832 3743 verrtrem
864 3674 966 3742 facile
998 3673 1147 3741 indicari
1304 3672 1404 3742 Aliae
1425 3685 1510 3741 sunt
1534 3673 1692 3741 minutae
1715 3671 1907 3761 particulae
1930 3673 2063 3753 cordis,
2099 3700 2186 3766 qua-

160 3790 293 3868 potest,
318 3801 358 3848 ac
374 3775 576 3868 nequidem
593 3776 749 3864 conspici
766 3789 900 3843 meatus
921 3799 984 3863 per
1006 3769 1073 3842 hoc
1092 3774 1147 3842 in·
1199 3799 1279 3843 rum
1309 3774 1491 3842 fabricatio
1522 3786 1641 3843 tamen
1675 3794 1795 3841 causas
1828 3768 1945 3844 babet.
1997 3770 2188 3847 Auriculae

161 3878 354 3949 teraticium
371 3877 455 3947 facti
469 3887 627 3966 possunt,
644 3878 703 3945 sed
713 3879 840 3946 exudat
851 3878 991 3964 sanguis
1007 3877 1044 3942 in
1063 3877 1149 3944 alte·
1200 3879 1289 3944 duae
1314 3875 1452 3941 additae
1477 3886 1576 3955 sunt,
1611 3874 1718 3940 altera
1743 3877 1879 3956 dextra,
1904 3874 1967 3942 ubi
1989 3898 2072 3945 cava
2098 3901 2185 3948 vena

162 4001 242 4047 rum
266 3979 501 4050 ventriculum
527 4003 588 4070 per
616 3978 879 4066 angustissimos
910 4001 1025 4066 poros.
1085 3972 1150 4045 Est
1201 3976 1407 4065 sanguinem
1423 3974 1461 4042 in
1477 3997 1537 4042 cor
1551 3973 1726 4055 infundit,
1751 3970 1833 4043 huic
1850 3973 1985 4042 orificio
1999 3978 2118 4047 addita
2136 3995 2187 4051 est

163 4090 279 4148 autem
308 4081 420 4151 dextri
449 4075 591 4150 thalami
623 4076 706 4148 baec
739 4079 888 4161 utilitas,
920 4078 1078 4167 excipere
1108 4103 1148 4146 ex
1203 4080 1427 4158 membrana,
1457 4099 1546 4167 quae
1566 4069 2042 4157 sinusetanlractushabet,
2067 4079 2106 4146 in
2121 4076 2186 4162 hos
2248 4071 2251 4075 ’

163 4202 246 4250 cava
265 4202 353 4248 vena
367 4183 572 4270 sanguinem
589 4207 628 4251 eo
649 4181 875 4263 influentem,
902 4180 962 4271 qui
980 4181 1030 4248 ibi
1050 4204 1148 4269 prae·
1202 4179 1378 4270 spargitur
1395 4177 1511 4268 aliqua
1530 4201 1608 4267 pars
1623 4175 1816 4265 sanguinis,
1834 4201 1938 4269 quam
1955 4201 2016 4247 cor
2029 4181 2188 4269 proxime

164 4294 320 4374 paratur,
347 4293 381 4349 et
395 4281 433 4348 in
448 4285 535 4352 duas
550 4298 664 4374 partes
678 4282 920 4361 distribuitur,
947 4283 1053 4351 altera
1068 4282 1149 4372 pul·
1204 4280 1338 4363 haurit,
1373 4303 1417 4348 ne
1449 4273 1712 4348 vehementiore
1744 4280 1951 4348 attractione
1983 4303 2066 4349 cava
2098 4306 2187 4352 vena

162 4407 303 4452 monem
330 4381 413 4462 alit,
439 4382 547 4453 altera
567 4386 732 4455 subtilior
754 4385 883 4453 exudat
904 4382 942 4450 in
967 4384 1149 4453 sinistrum
1204 4396 1398 4472 rumpatur.
1446 4379 1552 4452 Utin
1578 4394 1649 4451 tota
1674 4370 1838 4450 machina
1861 4374 2008 4450 humani
2031 4386 2189 4473 corporis

163 4480 380 4567 thalamum,
427 4483 489 4552 ubi
524 4484 561 4551 in
596 4487 740 4574 spiritus
765 4486 888 4553 vitales
920 4485 1149 4556 convertitur.
1203 4485 1319 4576 opilex
1335 4482 1438 4565 cavit,
1461 4507 1505 4551 ne
1520 4483 1636 4553 subito
1652 4505 1798 4571 magnae
1812 4483 1923 4551 moles
1936 4483 2190 4553 transfundan-

163 4583 265 4655 Duae
288 4599 371 4655 sunt
393 4598 508 4655 autem
530 4609 641 4654 venae
657 4586 782 4656 infixae
805 4589 926 4655 dextro
943 4587 1151 4668 ventriculo,
1204 4603 1281 4668 tur,
1321 4587 1378 4655 sed
1413 4585 1545 4676 ubique
1575 4583 1850 4654 moderationem
1884 4597 1918 4653 et
1951 4583 2187 4654 cantationem

163 4711 246 4756 cava
270 4686 402 4756 scilicet
424 4711 514 4779 quae
538 4699 590 4755 est
615 4687 745 4754 canalis
768 4688 949 4778 sanguinis
976 4689 1021 4755 ab
1053 4701 1151 4777 epate
1175 4678 1179 4779 l
1204 4701 1314 4769 amat,
1340 4702 1373 4754 ct
1390 4685 1556 4774 paulatim
1573 4685 1654 4754 facit
1670 4699 1838 4774 tanquam
1856 4682 2114 4767 instillationes,
2140 4687 2188 4756 ita

163 4787 371 4858 transmissi.
425 4788 649 4878 Sparguntur
663 4800 778 4856 autem
796 4803 830 4860 et
844 4793 889 4859 ab
911 4786 977 4859 boc
1000 4788 1076 4880 ipso
1094 4812 1151 4857 ca-
1176 4782 1179 4890 l
1205 4803 1239 4859 et
1262 4787 1403 4856 sinistra
1426 4784 1582 4854 auricula
1600 4787 1763 4855 adiuncta
1789 4797 1840 4852 est
1863 4782 2011 4854 arteriae
2030 4809 2189 4870 venosae,

163 4890 239 4959 nali
262 4889 300 4957 in
323 4913 460 4958 summa
484 4890 560 4958 basi
583 4889 690 4958 exiles
712 4890 824 4972 rami,
858 4916 1006 4960 coronae
1027 4890 1151 4982 specie,
1176 4894 1179 4955 l
1204 4903 1243 4960 ut
1258 4887 1458 4959 contantius
1475 4887 1532 4954 liat
1554 4887 1643 4956 ae'ris
1665 4883 1865 4955 transfusio.
1915 4883 2008 4954 Sunt
2022 4900 2138 4973 autem
2157 4902 2191 4959 et

163 4990 227 5084 qui
250 4991 455 5081 sanguinem
477 4988 611 5062 vehunt
632 4990 751 5085 minus
773 4990 955 5077 subtilem,
979 5016 1050 5086 quo
1068 5016 1150 5082 pro·
1206 4989 1356 5061 hostiola
1379 4988 1562 5057 canalibus
1583 4986 1750 5057 omnibus
1773 4985 1958 5076 adiuncta,
1984 4988 2191 5078 aperiuntur

164 5093 241 5184 prie
258 5116 320 5163 cor
341 5093 510 5167 nutritur.
560 5088 684 5162 Altera
697 5082 796 5183 ,reba
818 5091 857 5158 in
881 5093 1002 5164 dextro
1019 5093 1152 5164 ventri-
1206 5106 1240 5162 et
1255 5091 1470 5161 clauduntur
1485 5088 1699 5159 tenuissimis
1713 5086 1888 5180 pelliculis
1902 5100 2069 5181 tanquam
2087 5113 2190 5180 oper-

164 5196 244 5264 culo
257 5219 299 5263 ex
315 5194 392 5286 ipso
408 5196 513 5264 corde
528 5194 657 5275 oriens,
682 5178 888 5262 admiratur
904 5217 992 5264 vena
1007 5195 1152 5265 arteria-
1177 5180 1181 5204 ¹
1206 5193 1295 5265 culis
1311 5216 1398 5260 vena
1419 5215 1500 5260 rava
1528 5203 1561 5259 et
1585 5212 1672 5258 vena
1699 5189 1889 5260 materialis
1912 5189 1952 5257 in
1968 5192 2090 5259 dextro
2103 5212 2190 5258 ven-

165 5296 219 5375 lis,
246 5297 326 5387 quia
343 5297 480 5367 tunicas
494 5293 599 5364 babet
613 5295 798 5365 crassiores
814 5306 848 5364 et
860 5296 998 5365 arteriis
1010 5297 1154 5376 similes,
1205 5295 1344 5368 triculo.
1384 5288 1431 5363 Et
1443 5306 1539 5361 aorta
1554 5306 1586 5361 et
1600 5291 1728 5361 arteria
1742 5313 1869 5360 venosa
1880 5290 1929 5358 in
1946 5291 2088 5358 sinistro
2104 5312 2191 5358 ven-

164 5419 233 5488 qua
252 5398 288 5463 in
306 5399 508 5489 pulmonem
518 5391 660 5467 vehitur
676 5396 815 5486 sanguis
829 5396 1004 5479 subtilior,
1019 5398 1081 5489 qui
1095 5423 1154 5467 ex·
1206 5395 1354 5479 triculo,
1389 5390 1454 5463 hae
1479 5393 1662 5483 pelliculae
1684 5392 1798 5463 dictae
1820 5382 2071 5488 τριγλώχινες,
2106 5391 2190 5483 quia

166 5492 322 5582 balaret,
349 5499 417 5569 nisi
441 5523 530 5569 vena
555 5497 727 5569 munitior
749 5510 847 5568 esset.
898 5495 1051 5568 Sinister
1071 5522 1153 5569 vero
1178 5548 1182 5571 .
1205 5499 1338 5569 similes
1364 5508 1448 5618 sunt
1469 5494 1607 5665 capidi
1628 5489 1773 5566 habenti
1789 5507 1859 5565 tres
1871 5490 2019 5583 pinnas,
2043 5513 2118 5563 non
2134 5513 2192 5567 so.-
