4732 6030
158 379 233 455 sss
555 320 559 324 ’
625 365 1728 446 osci.oa10aauaoucasaaauacr.
2119 367 2199 445 oss

159 551 286 645 optimi
309 544 484 634 Principis
500 539 610 611 Ducis
627 540 801 611 Saxoniae
822 540 965 612 loannis
980 538 1155 611 Electoris
1204 543 1345 613 dixisset
1360 555 1464 626 tunc,
1488 541 1655 612 ultimum
1678 541 1924 634 imperatorem
1941 535 2201 609 Germanicum

161 653 336 731 recitabo,
370 671 459 738 quae
490 640 635 712 honesta
669 645 826 735 exempla
853 645 963 714 multa
987 645 1155 714 continet.
1205 645 1304 733 eligi:
1330 667 1370 712 ac
1384 643 1433 713 ita
1448 645 1517 713 late
1534 666 1690 733 sparsam
1707 666 1780 712 esse
1793 637 1884 712 hanc
1898 640 2068 718 fabulam,
2085 654 2122 710 et
2136 663 2202 712 au·

145 755 281 842 'Quam
306 750 450 839 quidem
476 769 577 837 spero
603 746 707 813 bonis
731 747 899 816 omnibus
914 760 1046 836 gratam
1068 747 1157 827 fore,
1205 748 1292 816 toris
1316 757 1451 813 tantam
1478 745 1586 814 fuisse
1612 744 1839 836 opinionem,
1872 754 1912 812 ut
1940 743 1984 811 ad
2014 738 2202 835 Principes

163 856 245 950 quia
272 845 538 940 pulchritudine
563 842 720 927 honesti,
746 872 785 916 ac
810 849 1013 938 praesertim
1037 849 1157 916 mitio·
1205 845 1386 918 Electores
1408 847 1592 916 accersitus
1621 847 1678 916 sit.
1728 844 1835 936 Apud
1858 838 1925 913 hos
1954 845 2078 912 eadem
2101 845 2203 932 dixit,

164 979 243 1027 rum
263 953 434 1021 virtutum
461 973 584 1019 omnes
604 950 705 1017 valde
728 951 954 1019 delectamur.
1008 948 1159 1018 Moveor
1207 952 1267 1020 sed
1284 948 1421 1019 addidit
1437 969 1671 1017 successorem
1687 945 1924 1016 Maximiliani
1949 960 2139 1015 venturum
2156 972 2200 1016 ex

164 1072 281 1129 autem
297 1053 533 1144 temporibus,
561 1052 659 1120 utde
677 1046 745 1120 hnc
760 1049 926 1142 Principe
946 1051 1083 1142 saepius
1098 1074 1158 1119 co·
1208 1051 1319 1142 ipsius
1341 1051 1466 1141 stirpe,
1491 1073 1564 1117 non
1587 1050 1626 1117 in
1652 1050 1728 1118 sole
1744 1046 1955 1129 Germania,
1981 1048 2043 1116 sed
2067 1049 2134 1119 late
2158 1050 2196 1118 in

83 1208 86 1215 ·
166 1162 289 1251 gitem:
319 1158 401 1247 quia
426 1177 543 1222 meum
563 1166 716 1243 patrem,
745 1177 850 1244 quem
868 1152 1052 1243 Principes
1075 1175 1159 1244 pro·
1208 1151 1353 1244 Europa
1368 1152 1635 1221 dominaturum
1650 1174 1744 1235 esse,
1768 1163 1803 1220 et
1818 1161 1998 1218 secuturas
2012 1171 2088 1217 esse
2110 1152 2200 1221 mul-

167 1276 246 1354 pter
269 1259 373 1325 fidem
392 1270 428 1325 et
452 1270 562 1323 artem
588 1255 758 1323 medicam
776 1255 989 1343 diligebant,
1012 1253 1160 1321 memini
1209 1269 1457 1325 tarumrerum
1474 1253 1699 1325 mutationes.
1750 1249 1926 1320 Narrabat
1940 1248 2021 1319 Dux
2038 1249 2204 1333 loannes,

166 1363 280 1433 multa
301 1359 467 1440 recitare,
493 1358 537 1424 ab
555 1356 631 1446 ipso
655 1356 832 1447 praedicta
849 1358 891 1423 de
908 1355 1040 1446 patriae
1052 1355 1161 1425 moti·
1210 1357 1316 1425 etiam
1342 1379 1421 1424 cum
1452 1356 1548 1422 heret
1577 1353 1798 1423 renunciatio
1824 1351 2007 1421 electionis
2033 1351 2206 1424 Maximi-

168 1467 255 1547 bus,
281 1460 341 1552 qui
360 1459 514 1528 secuturi
531 1470 657 1528 essent.
708 1457 879 1526 Libenter
897 1471 1011 1528 autem
1030 1457 1161 1545 cogita·
1211 1458 1317 1540 liani,
1352 1470 1488 1544 patrem
1519 1479 1636 1524 senem
1667 1455 1811 1543 largiter
1839 1453 1964 1523 iusisse
1991 1451 2206 1550 lachrymas,

168 1587 250 1634 mus
265 1561 438 1630 eiusmodi
455 1559 629 1641 vaticinia,
651 1559 706 1625 vel
721 1572 866 1648 propter
881 1559 1163 1640 admirationem,
1211 1581 1320 1652 eaque
1336 1560 1380 1626 de
1397 1581 1434 1624 re
1453 1558 1549 1626 varia
1562 1557 1760 1647 sapientum
1776 1554 1906 1626 iudicia
1922 1554 2039 1625 luisse.

171 1669 254 1760 quia
277 1663 357 1730 illas
373 1657 532 1728 heroicas
553 1673 695 1728 naturas
716 1682 776 1728 sua
796 1662 966 1750 quaedam
985 1659 1162 1748 praesagia
1312 1659 1438 1731 Statim
1457 1673 1534 1750 post
1554 1659 1589 1727 id
1613 1672 1750 1748 tempus
1767 1654 1949 1727 Electores
1969 1659 2061 1744 duo,
2086 1656 2207 1732 Erne-

170 1763 302 1836 habere
318 1762 507 1843 divinitus,
533 1762 771 1848 agnoscimus:
798 1761 853 1828 vel
870 1763 952 1853 quia
974 1761 1054 1828 illae
1069 1761 1163 1850 ipsae
1212 1776 1286 1831 stus
1316 1759 1512 1831 Saronicus
1545 1775 1579 1830 et
1613 1758 1762 1828 loannes
1795 1753 1976 1843 Marchio,
2009 1763 2203 1832 exercitum

173 1864 472 1959 praemonitiones
498 1885 563 1928 nos
584 1864 629 1930 ad
658 1856 720 1930 has
751 1862 972 1933 difficultates
1001 1863 1163 1930 serendas
1214 1864 1397 1933 collectum
1432 1887 1472 1931 ex
1505 1862 1592 1930 llore
1618 1861 1815 1930 nobilitatis
1851 1855 1975 1928 harum
2002 1861 2203 1933 vicinarum

173 1966 433 2061 aliquantulum
452 1965 642 2032 instruunt.
1214 1966 1389 2053 gentium,
1422 1966 1600 2033 duxerunt
1625 1960 1896 2045 Vratislaviam,
1936 1964 1979 2029 ad
2008 1968 2206 2055 pacandam

276 2066 345 2137 Sed
364 2065 468 2132 venio
484 2066 528 2133 ad
551 2060 756 2148 historiam,
782 2089 886 2156 quam
911 2067 1004 2133 bona
1023 2065 1091 2133 lide
1110 2088 1166 2132 re·
1215 2089 1407 2134 ramosam
1424 2061 1653 2144 Germaniae,
1679 2087 1785 2155 quam
1800 2077 1885 2132 tunc
1904 2063 1975 2133 duo
1997 2078 2161 2156 potentes
2174 2080 2210 2136 et

175 2172 314 2250 citabo,
343 2179 384 2235 ut
407 2190 449 2232 ex
471 2189 550 2233 meo
576 2180 671 2253 patre
697 2178 731 2232 et
754 2167 833 2233 aliis
862 2167 1074 2256 qtribusdam
1097 2166 1165 2232 fide
1215 2167 1374 2236 bellicosi
1403 2189 1519 2253 reges,
1549 2160 1720 2235 Matthias
1745 2162 1972 2254 Hungaricus
1996 2181 2032 2236 et
2056 2165 2210 2239 Casimi-

175 2270 294 2361 dignis
315 2266 448 2335 audivi.
502 2265 572 2334 Nec
597 2262 684 2333 mihi
708 2269 868 2335 concedit
892 2270 1045 2335 brevitas
1061 2262 1166 2334 huius
1215 2292 1276 2337 rus
1291 2267 1501 2346 polonicus,
1528 2268 1800 2357 populabantur.
1853 2263 1896 2334 ln
1919 2291 1960 2336 ea
1984 2270 2210 2360 expeditione

175 2369 362 2462 temporis,
397 2370 440 2432 de
465 2368 743 2458 antiquitate'et
772 2370 982 2457 praestantia
1012 2368 1167 2436 familiae
1217 2386 1349 2461 patrem
1366 2367 1555 2438 Ernestum
1578 2368 1642 2435 lilii
1655 2368 1760 2436 etiam
1777 2368 1935 2437 comitati
1949 2384 2043 2441 sunt.

174 2474 315 2546 Ducum
336 2468 528 2551 Saxoniae,
553 2470 614 2560 qui
639 2493 678 2537 ex
695 2466 966 2538 Marchionibus
981 2469 1167 2561 Mysorum
1319 2469 1441 2539 Postea
1463 2484 1604 2540 mortuo
1639 2483 1735 2559 patre
1761 2469 1825 2535 filii
1856 2493 1990 2538 summa
2015 2473 2204 2542 concordia

177 2575 247 2646 orti
271 2583 375 2652 sunt,
409 2570 537 2639 dicere.
596 2568 743 2638 Etcum
768 2572 813 2640 sit
843 2573 937 2639 inter
966 2572 1168 2660 praecipuas
1218 2585 1397 2663 paternam
1423 2572 1595 2640 ditionem
1625 2571 1732 2639 simul
1753 2572 2001 2658 gubernarunt.
2053 2568 2106 2643 Ac
2129 2574 2206 2664 pri·

177 2675 386 2761 Principum
411 2670 562 2738 familias
582 2672 618 2737 in
638 2668 852 2756 Germania,
875 2688 906 2741 et
929 2673 1120 2762 sapientiae
1135 2685 1169 2740 et
1218 2697 1314 2742 mom
1338 2676 1444 2740 decus
1464 2672 1532 2740 luit
1560 2671 1664 2741 initio
1688 2672 1968 2760 gubernationis,
2001 2676 2100 2765 quod
2123 2675 2210 2745 reli·

178 2776 321 2846 virtutis
345 2797 467 2841 eorum
492 2773 691 2841 testimonia
714 2774 824 2841 multa
846 2787 981 2857 extent,
1007 2772 1169 2865 plurimis
1219 2774 1320 2869 quias
1353 2773 1533 2863 copiarum
1554 2768 1730 2842 Matthiae
1748 2787 1921 2845 vastantes
1941 2773 2125 2844 Lusatiam
2143 2779 2208 2847 de·

179 2893 263 2948 nota
281 2888 364 2945 suot
380 2888 495 2943 vetera
511 2868 618 2942 huius
632 2873 784 2942 familiae
800 2877 936 2944 decora.
1220 2877 1403 2967 pulerunt:
1432 2874 1532 2943 cuius
1553 2875 1604 2941 rei
1620 2875 1790 2942 memoria
1814 2870 1930 2944 adhuc
1952 2899 2069 2944 recens
2090 2892 2143 2946 est
2164 2879 2205 2947 in

280 2976 421 3045 Fratres
451 2978 523 3061 dun
550 2976 712 3058 fuerunt,
745 2973 918 3046 Ernestus
941 2974 1104 3061 Elector,
1137 2990 1171 3045 et
1220 2974 1502 3068 oppidoLueca,
1532 2977 1627 3068 quod
1644 2988 1729 3046 tunc
1751 2976 1833 3044 illae
1848 2975 2071 3048 Pannonicae
2086 2979 2205 3069 copiae

180 3079 371 3162 Albertus,
398 3076 720 3168 quiMaximiliano
748 3094 848 3168 capto
876 3092 908 3147 et
931 3080 1095 3169 deinceps
1115 3101 1170 3146 res
1220 3079 1457 3170 diripuerunt.

180 3199 328 3268 magnas
341 3175 529 3260 iuBelgico
544 3179 658 3262 gessit.
693 3175 834 3249 Ernesti
851 3182 912 3249 lilii
931 3184 1002 3249 duo
1018 3182 1171 3262 suerunt,
1322 3179 1408 3248 Post
1439 3178 1575 3270 aliquot
1606 3200 1717 3246 annos
1747 3203 1825 3248 cum
1862 3179 1931 3247 iam
1959 3174 2026 3248 hae
2052 3181 2213 3269 regiones

181 3276 384 3350 Fridericus
407 3271 550 3343 Elector
568 3291 603 3345 et
628 3273 820 3361 lohannes,
851 3283 913 3372 qui
937 3284 1088 3371 primum
1107 3284 1171 3349 do·
1223 3281 1434 3373 tranquillae
1452 3294 1585 3362 essent,
1605 3293 1639 3348 et
1654 3279 1803 3348 extincto
1821 3274 1977 3348 Matthia
1994 3278 2213 3370 Hungarico,

181 3380 324 3450 mestica
366 3376 553 3465 disciplina
598 3371 843 3447 honestissime
886 3382 1038 3450 instituti
1080 3394 1172 3451 sunt.
1222 3380 1686 3452 MaximilianusAustriam
1709 3379 1896 3470 reciperet,
1922 3392 1958 3448 et
1980 3388 2213 3471 progredere-

60 3504 63 3508 ·
180 3481 265 3552 Fuit
283 3479 376 3547 enim
394 3477 504 3567 patris
519 3475 662 3546 Ernesti
685 3479 866 3568 integritas
885 3482 1025 3550 laudata
1044 3483 1173 3549 riitrlto-
1224 3500 1282 3554 tur
1303 3483 1341 3550 in
1363 3480 1600 3571 Hungariam,
1631 3479 1698 3551 luit
1719 3481 1756 3547 in
1783 3480 1935 3549 exercitu
1960 3481 2213 3563 Maximiliani,

182 3609 261 3652 rum
280 3580 479 3670 principum
503 3579 733 3664 testimoniis,
757 3607 846 3674 quae
862 3585 1007 3654 recitare
1025 3605 1172 3675 possem.
1227 3585 1375 3654 loannes
1390 3584 1471 3654 Dux
1487 3582 1679 3665 Saxoniae,
1706 3597 1738 3652 et
1759 3583 1796 3649 in
1821 3584 2086 3672 oppugnatione
2101 3581 2215 3656 Albae

184 3685 252 3756 Sed
274 3705 438 3772 propero.
1224 3689 1366 3776 regalis,
1404 3686 1580 3777 specimen
1604 3684 1745 3755 virtutis
1773 3683 1949 3773 egregium
1966 3686 2097 3769 edidit,
2131 3711 2213 3756 cum

286 3780 535 3852 Adulescentes
567 3783 691 3851 iratres
726 3784 881 3854 comitati
922 3801 1003 3855 sunt
1042 3801 1173 3875 patrem
1225 3791 1317 3859 inter
1340 3789 1473 3877 primos
1495 3787 1635 3856 moenia
1655 3781 1866 3855 ascenderet.
1918 3781 2007 3855 Erat
2027 3801 2140 3858 autem
2166 3787 2210 3883 ei,

183 3885 459 3978 proficiscentem
479 3885 524 3953 ad
543 3885 747 3954 electionem
764 3884 1001 3955 Maximiliani
1018 3886 1174 3956 Franco·
1225 3904 1263 3960 ut
1286 3891 1386 3958 multi
1410 3889 1637 3973 meministis,
1662 3890 1773 3957 robur
1800 3886 1958 3976 corporis
1981 3887 2146 3968 militare,
2174 3899 2212 3954 et

182 3988 355 4069 fordiam,
381 4010 452 4077 quo
473 3999 506 4055 et
530 4000 627 4074 pater
643 4011 747 4054 senex
764 3987 963 4058 Fridericus
982 3988 1175 4079 lmperator
1224 3994 1362 4061 animus
1381 4016 1453 4060 nou
1474 3990 1587 4058 solum
1613 4004 1738 4060 natura
1753 3989 1873 4071 fortis,
1896 3989 1954 4056 sed
1971 3986 2072 4055 etiam
2089 4011 2134 4054 eo
2151 3987 2215 4057 hr-

184 4087 569 4159 adolescentemlilium
588 4085 1045 4164 Maximiliaoumadduxit.
1083 4091 1176 4159 Fue-
1226 4096 1328 4177 mior,
1345 4094 1425 4186 quia
1440 4116 1520 4161 cum
1534 4107 1626 4163 caste
1642 4105 1676 4161 et
1694 4085 1838 4159 honeste
1854 4090 1994 4170 viveret,
2015 4111 2081 4157 nec
2099 4088 2217 4180 impe-

184 4205 269 4261 runt
296 4190 335 4255 in
363 4212 403 4255 eo
434 4201 612 4257 conventu
640 4190 806 4258 electores
831 4216 970 4259 omues:
1011 4216 1050 4259 ac
1072 4208 1110 4261 ut
1132 4195 1175 4261 de
1226 4198 1362 4264 diretur
1376 4195 1484 4263 ullius
1497 4194 1637 4264 sceleris
1652 4187 1876 4273 conscientia,
1899 4190 2011 4259 laetus
2026 4203 2061 4259 et
2072 4193 2217 4280 petebat

185 4290 331 4359 caeteris
347 4313 418 4356 non
436 4290 564 4371 dicam,
592 4291 744 4358 duorum
759 4292 828 4361 fuit
844 4315 979 4362 summa
996 4295 1177 4378 autoritas,
1226 4312 1260 4368 et
1277 4298 1439 4386 sperabat
1454 4320 1473 4366 a
1490 4297 1568 4366 Deo
1584 4295 1775 4377 auxilium,
1799 4307 1834 4362 et
1849 4315 1932 4362 vere
1950 4294 2132 4382 tegebatur
2148 4290 2216 4362 Dei

184 4390 279 4462 senis
296 4387 436 4457 Alberti
454 4385 695 4473 Marchionis,
721 4385 824 4483 quem
850 4409 994 4484 propter
1009 4397 1175 4466 virtutem
1226 4401 1360 4493 clypeo.
1401 4396 1566 4467 lnterfuit
1582 4410 1700 4488 postea
1716 4409 1751 4465 et
1766 4392 1861 4464 bello
1873 4392 2019 4478 Veneto,
2044 4417 2116 4464 una
2134 4417 2217 4465 cum

183 4492 422 4563 nominarunt
436 4484 613 4559 Achillem
630 4488 902 4578 Germanicum,
935 4510 968 4565 et
988 4492 1095 4565 huius
1108 4493 1176 4565 Er·
1225 4502 1344 4572 fratre.
1395 4498 1464 4570 Sed
1486 4501 1568 4591 quia
1593 4497 1698 4566 simul
1717 4497 1836 4566 abesse
1848 4497 2218 4588 utrumqueapatria,

184 4594 275 4664 nesti
308 4592 421 4664 Ducis
449 4590 634 4663 Saxoniae.
693 4591 842 4664 Viderat
865 4599 1069 4666 adolescens
1098 4599 1176 4668 Dux
1226 4627 1300 4670 non
1324 4614 1398 4670 erat
1412 4601 1518 4684 utile,
1544 4613 1577 4668 et
1598 4601 1743 4668 fratrem
1760 4597 1981 4692 Fridericum
2000 4595 2220 4669 Maximilia·

186 4694 337 4765 loannes
358 4717 532 4765 summam
554 4719 594 4764 eo
617 4708 776 4787 tempore
793 4701 1018 4769 concordiam
1037 4698 1177 4770 Princi-
1228 4727 1294 4773 nus
1314 4728 1387 4772 non
1409 4701 1626 4783 dimittebat,
1649 4700 1753 4769 rediit
1772 4700 1809 4767 in
1834 4698 1999 4791 patriam.
2050 4695 2140 4768 Erat
2155 4723 2221 4771 au·

184 4821 294 4889 pum,
326 4799 462 4866 viderat
483 4791 682 4883 Electores,
716 4822 835 4868 senem
865 4799 1113 4891 lmperatorem
1137 4815 1176 4872 ut
1228 4820 1296 4875 tem
1318 4805 1444 4873 eximia
1471 4817 1505 4871 et
1525 4803 1674 4873 illustris
1705 4800 1950 4871 benevolentia
1972 4799 2220 4871 Maximiliani

156 4902 159 4909 '
183 4910 320 4992 patrem
337 4898 483 4988 diligere
500 4912 534 4969 et
550 4901 729 4969 venerari:
754 4902 890 4971 vide’rat
907 4903 1008 4972 illum
1024 4905 1175 4973 vicissim
1227 4931 1307 4997 erga
1322 4905 1454 4975 Ducem
1474 4899 1687 4988 lohannem,
1711 4903 1794 4996 quia
1812 4903 1952 4973 videbat
1975 4907 2012 4969 in
2037 4926 2078 4970 eo
2095 4927 2223 4974 omnes

183 4998 368 5088 Principes
387 5025 465 5069 vera
483 5002 740 5087 benevolentia,
758 5015 924 5095 tanquam
942 5007 1064 5076 fratres
1080 5031 1176 5073 com·
1226 5008 1372 5078 virtutes
1393 4999 1605 5076 necessarias
1627 5005 1705 5074 viro
1728 5007 1844 5088 bono,
1874 5018 1908 5075 et
1930 5004 2035 5074 utiles
2059 5008 2105 5074 ad
2123 5030 2223 5075 com-

183 5100 301 5194 plecti.
356 5098 451 5170 Haec
474 5126 548 5170 nou
574 5104 650 5174 sine
674 5107 806 5195 gemitu
835 5105 1022 5186 recitabat,
1057 5109 1176 5196 ingre-
1227 5133 1370 5181 munem
1393 5108 1709 5191 consociationem,
1740 5130 1814 5175 non
1835 5106 1938 5175 utin
1968 5106 2113 5191 multis,
2147 5124 2222 5179 arte

182 5204 284 5273 diens
302 5204 340 5270 in
364 5198 710 5299 horumtemporum
728 5209 1110 5294 commemorationem,
1137 5233 1176 5278 ac
1227 5212 1374 5282 adscitas
1397 5224 1458 5280 aut
1479 5211 1631 5292 inustas,
1663 5210 1722 5278 sed
1747 5208 1885 5279 nativas
1906 5230 1998 5292 esse,
2031 5209 2224 5294 iusticiam,

183 5305 372 5396 deplorans
387 5303 649 5374 distractionem
667 5305 871 5399 Principum
890 5305 996 5380 huius
1011 5311 1144 5382 aetatis.
1227 5312 1385 5382 veritatis
1401 5335 1569 5395 amorem,
1594 5313 1713 5393 iidem,
1739 5309 1988 5394 constantiam,
2009 5313 2224 5382 modestiam

284 5404 363 5474 Hoc
378 5420 495 5475 autem
510 5409 699 5496 praeterire
715 5435 787 5479 non
801 5435 963 5499 possumr
992 5411 1176 5503 Narrabat,
1226 5415 1405 5484 inimicam
1421 5414 1527 5483 fastui
1541 5426 1575 5483 et
1591 5411 1797 5496 ambitioni,
1824 5411 2088 5493 fortitudinem,
2117 5416 2226 5485 casti·

183 5526 225 5573 ao
256 5516 416 5597 tempore
446 5505 722 5582 Francofordiae
747 5509 918 5585 ludaeum
946 5516 1073 5598 fuisse,
1113 5516 1178 5609 qui
1224 5532 1342 5591 tatem.
1400 5513 1557 5587 Videbat
1584 5531 1704 5608 pectus
1733 5513 1925 5585 candidum
1954 5526 1990 5584 et
2022 5514 2223 5605 ingenuam
