<?xml version="1.0" encoding="UTF-8"?>
<!DOCTYPE html PUBLIC "-//W3C//DTD XHTML 1.0 Transitional//EN"
    "http://www.w3.org/TR/xhtml1/DTD/xhtml1-transitional.dtd">
<html xmlns="http://www.w3.org/1999/xhtml" xml:lang="en" lang="en">
 <head>
  <title>
</title>
<meta http-equiv="Content-Type" content="text/html;charset=utf-8" />
  <meta name='ocr-system' content='tesseract 3.04.00' />
  <meta name='ocr-capabilities' content='ocr_page ocr_carea ocr_par ocr_line ocrx_word'/>
</head>
<body>
  <div class='ocr_page' id='page_1' title='image "./philippimelanth21melagoog/philippimelanth21melagoog_0241.png"; bbox 0 0 4732 6030; ppageno 0'>
   <div class='ocr_carea' id='block_1_1' title="bbox 106 253 310 338">
    <p class='ocr_par' dir='ltr' id='par_1_1' title="bbox 106 253 310 338">
     <span class='ocr_line' id='line_1_1' title="bbox 106 253 310 338; baseline -0.039 0"><span class='ocrx_word' id='word_1_1' title='bbox 106 335 108 338; x_wconf 78' lang='grc'>,</span> <span class='ocrx_word' id='word_1_2' title='bbox 231 253 310 334; x_wconf 76' lang='grc'><strong>465</strong></span> 
     </span>
    </p>
   </div>
   <div class='ocr_carea' id='block_1_2' title="bbox 829 235 1672 335">
    <p class='ocr_par' dir='ltr' id='par_1_2' title="bbox 829 235 1672 335">
     <span class='ocr_line' id='line_1_2' title="bbox 829 235 1672 335; baseline -0.005 -22"><span class='ocrx_word' id='word_1_3' title='bbox 829 237 991 313; x_wconf 85' lang='lat' dir='ltr'><strong>DECL.</strong></span> <span class='ocrx_word' id='word_1_4' title='bbox 1043 235 1117 311; x_wconf 87' lang='lat' dir='ltr'><strong>DE</strong></span> <span class='ocrx_word' id='word_1_5' title='bbox 1152 235 1296 312; x_wconf 86' lang='lat' dir='ltr'><strong>VITA</strong></span> <span class='ocrx_word' id='word_1_6' title='bbox 1329 235 1672 335; x_wconf 78' lang='lat' dir='ltr'><strong>AUGUSTINI.</strong></span> 
     </span>
    </p>
   </div>
   <div class='ocr_carea' id='block_1_3' title="bbox 2192 256 2270 332">
    <p class='ocr_par' dir='ltr' id='par_1_3' title="bbox 2192 256 2270 332">
     <span class='ocr_line' id='line_1_3' title="bbox 2192 256 2270 332; baseline 0 0"><span class='ocrx_word' id='word_1_7' title='bbox 2192 256 2270 332; x_wconf 80' lang='lat'><strong>456</strong></span> 
     </span>
    </p>
   </div>
   <div class='ocr_carea' id='block_1_4' title="bbox 230 409 2272 722">
    <p class='ocr_par' dir='ltr' id='par_1_4' title="bbox 230 383 2272 722">
     <span class='ocr_line' id='line_1_4' title="bbox 230 409 2269 502; baseline -0 -2"><span class='ocrx_word' id='word_1_8' title='bbox 230 446 307 502; x_wconf 90' lang='lat' dir='ltr'><strong>tum</strong></span> <span class='ocrx_word' id='word_1_9' title='bbox 329 425 485 494; x_wconf 78' lang='lat' dir='ltr'><strong>fecerant</strong></span> <span class='ocrx_word' id='word_1_10' title='bbox 508 420 546 488; x_wconf 94' lang='lat' dir='ltr'><strong>in</strong></span> <span class='ocrx_word' id='word_1_11' title='bbox 575 413 785 498; x_wconf 81' lang='lat' dir='ltr'>Ecclesiam,</span> <span class='ocrx_word' id='word_1_12' title='bbox 817 436 890 480; x_wconf 94' lang='lat' dir='ltr'><strong>non</strong></span> <span class='ocrx_word' id='word_1_13' title='bbox 909 410 1056 481; x_wconf 73' lang='lat' dir='ltr'><strong>remittit</strong></span> <span class='ocrx_word' id='word_1_14' title='bbox 1074 409 1221 479; x_wconf 90' lang='lat' dir='ltr'><strong>omnino</strong></span> <span class='ocrx_word' id='word_1_15' title='bbox 1275 410 1431 478; x_wconf 91' lang='lat' dir='ltr'><strong>Tantum</strong></span> <span class='ocrx_word' id='word_1_16' title='bbox 1446 411 1490 478; x_wconf 89' lang='lat' dir='ltr'><strong>de</strong></span> <span class='ocrx_word' id='word_1_17' title='bbox 1506 409 1747 497; x_wconf 83' lang='lat' dir='ltr'><strong>dogmatibus,</strong></span> <span class='ocrx_word' id='word_1_18' title='bbox 1773 421 1895 479; x_wconf 89' lang='lat' dir='ltr'><strong>ettam</strong></span> <span class='ocrx_word' id='word_1_19' title='bbox 1910 414 2031 502; x_wconf 91' lang='lat' dir='ltr'><strong>utilia,</strong></span> <span class='ocrx_word' id='word_1_20' title='bbox 2057 423 2269 500; x_wconf 89' lang='lat' dir='ltr'><strong>necHiero-</strong></span> 
     </span>
     <span class='ocr_line' id='line_1_5' title="bbox 232 510 2271 623; baseline 0.002 -25"><span class='ocrx_word' id='word_1_21' title='bbox 232 551 405 623; x_wconf 90' lang='lat' dir='ltr'><strong>poenam,</strong></span> <span class='ocrx_word' id='word_1_22' title='bbox 439 520 573 593; x_wconf 87' lang='lat' dir='ltr'><strong>etiarnsi</strong></span> <span class='ocrx_word' id='word_1_23' title='bbox 594 540 657 607; x_wconf 92' lang='lat' dir='ltr'><strong>pro</strong></span> <span class='ocrx_word' id='word_1_24' title='bbox 681 515 730 585; x_wconf 90' lang='lat' dir='ltr'><strong>eis</strong></span> <span class='ocrx_word' id='word_1_25' title='bbox 750 515 1003 604; x_wconf 81' lang='lat' dir='ltr'><strong>deprecabatur</strong></span> <span class='ocrx_word' id='word_1_26' title='bbox 1028 510 1222 580; x_wconf 88' lang='lat' dir='ltr'><strong>Nectarius.</strong></span> <span class='ocrx_word' id='word_1_27' title='bbox 1275 534 1402 604; x_wconf 91' lang='lat' dir='ltr'><strong>nymus</strong></span> <span class='ocrx_word' id='word_1_28' title='bbox 1424 535 1489 579; x_wconf 89' lang='lat' dir='ltr'><strong>nec</strong></span> <span class='ocrx_word' id='word_1_29' title='bbox 1505 511 1691 602; x_wconf 87' lang='lat' dir='ltr'><strong>qnisquam</strong></span> <span class='ocrx_word' id='word_1_30' title='bbox 1708 511 1800 580; x_wconf 90' lang='lat' dir='ltr'><strong>alius</strong></span> <span class='ocrx_word' id='word_1_31' title='bbox 1818 513 1972 604; x_wconf 79' lang='lat' dir='ltr'><strong>scripsit.</strong></span> <span class='ocrx_word' id='word_1_32' title='bbox 2002 517 2192 597; x_wconf 87' lang='lat' dir='ltr'><strong>Caeterum</strong></span> <span class='ocrx_word' id='word_1_33' title='bbox 2208 533 2271 602; x_wconf 91' lang='lat' dir='ltr'><strong>alii</strong></span> 
     </span>
     <span class='ocr_line' id='line_1_6' title="bbox 232 609 2272 722; baseline -0.003 -26"><span class='ocrx_word' id='word_1_34' title='bbox 232 629 280 704; x_wconf 88' lang='lat' dir='ltr'><strong>Et</strong></span> <span class='ocrx_word' id='word_1_35' title='bbox 305 629 446 722; x_wconf 89' lang='lat' dir='ltr'><strong>quidem</strong></span> <span class='ocrx_word' id='word_1_36' title='bbox 472 620 590 712; x_wconf 90' lang='lat' dir='ltr'><strong>inquit</strong></span> <span class='ocrx_word' id='word_1_37' title='bbox 610 619 760 708; x_wconf 90' lang='lat' dir='ltr'><strong>loquens</strong></span> <span class='ocrx_word' id='word_1_38' title='bbox 783 618 827 684; x_wconf 85' lang='lat' dir='ltr'><strong>de</strong></span> <span class='ocrx_word' id='word_1_39' title='bbox 849 609 1033 697; x_wconf 88' lang='lat' dir='ltr'><strong>Ethuicis,</strong></span> <span class='ocrx_word' id='word_1_40' title='bbox 1069 636 1105 682; x_wconf 90' lang='lat' dir='ltr'><strong>se</strong></span> <span class='ocrx_word' id='word_1_41' title='bbox 1126 614 1223 681; x_wconf 92' lang='lat' dir='ltr'><strong>nolle</strong></span> <span class='ocrx_word' id='word_1_42' title='bbox 1276 614 1387 702; x_wconf 87' lang='lat' dir='ltr'><strong>sancti</strong></span> <span class='ocrx_word' id='word_1_43' title='bbox 1410 613 1479 681; x_wconf 90' lang='lat' dir='ltr'><strong>viri</strong></span> <span class='ocrx_word' id='word_1_44' title='bbox 1498 611 1576 681; x_wconf 88' lang='lat' dir='ltr'><strong>aliis</strong></span> <span class='ocrx_word' id='word_1_45' title='bbox 1600 613 1790 682; x_wconf 89' lang='lat' dir='ltr'><strong>virtutibus</strong></span> <span class='ocrx_word' id='word_1_46' title='bbox 1814 617 2064 698; x_wconf 84' lang='lat' dir='ltr'><strong>excelluerunt.</strong></span> <span class='ocrx_word' id='word_1_47' title='bbox 2118 626 2189 697; x_wconf 87' lang='lat' dir='ltr'><strong>Sed</strong></span> <span class='ocrx_word' id='word_1_48' title='bbox 2217 646 2272 702; x_wconf 67' lang='lat' dir='ltr'><strong>ta.</strong></span> 
     </span>
    </p>
   </div>
   <div class='ocr_carea' id='block_1_5' title="bbox 151 713 1230 5239">
    <p class='ocr_par' dir='ltr' id='par_1_5' title="bbox 151 713 1230 5239">
     <span class='ocr_line' id='line_1_7' title="bbox 232 713 1225 814; baseline -0.02 -12"><span class='ocrx_word' id='word_1_49' title='bbox 232 736 278 805; x_wconf 93' lang='lat' dir='ltr'><strong>ab</strong></span> <span class='ocrx_word' id='word_1_50' title='bbox 294 731 336 798; x_wconf 91' lang='lat' dir='ltr'><strong>iis</strong></span> <span class='ocrx_word' id='word_1_51' title='bbox 351 724 485 814; x_wconf 90' lang='lat' dir='ltr'><strong>rogari,</strong></span> <span class='ocrx_word' id='word_1_52' title='bbox 508 747 527 789; x_wconf 93' lang='lat' dir='ltr'><strong>a</strong></span> <span class='ocrx_word' id='word_1_53' title='bbox 543 721 673 814; x_wconf 91' lang='lat' dir='ltr'><strong>quihus</strong></span> <span class='ocrx_word' id='word_1_54' title='bbox 689 716 849 790; x_wconf 86' lang='lat' dir='ltr'><strong>Christus</strong></span> <span class='ocrx_word' id='word_1_55' title='bbox 866 740 938 784; x_wconf 94' lang='lat' dir='ltr'><strong>non</strong></span> <span class='ocrx_word' id='word_1_56' title='bbox 954 728 1107 803; x_wconf 81' lang='lat' dir='ltr'><strong>rogetur.</strong></span> <span class='ocrx_word' id='word_1_57' title='bbox 1152 713 1225 782; x_wconf 94' lang='lat' dir='ltr'><strong>Bo-</strong></span> 
     </span>
     <span class='ocr_line' id='line_1_8' title="bbox 233 818 1226 908; baseline -0.017 -6"><span class='ocrx_word' id='word_1_58' title='bbox 233 828 401 903; x_wconf 84' lang='lat' dir='ltr'><strong>nifatium</strong></span> <span class='ocrx_word' id='word_1_59' title='bbox 431 821 606 895; x_wconf 88' lang='lat' dir='ltr'><strong>Comitem</strong></span> <span class='ocrx_word' id='word_1_60' title='bbox 635 844 754 890; x_wconf 87' lang='lat' dir='ltr'><strong>severe</strong></span> <span class='ocrx_word' id='word_1_61' title='bbox 786 819 968 907; x_wconf 89' lang='lat' dir='ltr'><strong>obiurgat,</strong></span> <span class='ocrx_word' id='word_1_62' title='bbox 1001 819 1096 908; x_wconf 93' lang='lat' dir='ltr'><strong>quod</strong></span> <span class='ocrx_word' id='word_1_63' title='bbox 1125 818 1226 885; x_wconf 89' lang='lat' dir='ltr'><strong>duxit</strong></span> 
     </span>
     <span class='ocr_line' id='line_1_9' title="bbox 233 909 1225 1014; baseline -0.017 -11"><span class='ocrx_word' id='word_1_64' title='bbox 233 928 412 1003; x_wconf 85' lang='lat' dir='ltr'><strong>ethnicam</strong></span> <span class='ocrx_word' id='word_1_65' title='bbox 436 927 635 1014; x_wconf 90' lang='lat' dir='ltr'><strong>coniugem.</strong></span> <span class='ocrx_word' id='word_1_66' title='bbox 689 909 828 992; x_wconf 83' lang='lat' dir='ltr'><strong>Rursus</strong></span> <span class='ocrx_word' id='word_1_67' title='bbox 854 920 966 989; x_wconf 87' lang='lat' dir='ltr'><strong>multa</strong></span> <span class='ocrx_word' id='word_1_68' title='bbox 990 917 1225 986; x_wconf 83' lang='lat' dir='ltr'><strong>leniterfecit.</strong></span> 
     </span>
     <span class='ocr_line' id='line_1_10' title="bbox 232 1019 1226 1114; baseline -0.015 -13"><span class='ocrx_word' id='word_1_69' title='bbox 232 1032 316 1107; x_wconf 82' lang='lat' dir='ltr'><strong>Non</strong></span> <span class='ocrx_word' id='word_1_70' title='bbox 339 1029 418 1098; x_wconf 85' lang='lat' dir='ltr'><strong>vult</strong></span> <span class='ocrx_word' id='word_1_71' title='bbox 439 1026 589 1098; x_wconf 84' lang='lat' dir='ltr'><strong>interfici</strong></span> <span class='ocrx_word' id='word_1_72' title='bbox 612 1024 780 1104; x_wconf 89' lang='lat' dir='ltr'><strong>militem,</strong></span> <span class='ocrx_word' id='word_1_73' title='bbox 806 1022 867 1114; x_wconf 90' lang='lat' dir='ltr'><strong>qui</strong></span> <span class='ocrx_word' id='word_1_74' title='bbox 886 1021 1057 1111; x_wconf 90' lang='lat' dir='ltr'><strong>templum</strong></span> <span class='ocrx_word' id='word_1_75' title='bbox 1071 1019 1226 1088; x_wconf 85' lang='lat' dir='ltr'><strong>violave·</strong></span> 
     </span>
     <span class='ocr_line' id='line_1_11' title="bbox 235 1120 1226 1215; baseline -0.019 -10"><span class='ocrx_word' id='word_1_76' title='bbox 235 1147 308 1215; x_wconf 88' lang='lat' dir='ltr'><strong>rat,</strong></span> <span class='ocrx_word' id='word_1_77' title='bbox 334 1133 395 1200; x_wconf 88' lang='lat' dir='ltr'><strong>sed</strong></span> <span class='ocrx_word' id='word_1_78' title='bbox 418 1129 517 1198; x_wconf 88' lang='lat' dir='ltr'><strong>iubet</strong></span> <span class='ocrx_word' id='word_1_79' title='bbox 539 1151 620 1197; x_wconf 90' lang='lat' dir='ltr'><strong>eum</strong></span> <span class='ocrx_word' id='word_1_80' title='bbox 640 1123 825 1193; x_wconf 87' lang='lat' dir='ltr'><strong>admoneri</strong></span> <span class='ocrx_word' id='word_1_81' title='bbox 850 1136 884 1192; x_wconf 91' lang='lat' dir='ltr'><strong>et</strong></span> <span class='ocrx_word' id='word_1_82' title='bbox 907 1124 950 1190; x_wconf 89' lang='lat' dir='ltr'><strong>ad</strong></span> <span class='ocrx_word' id='word_1_83' title='bbox 974 1120 1226 1211; x_wconf 90' lang='lat' dir='ltr'><strong>poenitentiam</strong></span> 
     </span>
     <span class='ocr_line' id='line_1_12' title="bbox 237 1217 1228 1316; baseline -0.017 -12"><span class='ocrx_word' id='word_1_84' title='bbox 237 1232 395 1304; x_wconf 86' lang='lat' dir='ltr'><strong>invitari.</strong></span> <span class='ocrx_word' id='word_1_85' title='bbox 448 1228 605 1316; x_wconf 82' lang='lat' dir='ltr'><strong>Quidam</strong></span> <span class='ocrx_word' id='word_1_86' title='bbox 627 1229 820 1295; x_wconf 87' lang='lat' dir='ltr'><strong>donaverat</strong></span> <span class='ocrx_word' id='word_1_87' title='bbox 837 1236 970 1293; x_wconf 85' lang='lat' dir='ltr'><strong>certum</strong></span> <span class='ocrx_word' id='word_1_88' title='bbox 991 1223 1142 1291; x_wconf 83' lang='lat' dir='ltr'><strong>fundum</strong></span> <span class='ocrx_word' id='word_1_89' title='bbox 1157 1217 1228 1288; x_wconf 89' lang='lat' dir='ltr'><strong>Ec-</strong></span> 
     </span>
     <span class='ocr_line' id='line_1_13' title="bbox 236 1322 1227 1422; baseline -0.016 -17"><span class='ocrx_word' id='word_1_90' title='bbox 236 1335 379 1418; x_wconf 90' lang='lat' dir='ltr'><strong>clesiae,</strong></span> <span class='ocrx_word' id='word_1_91' title='bbox 405 1344 485 1422; x_wconf 88' lang='lat' dir='ltr'><strong>post</strong></span> <span class='ocrx_word' id='word_1_92' title='bbox 503 1353 639 1399; x_wconf 91' lang='lat' dir='ltr'><strong>annum</strong></span> <span class='ocrx_word' id='word_1_93' title='bbox 661 1337 793 1395; x_wconf 88' lang='lat' dir='ltr'><strong>mutata</strong></span> <span class='ocrx_word' id='word_1_94' title='bbox 806 1325 1005 1407; x_wconf 89' lang='lat' dir='ltr'><strong>voluntate,</strong></span> <span class='ocrx_word' id='word_1_95' title='bbox 1031 1322 1159 1412; x_wconf 92' lang='lat' dir='ltr'><strong>repetit</strong></span> <span class='ocrx_word' id='word_1_96' title='bbox 1174 1334 1227 1390; x_wconf 92' lang='lat' dir='ltr'><strong>ta-</strong></span> 
     </span>
     <span class='ocr_line' id='line_1_14' title="bbox 237 1421 1228 1521; baseline -0.018 -15"><span class='ocrx_word' id='word_1_97' title='bbox 237 1437 356 1506; x_wconf 87' lang='lat' dir='ltr'><strong>bulas:</strong></span> <span class='ocrx_word' id='word_1_98' title='bbox 383 1429 604 1521; x_wconf 83' lang='lat' dir='ltr'><strong>Augustinus</strong></span> <span class='ocrx_word' id='word_1_99' title='bbox 627 1451 672 1495; x_wconf 90' lang='lat' dir='ltr'><strong>ne</strong></span> <span class='ocrx_word' id='word_1_100' title='bbox 689 1451 768 1495; x_wconf 92' lang='lat' dir='ltr'><strong>cum</strong></span> <span class='ocrx_word' id='word_1_101' title='bbox 786 1421 931 1494; x_wconf 91' lang='lat' dir='ltr'><strong>homine</strong></span> <span class='ocrx_word' id='word_1_102' title='bbox 951 1424 1138 1515; x_wconf 86' lang='lat' dir='ltr'><strong>perfidioso</strong></span> <span class='ocrx_word' id='word_1_103' title='bbox 1154 1423 1228 1493; x_wconf 88' lang='lat' dir='ltr'><strong>liti-</strong></span> 
     </span>
     <span class='ocr_line' id='line_1_15' title="bbox 238 1525 1229 1627; baseline -0.013 -22"><span class='ocrx_word' id='word_1_104' title='bbox 238 1549 354 1627; x_wconf 87' lang='lat' dir='ltr'><strong>garet,</strong></span> <span class='ocrx_word' id='word_1_105' title='bbox 380 1534 519 1605; x_wconf 89' lang='lat' dir='ltr'><strong>tabulas</strong></span> <span class='ocrx_word' id='word_1_106' title='bbox 541 1531 671 1600; x_wconf 87' lang='lat' dir='ltr'><strong>reddit.</strong></span> <span class='ocrx_word' id='word_1_107' title='bbox 729 1525 812 1596; x_wconf 86' lang='lat' dir='ltr'><strong>Fuit</strong></span> <span class='ocrx_word' id='word_1_108' title='bbox 830 1539 864 1595; x_wconf 90' lang='lat' dir='ltr'><strong>et</strong></span> <span class='ocrx_word' id='word_1_109' title='bbox 879 1527 1014 1616; x_wconf 87' lang='lat' dir='ltr'><strong>privata</strong></span> <span class='ocrx_word' id='word_1_110' title='bbox 1035 1527 1107 1596; x_wconf 91' lang='lat' dir='ltr'><strong>vita</strong></span> <span class='ocrx_word' id='word_1_111' title='bbox 1124 1525 1229 1616; x_wconf 90' lang='lat' dir='ltr'><strong>plena</strong></span> 
     </span>
     <span class='ocr_line' id='line_1_16' title="bbox 238 1628 1229 1728; baseline -0.015 -20"><span class='ocrx_word' id='word_1_112' title='bbox 238 1639 456 1728; x_wconf 88' lang='lat' dir='ltr'><strong>optimorum</strong></span> <span class='ocrx_word' id='word_1_113' title='bbox 479 1632 737 1722; x_wconf 88' lang='lat' dir='ltr'><strong>exemplorum,</strong></span> <span class='ocrx_word' id='word_1_114' title='bbox 771 1628 962 1719; x_wconf 87' lang='lat' dir='ltr'><strong>pudicitiae</strong></span> <span class='ocrx_word' id='word_1_115' title='bbox 980 1640 1014 1697; x_wconf 91' lang='lat' dir='ltr'><strong>et</strong></span> <span class='ocrx_word' id='word_1_116' title='bbox 1028 1638 1229 1717; x_wconf 89' lang='lat' dir='ltr'><strong>temperan-</strong></span> 
     </span>
     <span class='ocr_line' id='line_1_17' title="bbox 236 1729 1229 1813; baseline -0.013 -4"><span class='ocrx_word' id='word_1_117' title='bbox 236 1741 316 1812; x_wconf 87' lang='lat' dir='ltr'><strong>tiae.</strong></span> <span class='ocrx_word' id='word_1_118' title='bbox 367 1729 459 1805; x_wconf 90' lang='lat' dir='ltr'><strong>Odit</strong></span> <span class='ocrx_word' id='word_1_119' title='bbox 475 1734 681 1813; x_wconf 88' lang='lat' dir='ltr'><strong>maledicos,</strong></span> <span class='ocrx_word' id='word_1_120' title='bbox 706 1743 747 1799; x_wconf 94' lang='lat' dir='ltr'><strong>ut</strong></span> <span class='ocrx_word' id='word_1_121' title='bbox 772 1729 846 1798; x_wconf 93' lang='lat' dir='ltr'><strong>eius</strong></span> <span class='ocrx_word' id='word_1_122' title='bbox 862 1729 1026 1797; x_wconf 91' lang='lat' dir='ltr'><strong>versiculi</strong></span> <span class='ocrx_word' id='word_1_123' title='bbox 1044 1740 1229 1798; x_wconf 90' lang='lat' dir='ltr'><strong>testantur.</strong></span> 
     </span>
     <span class='ocr_line' id='line_1_18' title="bbox 237 1829 1229 1914; baseline -0.012 -5"><span class='ocrx_word' id='word_1_124' title='bbox 237 1839 362 1909; x_wconf 83' lang='lat' dir='ltr'><strong>Fuisse</strong></span> <span class='ocrx_word' id='word_1_125' title='bbox 380 1849 553 1905; x_wconf 89' lang='lat' dir='ltr'><strong>amantem</strong></span> <span class='ocrx_word' id='word_1_126' title='bbox 576 1830 754 1914; x_wconf 90' lang='lat' dir='ltr'><strong>veritatis,</strong></span> <span class='ocrx_word' id='word_1_127' title='bbox 780 1829 941 1897; x_wconf 91' lang='lat' dir='ltr'><strong>indicant</strong></span> <span class='ocrx_word' id='word_1_128' title='bbox 961 1830 1046 1898; x_wconf 89' lang='lat' dir='ltr'><strong>libri</strong></span> <span class='ocrx_word' id='word_1_129' title='bbox 1062 1840 1229 1898; x_wconf 88' lang='lat' dir='ltr'><strong>retracta·</strong></span> 
     </span>
     <span class='ocr_line' id='line_1_19' title="bbox 239 1931 1230 2028; baseline -0.011 -19"><span class='ocrx_word' id='word_1_130' title='bbox 239 1941 396 2022; x_wconf 92' lang='lat' dir='ltr'><strong>tionum,</strong></span> <span class='ocrx_word' id='word_1_131' title='bbox 422 1936 519 2028; x_wconf 89' lang='lat' dir='ltr'><strong>qnod</strong></span> <span class='ocrx_word' id='word_1_132' title='bbox 541 1957 623 2003; x_wconf 92' lang='lat' dir='ltr'><strong>suos</strong></span> <span class='ocrx_word' id='word_1_133' title='bbox 649 1954 785 2001; x_wconf 88' lang='lat' dir='ltr'><strong>errores</strong></span> <span class='ocrx_word' id='word_1_134' title='bbox 804 1931 955 2017; x_wconf 89' lang='lat' dir='ltr'><strong>ingenue</strong></span> <span class='ocrx_word' id='word_1_135' title='bbox 971 1932 1102 2000; x_wconf 85' lang='lat' dir='ltr'><strong>fatetur</strong></span> <span class='ocrx_word' id='word_1_136' title='bbox 1124 1943 1159 1998; x_wconf 88' lang='lat' dir='ltr'><strong>et</strong></span> <span class='ocrx_word' id='word_1_137' title='bbox 1172 1953 1230 1998; x_wconf 87' lang='lat' dir='ltr'><strong>re·</strong></span> 
     </span>
     <span class='ocr_line' id='line_1_20' title="bbox 238 2032 1229 2127; baseline -0.013 -17"><span class='ocrx_word' id='word_1_138' title='bbox 238 2053 366 2110; x_wconf 89' lang='lat' dir='ltr'><strong>cantat.</strong></span> <span class='ocrx_word' id='word_1_139' title='bbox 423 2034 594 2127; x_wconf 86' lang='lat' dir='ltr'><strong>Egressus</strong></span> <span class='ocrx_word' id='word_1_140' title='bbox 624 2033 917 2125; x_wconf 90' lang='lat' dir='ltr'><strong>septuagesimum</strong></span> <span class='ocrx_word' id='word_1_141' title='bbox 942 2055 1076 2100; x_wconf 91' lang='lat' dir='ltr'><strong>annum</strong></span> <span class='ocrx_word' id='word_1_142' title='bbox 1107 2032 1229 2100; x_wconf 88' lang='lat' dir='ltr'><strong>aetatis</strong></span> 
     </span>
     <span class='ocr_line' id='line_1_21' title="bbox 239 2129 1228 2224; baseline -0.014 -12"><span class='ocrx_word' id='word_1_143' title='bbox 239 2166 320 2212; x_wconf 90' lang='lat' dir='ltr'><strong>suae</strong></span> <span class='ocrx_word' id='word_1_144' title='bbox 346 2152 507 2209; x_wconf 90' lang='lat' dir='ltr'><strong>mortuus</strong></span> <span class='ocrx_word' id='word_1_145' title='bbox 532 2149 604 2218; x_wconf 90' lang='lat' dir='ltr'><strong>est,</strong></span> <span class='ocrx_word' id='word_1_146' title='bbox 635 2160 714 2205; x_wconf 90' lang='lat' dir='ltr'><strong>cum</strong></span> <span class='ocrx_word' id='word_1_147' title='bbox 735 2133 943 2224; x_wconf 86' lang='lat' dir='ltr'><strong>praefuisset</strong></span> <span class='ocrx_word' id='word_1_148' title='bbox 963 2129 1142 2201; x_wconf 88' lang='lat' dir='ltr'><strong>Ecclesiae</strong></span> <span class='ocrx_word' id='word_1_149' title='bbox 1165 2155 1228 2200; x_wconf 90' lang='lat' dir='ltr'><strong>an·</strong></span> 
     </span>
     <span class='ocr_line' id='line_1_22' title="bbox 239 2232 1230 2333; baseline -0.01 -22"><span class='ocrx_word' id='word_1_150' title='bbox 239 2267 305 2311; x_wconf 92' lang='lat' dir='ltr'><strong>nos</strong></span> <span class='ocrx_word' id='word_1_151' title='bbox 318 2239 549 2333; x_wconf 88' lang='lat' dir='ltr'><strong>quadraginta</strong></span> <span class='ocrx_word' id='word_1_152' title='bbox 566 2237 748 2306; x_wconf 78' lang='lat' dir='ltr'><strong>foeliciter.</strong></span> <span class='ocrx_word' id='word_1_153' title='bbox 801 2232 958 2302; x_wconf 85' lang='lat' dir='ltr'><strong>Accessit</strong></span> <span class='ocrx_word' id='word_1_154' title='bbox 974 2232 1035 2300; x_wconf 90' lang='lat' dir='ltr'><strong>illa</strong></span> <span class='ocrx_word' id='word_1_155' title='bbox 1052 2234 1230 2303; x_wconf 88' lang='lat' dir='ltr'><strong>calamitas</strong></span> 
     </span>
     <span class='ocr_line' id='line_1_23' title="bbox 238 2330 1230 2413; baseline -0.009 -2"><span class='ocrx_word' id='word_1_156' title='bbox 238 2345 278 2411; x_wconf 94' lang='lat' dir='ltr'><strong>in</strong></span> <span class='ocrx_word' id='word_1_157' title='bbox 300 2342 425 2411; x_wconf 88' lang='lat' dir='ltr'><strong>ultima</strong></span> <span class='ocrx_word' id='word_1_158' title='bbox 448 2353 583 2410; x_wconf 90' lang='lat' dir='ltr'><strong>senecta</strong></span> <span class='ocrx_word' id='word_1_159' title='bbox 593 2366 605 2413; x_wconf 78' lang='lat' dir='ltr'><strong>z,</strong></span> <span class='ocrx_word' id='word_1_160' title='bbox 634 2337 761 2405; x_wconf 89' lang='lat' dir='ltr'><strong>vidita</strong></span> <span class='ocrx_word' id='word_1_161' title='bbox 783 2333 953 2404; x_wconf 87' lang='lat' dir='ltr'><strong>Va&#39;ndalis</strong></span> <span class='ocrx_word' id='word_1_162' title='bbox 975 2335 1104 2403; x_wconf 89' lang='lat' dir='ltr'><strong>vastari</strong></span> <span class='ocrx_word' id='word_1_163' title='bbox 1131 2330 1230 2403; x_wconf 89' lang='lat' dir='ltr'><strong>Afri·</strong></span> 
     </span>
     <span class='ocr_line' id='line_1_24' title="bbox 238 2436 1230 2534; baseline -0.011 -20"><span class='ocrx_word' id='word_1_164' title='bbox 238 2468 331 2524; x_wconf 90' lang='lat' dir='ltr'><strong>cam,</strong></span> <span class='ocrx_word' id='word_1_165' title='bbox 376 2442 437 2534; x_wconf 93' lang='lat' dir='ltr'><strong>qni</strong></span> <span class='ocrx_word' id='word_1_166' title='bbox 470 2464 550 2510; x_wconf 90' lang='lat' dir='ltr'><strong>cnm</strong></span> <span class='ocrx_word' id='word_1_167' title='bbox 584 2439 713 2528; x_wconf 90' lang='lat' dir='ltr'><strong>passim</strong></span> <span class='ocrx_word' id='word_1_168' title='bbox 747 2436 865 2506; x_wconf 92' lang='lat' dir='ltr'><strong>omnia</strong></span> <span class='ocrx_word' id='word_1_169' title='bbox 899 2436 1065 2526; x_wconf 91' lang='lat' dir='ltr'><strong>populari</strong></span> <span class='ocrx_word' id='word_1_170' title='bbox 1100 2448 1230 2519; x_wconf 88' lang='lat' dir='ltr'><strong>essent,</strong></span> 
     </span>
     <span class='ocr_line' id='line_1_25' title="bbox 238 2533 1229 2629; baseline -0.006 -18"><span class='ocrx_word' id='word_1_171' title='bbox 238 2544 428 2612; x_wconf 88' lang='lat' dir='ltr'><strong>cinxerunt</strong></span> <span class='ocrx_word' id='word_1_172' title='bbox 443 2541 630 2609; x_wconf 90' lang='lat' dir='ltr'><strong>obsidione</strong></span> <span class='ocrx_word' id='word_1_173' title='bbox 646 2539 769 2607; x_wconf 87' lang='lat' dir='ltr'><strong>urbem</strong></span> <span class='ocrx_word' id='word_1_174' title='bbox 785 2533 1075 2626; x_wconf 85' lang='lat' dir='ltr'><strong>Hipponensem,</strong></span> <span class='ocrx_word' id='word_1_175' title='bbox 1102 2537 1140 2604; x_wconf 91' lang='lat' dir='ltr'><strong>in</strong></span> <span class='ocrx_word' id='word_1_176' title='bbox 1161 2560 1229 2629; x_wconf 91' lang='lat' dir='ltr'><strong>qua</strong></span> 
     </span>
     <span class='ocr_line' id='line_1_26' title="bbox 240 2637 1230 2732; baseline -0.006 -20"><span class='ocrx_word' id='word_1_177' title='bbox 240 2655 313 2712; x_wconf 87' lang='lat' dir='ltr'><strong>erat</strong></span> <span class='ocrx_word' id='word_1_178' title='bbox 334 2640 574 2731; x_wconf 89' lang='lat' dir='ltr'><strong>Augustinus,</strong></span> <span class='ocrx_word' id='word_1_179' title='bbox 603 2640 664 2732; x_wconf 89' lang='lat' dir='ltr'><strong>qui</strong></span> <span class='ocrx_word' id='word_1_180' title='bbox 685 2653 775 2731; x_wconf 22' lang='lat' dir='ltr'><strong>tunc!</strong></span> <span class='ocrx_word' id='word_1_181' title='bbox 791 2637 1009 2705; x_wconf 89' lang='lat' dir='ltr'><strong>luculentum</strong></span> <span class='ocrx_word' id='word_1_182' title='bbox 1036 2638 1125 2706; x_wconf 92' lang='lat' dir='ltr'><strong>illud</strong></span> <span class='ocrx_word' id='word_1_183' title='bbox 1141 2661 1230 2726; x_wconf 91' lang='lat' dir='ltr'><strong>opus</strong></span> 
     </span>
     <span class='ocr_line' id='line_1_27' title="bbox 239 2733 1228 2827; baseline -0.005 -13"><span class='ocrx_word' id='word_1_184' title='bbox 239 2745 430 2827; x_wconf 84' lang='lat' dir='ltr'><strong>scribebat,</strong></span> <span class='ocrx_word' id='word_1_185' title='bbox 468 2742 526 2812; x_wconf 91' lang='lat' dir='ltr'><strong>cui</strong></span> <span class='ocrx_word' id='word_1_186' title='bbox 564 2741 708 2810; x_wconf 90' lang='lat' dir='ltr'><strong>titulum</strong></span> <span class='ocrx_word' id='word_1_187' title='bbox 740 2738 841 2817; x_wconf 84' lang='lat' dir='ltr'><strong>fecit,</strong></span> <span class='ocrx_word' id='word_1_188' title='bbox 884 2751 1004 2807; x_wconf 92' lang='lat' dir='ltr'><strong>contra</strong></span> <span class='ocrx_word' id='word_1_189' title='bbox 1035 2733 1228 2810; x_wconf 92' lang='lat' dir='ltr'><strong>Iulianum.</strong></span> 
     </span>
     <span class='ocr_line' id='line_1_28' title="bbox 238 2836 1229 2935; baseline -0.011 -18"><span class='ocrx_word' id='word_1_190' title='bbox 238 2843 393 2935; x_wconf 87' lang='lat' dir='ltr'><strong>Rogavit</strong></span> <span class='ocrx_word' id='word_1_191' title='bbox 423 2856 541 2914; x_wconf 88' lang='lat' dir='ltr'><strong>autem</strong></span> <span class='ocrx_word' id='word_1_192' title='bbox 569 2840 703 2925; x_wconf 88' lang='lat' dir='ltr'><strong>Deum,</strong></span> <span class='ocrx_word' id='word_1_193' title='bbox 736 2853 777 2909; x_wconf 88' lang='lat' dir='ltr'><strong>ut</strong></span> <span class='ocrx_word' id='word_1_194' title='bbox 798 2838 855 2906; x_wconf 88' lang='lat' dir='ltr'><strong>vel</strong></span> <span class='ocrx_word' id='word_1_195' title='bbox 889 2839 1080 2929; x_wconf 90' lang='lat' dir='ltr'><strong>depelleret</strong></span> <span class='ocrx_word' id='word_1_196' title='bbox 1102 2836 1229 2923; x_wconf 87' lang='lat' dir='ltr'><strong>hostes,</strong></span> 
     </span>
     <span class='ocr_line' id='line_1_29' title="bbox 237 2940 1228 3020; baseline -0.006 -6"><span class='ocrx_word' id='word_1_197' title='bbox 237 2947 293 3015; x_wconf 90' lang='lat' dir='ltr'><strong>vel</strong></span> <span class='ocrx_word' id='word_1_198' title='bbox 315 2970 350 3015; x_wconf 89' lang='lat' dir='ltr'><strong>se</strong></span> <span class='ocrx_word' id='word_1_199' title='bbox 370 2971 410 3015; x_wconf 88' lang='lat' dir='ltr'><strong>ex</strong></span> <span class='ocrx_word' id='word_1_200' title='bbox 427 2940 483 3013; x_wconf 91' lang='lat' dir='ltr'><strong>his</strong></span> <span class='ocrx_word' id='word_1_201' title='bbox 503 2943 654 3012; x_wconf 91' lang='lat' dir='ltr'><strong>miseriis</strong></span> <span class='ocrx_word' id='word_1_202' title='bbox 675 2953 835 3010; x_wconf 86' lang='lat' dir='ltr'><strong>evocaret</strong></span> <span class='ocrx_word' id='word_1_203' title='bbox 857 2941 901 3007; x_wconf 90' lang='lat' dir='ltr'><strong>ad</strong></span> <span class='ocrx_word' id='word_1_204' title='bbox 918 2940 1228 3020; x_wconf 89' lang='lat' dir='ltr'><strong>immortalitatem,</strong></span> 
     </span>
     <span class='ocr_line' id='line_1_30' title="bbox 237 3038 1230 3139; baseline -0.005 -24"><span class='ocrx_word' id='word_1_205' title='bbox 237 3048 410 3139; x_wconf 91' lang='lat' dir='ltr'><strong>quianon</strong></span> <span class='ocrx_word' id='word_1_206' title='bbox 428 3060 540 3135; x_wconf 90' lang='lat' dir='ltr'><strong>posset</strong></span> <span class='ocrx_word' id='word_1_207' title='bbox 558 3067 630 3113; x_wconf 90' lang='lat' dir='ltr'><strong>esse</strong></span> <span class='ocrx_word' id='word_1_208' title='bbox 645 3055 820 3134; x_wconf 89' lang='lat' dir='ltr'><strong>spectator</strong></span> <span class='ocrx_word' id='word_1_209' title='bbox 834 3042 1112 3132; x_wconf 85' lang='lat' dir='ltr'><strong>expugnationis.</strong></span> <span class='ocrx_word' id='word_1_210' title='bbox 1156 3038 1230 3112; x_wconf 92' lang='lat' dir='ltr'><strong>De-</strong></span> 
     </span>
     <span class='ocr_line' id='line_1_31' title="bbox 238 3139 1227 3235; baseline -0.004 -20"><span class='ocrx_word' id='word_1_211' title='bbox 238 3149 340 3216; x_wconf 87' lang='lat' dir='ltr'><strong>cessit</strong></span> <span class='ocrx_word' id='word_1_212' title='bbox 351 3147 459 3234; x_wconf 89' lang='lat' dir='ltr'><strong>igitur</strong></span> <span class='ocrx_word' id='word_1_213' title='bbox 473 3144 692 3234; x_wconf 89' lang='lat' dir='ltr'><strong>Augustinus</strong></span> <span class='ocrx_word' id='word_1_214' title='bbox 708 3167 802 3212; x_wconf 90' lang='lat' dir='ltr'><strong>anno</strong></span> <span class='ocrx_word' id='word_1_215' title='bbox 817 3139 966 3211; x_wconf 88' lang='lat' dir='ltr'><strong>Domini</strong></span> <span class='ocrx_word' id='word_1_216' title='bbox 988 3144 1227 3235; x_wconf 86' lang='lat' dir='ltr'><strong>quadringen-</strong></span> 
     </span>
     <span class='ocr_line' id='line_1_32' title="bbox 238 3245 1223 3335; baseline -0.003 -19"><span class='ocrx_word' id='word_1_217' title='bbox 238 3247 362 3316; x_wconf 90' lang='lat' dir='ltr'><strong>tesimo</strong></span> <span class='ocrx_word' id='word_1_218' title='bbox 388 3246 489 3314; x_wconf 91' lang='lat' dir='ltr'><strong>tertio</strong></span> <span class='ocrx_word' id='word_1_219' title='bbox 514 3248 662 3312; x_wconf 83' lang='lat' dir='ltr'><strong>durante</strong></span> <span class='ocrx_word' id='word_1_220' title='bbox 688 3245 893 3326; x_wconf 89' lang='lat' dir='ltr'><strong>obsidione,</strong></span> <span class='ocrx_word' id='word_1_221' title='bbox 916 3256 997 3312; x_wconf 90' lang='lat' dir='ltr'><strong>ante</strong></span> <span class='ocrx_word' id='word_1_222' title='bbox 1015 3259 1149 3335; x_wconf 91' lang='lat' dir='ltr'><strong>captam</strong></span> <span class='ocrx_word' id='word_1_223' title='bbox 1167 3270 1223 3313; x_wconf 90' lang='lat' dir='ltr'><strong>nr-</strong></span> 
     </span>
     <span class='ocr_line' id='line_1_33' title="bbox 238 3343 1227 3434; baseline 0.001 -19"><span class='ocrx_word' id='word_1_224' title='bbox 238 3348 331 3418; x_wconf 85' lang='lat' dir='ltr'><strong>bem.</strong></span> <span class='ocrx_word' id='word_1_225' title='bbox 382 3344 455 3414; x_wconf 88' lang='lat' dir='ltr'><strong>Nec</strong></span> <span class='ocrx_word' id='word_1_226' title='bbox 470 3345 617 3413; x_wconf 81' lang='lat' dir='ltr'><strong>excussit</strong></span> <span class='ocrx_word' id='word_1_227' title='bbox 632 3344 663 3411; x_wconf 91' lang='lat' dir='ltr'><strong>ei</strong></span> <span class='ocrx_word' id='word_1_228' title='bbox 680 3343 784 3410; x_wconf 88' lang='lat' dir='ltr'><strong>fidem</strong></span> <span class='ocrx_word' id='word_1_229' title='bbox 804 3344 866 3410; x_wconf 89' lang='lat' dir='ltr'><strong>illa</strong></span> <span class='ocrx_word' id='word_1_230' title='bbox 881 3344 1060 3412; x_wconf 85' lang='lat' dir='ltr'><strong>calamitas</strong></span> <span class='ocrx_word' id='word_1_231' title='bbox 1075 3347 1227 3434; x_wconf 90' lang='lat' dir='ltr'><strong>publica.</strong></span> 
     </span>
     <span class='ocr_line' id='line_1_34' title="bbox 238 3442 1228 3536; baseline -0.002 -20"><span class='ocrx_word' id='word_1_232' title='bbox 238 3445 329 3516; x_wconf 88' lang='lat' dir='ltr'><strong>Cum</strong></span> <span class='ocrx_word' id='word_1_233' title='bbox 356 3446 450 3513; x_wconf 90' lang='lat' dir='ltr'><strong>enim</strong></span> <span class='ocrx_word' id='word_1_234' title='bbox 468 3445 700 3514; x_wconf 89' lang='lat' dir='ltr'><strong>consuluisset</strong></span> <span class='ocrx_word' id='word_1_235' title='bbox 723 3468 802 3512; x_wconf 88' lang='lat' dir='ltr'><strong>eum</strong></span> <span class='ocrx_word' id='word_1_236' title='bbox 819 3443 955 3511; x_wconf 88' lang='lat' dir='ltr'><strong>vicinus</strong></span> <span class='ocrx_word' id='word_1_237' title='bbox 971 3442 1168 3536; x_wconf 89' lang='lat' dir='ltr'><strong>Episcopus</strong></span> <span class='ocrx_word' id='word_1_238' title='bbox 1184 3448 1228 3514; x_wconf 90' lang='lat' dir='ltr'><strong>de</strong></span> 
     </span>
     <span class='ocr_line' id='line_1_35' title="bbox 238 3543 1227 3638; baseline -0.003 -21"><span class='ocrx_word' id='word_1_239' title='bbox 238 3550 340 3636; x_wconf 84' lang='lat' dir='ltr'><strong>fuga,</strong></span> <span class='ocrx_word' id='word_1_240' title='bbox 374 3571 419 3616; x_wconf 91' lang='lat' dir='ltr'><strong>an</strong></span> <span class='ocrx_word' id='word_1_241' title='bbox 443 3548 665 3638; x_wconf 89' lang='lat' dir='ltr'><strong>quaerendae</strong></span> <span class='ocrx_word' id='word_1_242' title='bbox 685 3559 799 3616; x_wconf 89' lang='lat' dir='ltr'><strong>essent</strong></span> <span class='ocrx_word' id='word_1_243' title='bbox 821 3543 992 3628; x_wconf 91' lang='lat' dir='ltr'><strong>latebrae,</strong></span> <span class='ocrx_word' id='word_1_244' title='bbox 1024 3546 1126 3614; x_wconf 90' lang='lat' dir='ltr'><strong>iussit</strong></span> <span class='ocrx_word' id='word_1_245' title='bbox 1147 3571 1227 3617; x_wconf 91' lang='lat' dir='ltr'><strong>eum</strong></span> 
     </span>
     <span class='ocr_line' id='line_1_36' title="bbox 237 3643 1226 3737; baseline -0.002 -19"><span class='ocrx_word' id='word_1_246' title='bbox 237 3646 459 3737; x_wconf 89' lang='lat' dir='ltr'><strong>Augustinus</strong></span> <span class='ocrx_word' id='word_1_247' title='bbox 487 3671 560 3717; x_wconf 90' lang='lat' dir='ltr'><strong>non</strong></span> <span class='ocrx_word' id='word_1_248' title='bbox 587 3650 746 3717; x_wconf 88' lang='lat' dir='ltr'><strong>deserere</strong></span> <span class='ocrx_word' id='word_1_249' title='bbox 777 3643 989 3730; x_wconf 84' lang='lat' dir='ltr'><strong>Ecclesiam3</strong></span> <span class='ocrx_word' id='word_1_250' title='bbox 1035 3647 1100 3718; x_wconf 92' lang='lat' dir='ltr'><strong>etsi</strong></span> <span class='ocrx_word' id='word_1_251' title='bbox 1132 3649 1226 3719; x_wconf 87' lang='lat' dir='ltr'><strong>enim</strong></span> 
     </span>
     <span class='ocr_line' id='line_1_37' title="bbox 237 3742 1229 3840; baseline 0 -22"><span class='ocrx_word' id='word_1_252' title='bbox 237 3753 363 3820; x_wconf 90' lang='lat' dir='ltr'><strong>ruebat</strong></span> <span class='ocrx_word' id='word_1_253' title='bbox 376 3750 584 3840; x_wconf 90' lang='lat' dir='ltr'><strong>imperium,</strong></span> <span class='ocrx_word' id='word_1_254' title='bbox 614 3764 731 3819; x_wconf 90' lang='lat' dir='ltr'><strong>tamen</strong></span> <span class='ocrx_word' id='word_1_255' title='bbox 750 3744 825 3816; x_wconf 90' lang='lat' dir='ltr'><strong>Deo</strong></span> <span class='ocrx_word' id='word_1_256' title='bbox 843 3742 1036 3817; x_wconf 88' lang='lat' dir='ltr'><strong>Ecclesiam</strong></span> <span class='ocrx_word' id='word_1_257' title='bbox 1051 3773 1154 3820; x_wconf 91' lang='lat' dir='ltr'><strong>curae</strong></span> <span class='ocrx_word' id='word_1_258' title='bbox 1170 3751 1229 3819; x_wconf 84' lang='lat' dir='ltr'><strong>fu·</strong></span> 
     </span>
     <span class='ocr_line' id='line_1_38' title="bbox 236 3847 1226 3944; baseline 0.001 -24"><span class='ocrx_word' id='word_1_259' title='bbox 236 3864 353 3920; x_wconf 88' lang='lat' dir='ltr'><strong>turam</strong></span> <span class='ocrx_word' id='word_1_260' title='bbox 375 3873 458 3920; x_wconf 91' lang='lat' dir='ltr'><strong>esse.</strong></span> <span class='ocrx_word' id='word_1_261' title='bbox 511 3847 628 3944; x_wconf 89' lang='lat' dir='ltr'><strong>Atque</strong></span> <span class='ocrx_word' id='word_1_262' title='bbox 649 3849 697 3918; x_wconf 90' lang='lat' dir='ltr'><strong>ita</strong></span> <span class='ocrx_word' id='word_1_263' title='bbox 719 3848 856 3918; x_wconf 91' lang='lat' dir='ltr'><strong>accidit.</strong></span> <span class='ocrx_word' id='word_1_264' title='bbox 905 3848 999 3918; x_wconf 90' lang='lat' dir='ltr'><strong>Nam</strong></span> <span class='ocrx_word' id='word_1_265' title='bbox 1017 3874 1135 3940; x_wconf 90' lang='lat' dir='ltr'><strong>preces</strong></span> <span class='ocrx_word' id='word_1_266' title='bbox 1151 3847 1226 3921; x_wconf 92' lang='lat' dir='ltr'><strong>Au·</strong></span> 
     </span>
     <span class='ocr_line' id='line_1_39' title="bbox 237 3950 1226 4041; baseline 0.003 -21"><span class='ocrx_word' id='word_1_267' title='bbox 237 3953 370 4040; x_wconf 89' lang='lat' dir='ltr'><strong>gustini</strong></span> <span class='ocrx_word' id='word_1_268' title='bbox 411 3966 445 4022; x_wconf 95' lang='lat' dir='ltr'><strong>et</strong></span> <span class='ocrx_word' id='word_1_269' title='bbox 484 3953 635 4022; x_wconf 89' lang='lat' dir='ltr'><strong>aliorum</strong></span> <span class='ocrx_word' id='word_1_270' title='bbox 669 3950 811 4041; x_wconf 91' lang='lat' dir='ltr'><strong>piorum</strong></span> <span class='ocrx_word' id='word_1_271' title='bbox 841 3973 916 4019; x_wconf 92' lang='lat' dir='ltr'><strong>non</strong></span> <span class='ocrx_word' id='word_1_272' title='bbox 956 3964 1055 4020; x_wconf 89' lang='lat' dir='ltr'><strong>erant</strong></span> <span class='ocrx_word' id='word_1_273' title='bbox 1094 3952 1226 4024; x_wconf 89' lang='lat' dir='ltr'><strong>irritae.</strong></span> 
     </span>
     <span class='ocr_line' id='line_1_40' title="bbox 237 4050 1228 4146; baseline -0.002 -21"><span class='ocrx_word' id='word_1_274' title='bbox 237 4052 453 4146; x_wconf 87' lang='lat' dir='ltr'><strong>Quanquam</strong></span> <span class='ocrx_word' id='word_1_275' title='bbox 481 4056 575 4122; x_wconf 90' lang='lat' dir='ltr'><strong>enim</strong></span> <span class='ocrx_word' id='word_1_276' title='bbox 601 4054 685 4121; x_wconf 87' lang='lat' dir='ltr'><strong>urbs</strong></span> <span class='ocrx_word' id='word_1_277' title='bbox 700 4050 943 4141; x_wconf 90' lang='lat' dir='ltr'><strong>Hipponensis</strong></span> <span class='ocrx_word' id='word_1_278' title='bbox 963 4067 1060 4142; x_wconf 89' lang='lat' dir='ltr'><strong>capta</strong></span> <span class='ocrx_word' id='word_1_279' title='bbox 1076 4068 1145 4139; x_wconf 90' lang='lat' dir='ltr'><strong>est,</strong></span> <span class='ocrx_word' id='word_1_280' title='bbox 1174 4070 1228 4124; x_wconf 92' lang='lat' dir='ltr'><strong>ta-</strong></span> 
     </span>
     <span class='ocr_line' id='line_1_41' title="bbox 238 4149 1226 4244; baseline 0.001 -21"><span class='ocrx_word' id='word_1_281' title='bbox 238 4180 319 4224; x_wconf 88' lang='lat' dir='ltr'><strong>men</strong></span> <span class='ocrx_word' id='word_1_282' title='bbox 343 4157 449 4244; x_wconf 94' lang='lat' dir='ltr'><strong>paulo</strong></span> <span class='ocrx_word' id='word_1_283' title='bbox 473 4168 571 4243; x_wconf 92' lang='lat' dir='ltr'><strong>post,</strong></span> <span class='ocrx_word' id='word_1_284' title='bbox 606 4149 672 4221; x_wconf 95' lang='lat' dir='ltr'><strong>hoc</strong></span> <span class='ocrx_word' id='word_1_285' title='bbox 703 4152 835 4219; x_wconf 90' lang='lat' dir='ltr'><strong>bellum</strong></span> <span class='ocrx_word' id='word_1_286' title='bbox 863 4155 1020 4222; x_wconf 87' lang='lat' dir='ltr'><strong>sedatum</strong></span> <span class='ocrx_word' id='word_1_287' title='bbox 1046 4168 1112 4238; x_wconf 92' lang='lat' dir='ltr'><strong>est,</strong></span> <span class='ocrx_word' id='word_1_288' title='bbox 1146 4179 1226 4225; x_wconf 91' lang='lat' dir='ltr'><strong>cum</strong></span> 
     </span>
     <span class='ocr_line' id='line_1_42' title="bbox 238 4247 1228 4333; baseline 0.01 -16"><span class='ocrx_word' id='word_1_289' title='bbox 238 4253 408 4323; x_wconf 82' lang='lat' dir='ltr'><strong>Vandalis</strong></span> <span class='ocrx_word' id='word_1_290' title='bbox 425 4256 526 4322; x_wconf 88' lang='lat' dir='ltr'><strong>datae</strong></span> <span class='ocrx_word' id='word_1_291' title='bbox 542 4266 657 4320; x_wconf 91' lang='lat' dir='ltr'><strong>essent</strong></span> <span class='ocrx_word' id='word_1_292' title='bbox 672 4252 770 4319; x_wconf 89' lang='lat' dir='ltr'><strong>sedes</strong></span> <span class='ocrx_word' id='word_1_293' title='bbox 783 4252 821 4317; x_wconf 93' lang='lat' dir='ltr'><strong>in</strong></span> <span class='ocrx_word' id='word_1_294' title='bbox 835 4247 973 4333; x_wconf 86' lang='lat' dir='ltr'><strong>Africa,</strong></span> <span class='ocrx_word' id='word_1_295' title='bbox 999 4277 1038 4322; x_wconf 91' lang='lat' dir='ltr'><strong>ac</strong></span> <span class='ocrx_word' id='word_1_296' title='bbox 1053 4258 1228 4328; x_wconf 88' lang='lat' dir='ltr'><strong>durarunt</strong></span> 
     </span>
     <span class='ocr_line' id='line_1_43' title="bbox 237 4350 1226 4443; baseline 0.005 -24"><span class='ocrx_word' id='word_1_297' title='bbox 237 4354 286 4420; x_wconf 90' lang='lat' dir='ltr'><strong>ibi</strong></span> <span class='ocrx_word' id='word_1_298' title='bbox 311 4350 492 4423; x_wconf 86' lang='lat' dir='ltr'><strong>Ecclesiae</strong></span> <span class='ocrx_word' id='word_1_299' title='bbox 522 4375 634 4420; x_wconf 90' lang='lat' dir='ltr'><strong>annos</strong></span> <span class='ocrx_word' id='word_1_300' title='bbox 665 4352 738 4418; x_wconf 83' lang='lat' dir='ltr'><strong>lere</strong></span> <span class='ocrx_word' id='word_1_301' title='bbox 760 4353 929 4420; x_wconf 90' lang='lat' dir='ltr'><strong>ducentos</strong></span> <span class='ocrx_word' id='word_1_302' title='bbox 956 4366 1033 4439; x_wconf 92' lang='lat' dir='ltr'><strong>post</strong></span> <span class='ocrx_word' id='word_1_303' title='bbox 1055 4351 1226 4443; x_wconf 90' lang='lat' dir='ltr'><strong>Augusti-</strong></span> 
     </span>
     <span class='ocr_line' id='line_1_44' title="bbox 236 4449 1224 4544; baseline -0.007 -23"><span class='ocrx_word' id='word_1_304' title='bbox 236 4479 334 4526; x_wconf 92' lang='lat' dir='ltr'><strong>num.</strong></span> <span class='ocrx_word' id='word_1_305' title='bbox 385 4449 460 4522; x_wconf 93' lang='lat' dir='ltr'><strong>Alii</strong></span> <span class='ocrx_word' id='word_1_306' title='bbox 482 4454 595 4522; x_wconf 82' lang='lat' dir='ltr'><strong>solent</strong></span> <span class='ocrx_word' id='word_1_307' title='bbox 612 4453 740 4519; x_wconf 88' lang='lat' dir='ltr'><strong>addere</strong></span> <span class='ocrx_word' id='word_1_308' title='bbox 759 4453 1036 4538; x_wconf 88' lang='lat' dir='ltr'><strong>comparationes</strong></span> <span class='ocrx_word' id='word_1_309' title='bbox 1057 4453 1095 4521; x_wconf 92' lang='lat' dir='ltr'><strong>in</strong></span> <span class='ocrx_word' id='word_1_310' title='bbox 1113 4456 1224 4544; x_wconf 90' lang='lat' dir='ltr'><strong>epilo.</strong></span> 
     </span>
     <span class='ocr_line' id='line_1_45' title="bbox 234 4551 1223 4646; baseline 0.006 -25"><span class='ocrx_word' id='word_1_311' title='bbox 234 4555 559 4645; x_wconf 91' lang='lat' dir='ltr'><strong>gislaudationum,</strong></span> <span class='ocrx_word' id='word_1_312' title='bbox 581 4551 1014 4646; x_wconf 86' lang='lat' dir='ltr'><strong>quorumconsiliumnon</strong></span> <span class='ocrx_word' id='word_1_313' title='bbox 1033 4557 1223 4627; x_wconf 91' lang='lat' dir='ltr'><strong>admodum</strong></span> 
     </span>
     <span class='ocr_line' id='line_1_46' title="bbox 151 4654 1223 4747; baseline 0.004 -21"><span class='ocrx_word' id='word_1_314' title='bbox 151 4685 153 4691; x_wconf 92' lang='lat'>·</span> <span class='ocrx_word' id='word_1_315' title='bbox 235 4658 368 4747; x_wconf 93' lang='lat' dir='ltr'><strong>probo,</strong></span> <span class='ocrx_word' id='word_1_316' title='bbox 394 4657 464 4725; x_wconf 91' lang='lat' dir='ltr'><strong>uisi</strong></span> <span class='ocrx_word' id='word_1_317' title='bbox 481 4656 641 4725; x_wconf 89' lang='lat' dir='ltr'><strong>docendi</strong></span> <span class='ocrx_word' id='word_1_318' title='bbox 665 4678 767 4724; x_wconf 89' lang='lat' dir='ltr'><strong>causa</strong></span> <span class='ocrx_word' id='word_1_319' title='bbox 790 4654 850 4724; x_wconf 89' lang='lat' dir='ltr'><strong>liat</strong></span> <span class='ocrx_word' id='word_1_320' title='bbox 871 4655 1023 4724; x_wconf 90' lang='lat' dir='ltr'><strong>collatio.</strong></span> <span class='ocrx_word' id='word_1_321' title='bbox 1075 4654 1223 4730; x_wconf 86' lang='lat' dir='ltr'><strong>Prodest</strong></span> 
     </span>
     <span class='ocr_line' id='line_1_47' title="bbox 235 4755 1223 4852; baseline 0.002 -25"><span class='ocrx_word' id='word_1_322' title='bbox 235 4759 468 4839; x_wconf 87' lang='lat' dir='ltr'><strong>considerari,</strong></span> <span class='ocrx_word' id='word_1_323' title='bbox 502 4759 588 4852; x_wconf 92' lang='lat' dir='ltr'><strong>quid</strong></span> <span class='ocrx_word' id='word_1_324' title='bbox 613 4758 782 4850; x_wconf 71' lang='lat' dir='ltr'><strong>cariusque</strong></span> <span class='ocrx_word' id='word_1_325' title='bbox 803 4755 931 4848; x_wconf 91' lang='lat' dir='ltr'><strong>scripta</strong></span> <span class='ocrx_word' id='word_1_326' title='bbox 961 4758 1065 4827; x_wconf 90' lang='lat' dir='ltr'><strong>nobis</strong></span> <span class='ocrx_word' id='word_1_327' title='bbox 1087 4761 1223 4829; x_wconf 91' lang='lat' dir='ltr'><strong>condu-</strong></span> 
     </span>
     <span class='ocr_line' id='line_1_48' title="bbox 234 4858 1222 4951; baseline 0.001 -21"><span class='ocrx_word' id='word_1_328' title='bbox 234 4873 325 4930; x_wconf 90' lang='lat' dir='ltr'><strong>cant.</strong></span> <span class='ocrx_word' id='word_1_329' title='bbox 383 4859 574 4951; x_wconf 90' lang='lat' dir='ltr'><strong>Augustini</strong></span> <span class='ocrx_word' id='word_1_330' title='bbox 598 4861 701 4931; x_wconf 93' lang='lat' dir='ltr'><strong>lectio</strong></span> <span class='ocrx_word' id='word_1_331' title='bbox 726 4860 870 4949; x_wconf 93' lang='lat' dir='ltr'><strong>prodest</strong></span> <span class='ocrx_word' id='word_1_332' title='bbox 899 4859 937 4926; x_wconf 94' lang='lat' dir='ltr'><strong>in</strong></span> <span class='ocrx_word' id='word_1_333' title='bbox 963 4858 1035 4927; x_wconf 92' lang='lat' dir='ltr'><strong>illis</strong></span> <span class='ocrx_word' id='word_1_334' title='bbox 1055 4862 1222 4948; x_wconf 91' lang='lat' dir='ltr'><strong>materiis,</strong></span> 
     </span>
     <span class='ocr_line' id='line_1_49' title="bbox 234 4960 1222 5054; baseline 0.004 -24"><span class='ocrx_word' id='word_1_335' title='bbox 234 4984 321 5054; x_wconf 89' lang='lat' dir='ltr'><strong>quas</strong></span> <span class='ocrx_word' id='word_1_336' title='bbox 341 4965 519 5047; x_wconf 90' lang='lat' dir='ltr'><strong>tractavit,</strong></span> <span class='ocrx_word' id='word_1_337' title='bbox 544 4987 608 5032; x_wconf 90' lang='lat' dir='ltr'><strong>nec</strong></span> <span class='ocrx_word' id='word_1_338' title='bbox 624 4987 707 5031; x_wconf 89' lang='lat' dir='ltr'><strong>vero</strong></span> <span class='ocrx_word' id='word_1_339' title='bbox 728 4960 911 5053; x_wconf 86' lang='lat' dir='ltr'><strong>qnisquam</strong></span> <span class='ocrx_word' id='word_1_340' title='bbox 927 4962 1088 5032; x_wconf 87' lang='lat' dir='ltr'><strong>tractavit</strong></span> <span class='ocrx_word' id='word_1_341' title='bbox 1104 4963 1222 5053; x_wconf 91' lang='lat' dir='ltr'><strong>plures</strong></span> 
     </span>
     <span class='ocr_line' id='line_1_50' title="bbox 235 5060 1219 5154; baseline 0.006 -25"><span class='ocrx_word' id='word_1_342' title='bbox 235 5063 409 5136; x_wconf 88' lang='lat' dir='ltr'><strong>materias.</strong></span> <span class='ocrx_word' id='word_1_343' title='bbox 467 5064 616 5154; x_wconf 86' lang='lat' dir='ltr'><strong>Scripsit</strong></span> <span class='ocrx_word' id='word_1_344' title='bbox 636 5065 823 5154; x_wconf 89' lang='lat' dir='ltr'><strong>diligenter</strong></span> <span class='ocrx_word' id='word_1_345' title='bbox 844 5063 887 5130; x_wconf 92' lang='lat' dir='ltr'><strong>de</strong></span> <span class='ocrx_word' id='word_1_346' title='bbox 904 5060 1098 5148; x_wconf 90' lang='lat' dir='ltr'><strong>Trinitate,</strong></span> <span class='ocrx_word' id='word_1_347' title='bbox 1125 5067 1219 5135; x_wconf 85' lang='lat' dir='ltr'><strong>resn-</strong></span> 
     </span>
     <span class='ocr_line' id='line_1_51' title="bbox 231 5160 1218 5239; baseline 0.004 -7"><span class='ocrx_word' id='word_1_348' title='bbox 231 5164 321 5233; x_wconf 89' lang='lat' dir='ltr'><strong>tavit</strong></span> <span class='ocrx_word' id='word_1_349' title='bbox 347 5160 577 5233; x_wconf 89' lang='lat' dir='ltr'><strong>Manichaeos</strong></span> <span class='ocrx_word' id='word_1_350' title='bbox 611 5177 644 5234; x_wconf 95' lang='lat' dir='ltr'><strong>et</strong></span> <span class='ocrx_word' id='word_1_351' title='bbox 677 5164 861 5234; x_wconf 86' lang='lat' dir='ltr'><strong>Arrianus.</strong></span> <span class='ocrx_word' id='word_1_352' title='bbox 929 5161 1041 5239; x_wconf 90' lang='lat' dir='ltr'><strong>Docet</strong></span> <span class='ocrx_word' id='word_1_353' title='bbox 1078 5189 1144 5235; x_wconf 91' lang='lat' dir='ltr'><strong>nos</strong></span> <span class='ocrx_word' id='word_1_354' title='bbox 1174 5169 1218 5236; x_wconf 89' lang='lat' dir='ltr'><strong>de</strong></span> 
     </span>
    </p>
   </div>
   <div class='ocr_carea' id='block_1_6' title="bbox 109 5259 1217 5357">
    <p class='ocr_par' dir='ltr' id='par_1_6' title="bbox 109 5259 1217 5357">
     <span class='ocr_line' id='line_1_52' title="bbox 109 5259 1217 5357; baseline 0.005 -25"><span class='ocrx_word' id='word_1_355' title='bbox 109 5266 113 5277; x_wconf 71' lang='grc'>’</span> <span class='ocrx_word' id='word_1_356' title='bbox 230 5265 360 5352; x_wconf 77' lang='lat' dir='ltr'><strong>gratia,</strong></span> <span class='ocrx_word' id='word_1_357' title='bbox 387 5268 488 5336; x_wconf 90' lang='lat' dir='ltr'><strong>etde</strong></span> <span class='ocrx_word' id='word_1_358' title='bbox 514 5266 650 5334; x_wconf 88' lang='lat' dir='ltr'><strong>iusticia</strong></span> <span class='ocrx_word' id='word_1_359' title='bbox 673 5266 753 5335; x_wconf 87' lang='lat' dir='ltr'><strong>fidei</strong></span> <span class='ocrx_word' id='word_1_360' title='bbox 778 5266 816 5333; x_wconf 93' lang='lat' dir='ltr'><strong>in</strong></span> <span class='ocrx_word' id='word_1_361' title='bbox 841 5265 1053 5337; x_wconf 81' lang='lat' dir='ltr'><strong>refutatione</strong></span> <span class='ocrx_word' id='word_1_362' title='bbox 1075 5259 1217 5357; x_wconf 86' lang='lat' dir='ltr'><strong>Pelagii.</strong></span> 
     </span>
    </p>
   </div>
   <div class='ocr_carea' id='block_1_7' title="bbox 227 5362 1217 5441">
    <p class='ocr_par' dir='ltr' id='par_1_7' title="bbox 227 5362 1217 5441">
     <span class='ocr_line' id='line_1_53' title="bbox 227 5362 1217 5441; baseline 0.001 -1"><span class='ocrx_word' id='word_1_363' title='bbox 227 5362 341 5440; x_wconf 84' lang='lat' dir='ltr'><strong>Docet</strong></span> <span class='ocrx_word' id='word_1_364' title='bbox 367 5369 411 5439; x_wconf 89' lang='lat' dir='ltr'><strong>de</strong></span> <span class='ocrx_word' id='word_1_365' title='bbox 439 5363 596 5437; x_wconf 88' lang='lat' dir='ltr'><strong>Ecclesia</strong></span> <span class='ocrx_word' id='word_1_366' title='bbox 625 5368 665 5436; x_wconf 90' lang='lat' dir='ltr'><strong>in</strong></span> <span class='ocrx_word' id='word_1_367' title='bbox 700 5367 910 5440; x_wconf 86' lang='lat' dir='ltr'><strong>refutatione</strong></span> <span class='ocrx_word' id='word_1_368' title='bbox 939 5365 1217 5441; x_wconf 88' lang='lat' dir='ltr'><strong>Donatistarum.</strong></span> 
     </span>
    </p>
   </div>
   <div class='ocr_carea' id='block_1_8' title="bbox 1277 712 2274 3440">
    <p class='ocr_par' dir='ltr' id='par_1_8' title="bbox 1277 712 2274 3440">
     <span class='ocr_line' id='line_1_54' title="bbox 1277 712 2272 817; baseline 0.024 -36"><span class='ocrx_word' id='word_1_369' title='bbox 1277 739 1358 782; x_wconf 90' lang='lat' dir='ltr'><strong>men</strong></span> <span class='ocrx_word' id='word_1_370' title='bbox 1374 714 1592 785; x_wconf 82' lang='lat' dir='ltr'><strong>anteferendi</strong></span> <span class='ocrx_word' id='word_1_371' title='bbox 1608 726 1690 783; x_wconf 91' lang='lat' dir='ltr'><strong>sunt</strong></span> <span class='ocrx_word' id='word_1_372' title='bbox 1714 712 1787 793; x_wconf 90' lang='lat' dir='ltr'><strong>illi,</strong></span> <span class='ocrx_word' id='word_1_373' title='bbox 1815 716 1877 807; x_wconf 93' lang='lat' dir='ltr'><strong>qui</strong></span> <span class='ocrx_word' id='word_1_374' title='bbox 1894 718 1933 786; x_wconf 93' lang='lat' dir='ltr'><strong>in</strong></span> <span class='ocrx_word' id='word_1_375' title='bbox 1949 723 2272 817; x_wconf 88' lang='lat' dir='ltr'><strong>administratione,</strong></span> 
     </span>
     <span class='ocr_line' id='line_1_55' title="bbox 1278 815 2273 906; baseline 0.023 -23"><span class='ocrx_word' id='word_1_376' title='bbox 1278 817 1315 883; x_wconf 91' lang='lat' dir='ltr'><strong>in</strong></span> <span class='ocrx_word' id='word_1_377' title='bbox 1329 815 1514 906; x_wconf 91' lang='lat' dir='ltr'><strong>periculis,</strong></span> <span class='ocrx_word' id='word_1_378' title='bbox 1542 816 1580 883; x_wconf 92' lang='lat' dir='ltr'><strong>in</strong></span> <span class='ocrx_word' id='word_1_379' title='bbox 1596 816 1668 884; x_wconf 90' lang='lat' dir='ltr'><strong>acie</strong></span> <span class='ocrx_word' id='word_1_380' title='bbox 1684 816 1813 886; x_wconf 90' lang='lat' dir='ltr'><strong>versati</strong></span> <span class='ocrx_word' id='word_1_381' title='bbox 1832 833 1934 901; x_wconf 88' lang='lat' dir='ltr'><strong>sunt,</strong></span> <span class='ocrx_word' id='word_1_382' title='bbox 1961 848 2041 894; x_wconf 92' lang='lat' dir='ltr'><strong>cum</strong></span> <span class='ocrx_word' id='word_1_383' title='bbox 2064 837 2193 902; x_wconf 89' lang='lat' dir='ltr'><strong>caeteri</strong></span> <span class='ocrx_word' id='word_1_384' title='bbox 2216 861 2273 906; x_wconf 89' lang='lat' dir='ltr'><strong>es-</strong></span> 
     </span>
     <span class='ocr_line' id='line_1_56' title="bbox 1278 913 2274 1026; baseline 0.019 -41"><span class='ocrx_word' id='word_1_385' title='bbox 1278 932 1355 987; x_wconf 92' lang='lat' dir='ltr'><strong>seut</strong></span> <span class='ocrx_word' id='word_1_386' title='bbox 1372 918 1491 987; x_wconf 89' lang='lat' dir='ltr'><strong>ociosi.</strong></span> <span class='ocrx_word' id='word_1_387' title='bbox 1537 914 1697 987; x_wconf 87' lang='lat' dir='ltr'><strong>Recitavi</strong></span> <span class='ocrx_word' id='word_1_388' title='bbox 1715 913 1902 989; x_wconf 91' lang='lat' dir='ltr'><strong>historiam</strong></span> <span class='ocrx_word' id='word_1_389' title='bbox 1919 919 2111 1015; x_wconf 88' lang='lat' dir='ltr'><strong>Augustini</strong></span> <span class='ocrx_word' id='word_1_390' title='bbox 2128 951 2274 1026; x_wconf 91' lang='lat' dir='ltr'><strong>propter</strong></span> 
     </span>
     <span class='ocr_line' id='line_1_57' title="bbox 1278 1016 2274 1121; baseline 0.021 -34"><span class='ocrx_word' id='word_1_391' title='bbox 1278 1019 1525 1088; x_wconf 90' lang='lat' dir='ltr'><strong>adolescentes.</strong></span> <span class='ocrx_word' id='word_1_392' title='bbox 1558 1016 1664 1104; x_wconf 93' lang='lat' dir='ltr'><strong>Quod</strong></span> <span class='ocrx_word' id='word_1_393' title='bbox 1682 1019 1777 1086; x_wconf 91' lang='lat' dir='ltr'><strong>enim</strong></span> <span class='ocrx_word' id='word_1_394' title='bbox 1792 1024 1993 1112; x_wconf 86' lang='lat' dir='ltr'><strong>exemplum</strong></span> <span class='ocrx_word' id='word_1_395' title='bbox 2009 1033 2120 1121; x_wconf 91' lang='lat' dir='ltr'><strong>magis</strong></span> <span class='ocrx_word' id='word_1_396' title='bbox 2135 1031 2274 1107; x_wconf 88' lang='lat' dir='ltr'><strong>hortari</strong></span> 
     </span>
     <span class='ocr_line' id='line_1_58' title="bbox 1279 1119 2273 1226; baseline 0.021 -39"><span class='ocrx_word' id='word_1_397' title='bbox 1279 1144 1344 1188; x_wconf 94' lang='lat' dir='ltr'><strong>nos</strong></span> <span class='ocrx_word' id='word_1_398' title='bbox 1360 1121 1404 1187; x_wconf 90' lang='lat' dir='ltr'><strong>ad</strong></span> <span class='ocrx_word' id='word_1_399' title='bbox 1420 1119 1578 1187; x_wconf 91' lang='lat' dir='ltr'><strong>discendi</strong></span> <span class='ocrx_word' id='word_1_400' title='bbox 1595 1143 1714 1188; x_wconf 86' lang='lat' dir='ltr'><strong>curam</strong></span> <span class='ocrx_word' id='word_1_401' title='bbox 1732 1135 1861 1210; x_wconf 90' lang='lat' dir='ltr'><strong>potest,</strong></span> <span class='ocrx_word' id='word_1_402' title='bbox 1887 1149 1993 1218; x_wconf 91' lang='lat' dir='ltr'><strong>quam</strong></span> <span class='ocrx_word' id='word_1_403' title='bbox 2013 1126 2101 1201; x_wconf 87' lang='lat' dir='ltr'><strong>haec</strong></span> <span class='ocrx_word' id='word_1_404' title='bbox 2127 1137 2199 1226; x_wconf 91' lang='lat' dir='ltr'><strong>ipsa</strong></span> <span class='ocrx_word' id='word_1_405' title='bbox 2215 1135 2273 1207; x_wconf 88' lang='lat' dir='ltr'><strong>hi·</strong></span> 
     </span>
     <span class='ocr_line' id='line_1_59' title="bbox 1280 1218 2270 1332; baseline 0.018 -42"><span class='ocrx_word' id='word_1_406' title='bbox 1280 1220 1413 1290; x_wconf 85' lang='lat' dir='ltr'><strong>storia?</strong></span> <span class='ocrx_word' id='word_1_407' title='bbox 1466 1218 1635 1288; x_wconf 88' lang='lat' dir='ltr'><strong>Videmus</strong></span> <span class='ocrx_word' id='word_1_408' title='bbox 1658 1223 1718 1313; x_wconf 91' lang='lat' dir='ltr'><strong>qni</strong></span> <span class='ocrx_word' id='word_1_409' title='bbox 1743 1222 1871 1294; x_wconf 85' lang='lat' dir='ltr'><strong>fluctus</strong></span> <span class='ocrx_word' id='word_1_410' title='bbox 1897 1229 2075 1321; x_wconf 87' lang='lat' dir='ltr'><strong>excipiant</strong></span> <span class='ocrx_word' id='word_1_411' title='bbox 2098 1260 2174 1318; x_wconf 90' lang='lat' dir='ltr'><strong>eos,</strong></span> <span class='ocrx_word' id='word_1_412' title='bbox 2206 1243 2270 1332; x_wconf 93' lang='lat' dir='ltr'><strong>qui</strong></span> 
     </span>
     <span class='ocr_line' id='line_1_60' title="bbox 1279 1319 2269 1423; baseline 0.02 -33"><span class='ocrx_word' id='word_1_413' title='bbox 1279 1319 1447 1390; x_wconf 86' lang='lat' dir='ltr'><strong>Ecclesiis</strong></span> <span class='ocrx_word' id='word_1_414' title='bbox 1468 1322 1664 1412; x_wconf 85' lang='lat' dir='ltr'><strong>praefuturi</strong></span> <span class='ocrx_word' id='word_1_415' title='bbox 1685 1335 1787 1408; x_wconf 83' lang='lat' dir='ltr'><strong>sunt,</strong></span> <span class='ocrx_word' id='word_1_416' title='bbox 1809 1349 1874 1395; x_wconf 92' lang='lat' dir='ltr'><strong>nec</strong></span> <span class='ocrx_word' id='word_1_417' title='bbox 1895 1351 1996 1418; x_wconf 89' lang='lat' dir='ltr'><strong>posse</strong></span> <span class='ocrx_word' id='word_1_418' title='bbox 2017 1336 2269 1423; x_wconf 87' lang='lat' dir='ltr'><strong>gubernatores</strong></span> 
     </span>
     <span class='ocr_line' id='line_1_61' title="bbox 1280 1422 2270 1522; baseline 0.02 -29"><span class='ocrx_word' id='word_1_419' title='bbox 1280 1435 1413 1494; x_wconf 89' lang='lat' dir='ltr'><strong>tantam</strong></span> <span class='ocrx_word' id='word_1_420' title='bbox 1445 1422 1573 1490; x_wconf 89' lang='lat' dir='ltr'><strong>molem</strong></span> <span class='ocrx_word' id='word_1_421' title='bbox 1602 1424 1795 1509; x_wconf 90' lang='lat' dir='ltr'><strong>sustinere,</strong></span> <span class='ocrx_word' id='word_1_422' title='bbox 1826 1427 1904 1497; x_wconf 89' lang='lat' dir='ltr'><strong>sine</strong></span> <span class='ocrx_word' id='word_1_423' title='bbox 1934 1455 2060 1522; x_wconf 88' lang='lat' dir='ltr'><strong>magna</strong></span> <span class='ocrx_word' id='word_1_424' title='bbox 2089 1440 2270 1512; x_wconf 90' lang='lat' dir='ltr'><strong>doctrinae</strong></span> 
     </span>
     <span class='ocr_line' id='line_1_62' title="bbox 1281 1523 2270 1615; baseline 0.017 -20"><span class='ocrx_word' id='word_1_425' title='bbox 1281 1525 1380 1615; x_wconf 90' lang='lat' dir='ltr'><strong>copia</strong></span> <span class='ocrx_word' id='word_1_426' title='bbox 1396 1537 1429 1593; x_wconf 89' lang='lat' dir='ltr'><strong>et</strong></span> <span class='ocrx_word' id='word_1_427' title='bbox 1442 1523 1620 1596; x_wconf 89' lang='lat' dir='ltr'><strong>varietate.</strong></span> <span class='ocrx_word' id='word_1_428' title='bbox 1655 1524 1727 1596; x_wconf 88' lang='lat' dir='ltr'><strong>Tot</strong></span> <span class='ocrx_word' id='word_1_429' title='bbox 1740 1550 1780 1595; x_wconf 90' lang='lat' dir='ltr'><strong>ac</strong></span> <span class='ocrx_word' id='word_1_430' title='bbox 1796 1539 1868 1596; x_wconf 90' lang='lat' dir='ltr'><strong>tam</strong></span> <span class='ocrx_word' id='word_1_431' title='bbox 1885 1533 2000 1601; x_wconf 86' lang='lat' dir='ltr'><strong>varias</strong></span> <span class='ocrx_word' id='word_1_432' title='bbox 2014 1544 2270 1612; x_wconf 89' lang='lat' dir='ltr'><strong>controversias</strong></span> 
     </span>
     <span class='ocr_line' id='line_1_63' title="bbox 1280 1621 2270 1731; baseline 0.018 -36"><span class='ocrx_word' id='word_1_433' title='bbox 1280 1624 1443 1696; x_wconf 89' lang='lat' dir='ltr'><strong>tractavit</strong></span> <span class='ocrx_word' id='word_1_434' title='bbox 1461 1621 1699 1713; x_wconf 91' lang='lat' dir='ltr'><strong>Augustinus,</strong></span> <span class='ocrx_word' id='word_1_435' title='bbox 1724 1628 1853 1719; x_wconf 91' lang='lat' dir='ltr'><strong>quibus</strong></span> <span class='ocrx_word' id='word_1_436' title='bbox 1876 1631 1977 1702; x_wconf 93' lang='lat' dir='ltr'><strong>nullo</strong></span> <span class='ocrx_word' id='word_1_437' title='bbox 1991 1641 2097 1709; x_wconf 92' lang='lat' dir='ltr'><strong>modo</strong></span> <span class='ocrx_word' id='word_1_438' title='bbox 2113 1666 2179 1731; x_wconf 91' lang='lat' dir='ltr'><strong>par</strong></span> <span class='ocrx_word' id='word_1_439' title='bbox 2196 1665 2270 1723; x_wconf 86' lang='lat' dir='ltr'><strong>esse</strong></span> 
     </span>
     <span class='ocr_line' id='line_1_64' title="bbox 1282 1727 2269 1818; baseline 0.019 -23"><span class='ocrx_word' id='word_1_440' title='bbox 1282 1728 1470 1817; x_wconf 88' lang='lat' dir='ltr'><strong>potuisset,</strong></span> <span class='ocrx_word' id='word_1_441' title='bbox 1491 1727 1561 1793; x_wconf 89' lang='lat' dir='ltr'><strong>nisi</strong></span> <span class='ocrx_word' id='word_1_442' title='bbox 1584 1740 1620 1797; x_wconf 93' lang='lat' dir='ltr'><strong>et</strong></span> <span class='ocrx_word' id='word_1_443' title='bbox 1642 1728 1832 1818; x_wconf 91' lang='lat' dir='ltr'><strong>multiplici</strong></span> <span class='ocrx_word' id='word_1_444' title='bbox 1853 1734 2053 1805; x_wconf 91' lang='lat' dir='ltr'><strong>eruditione</strong></span> <span class='ocrx_word' id='word_1_445' title='bbox 2076 1741 2269 1814; x_wconf 90' lang='lat' dir='ltr'><strong>instructus</strong></span> 
     </span>
     <span class='ocr_line' id='line_1_65' title="bbox 1280 1829 2268 1934; baseline 0.013 -36"><span class='ocrx_word' id='word_1_446' title='bbox 1280 1829 1422 1910; x_wconf 86' lang='lat' dir='ltr'><strong>fuisset,</strong></span> <span class='ocrx_word' id='word_1_447' title='bbox 1448 1839 1483 1896; x_wconf 93' lang='lat' dir='ltr'><strong>et</strong></span> <span class='ocrx_word' id='word_1_448' title='bbox 1499 1829 1678 1897; x_wconf 91' lang='lat' dir='ltr'><strong>assiduum</strong></span> <span class='ocrx_word' id='word_1_449' title='bbox 1697 1831 1854 1900; x_wconf 89' lang='lat' dir='ltr'><strong>studium</strong></span> <span class='ocrx_word' id='word_1_450' title='bbox 1870 1829 2097 1924; x_wconf 86' lang='lat' dir='ltr'><strong>adhibuisset,</strong></span> <span class='ocrx_word' id='word_1_451' title='bbox 2123 1857 2162 1913; x_wconf 94' lang='lat' dir='ltr'><strong>ut</strong></span> <span class='ocrx_word' id='word_1_452' title='bbox 2179 1868 2268 1934; x_wconf 91' lang='lat' dir='ltr'><strong>pro-</strong></span> 
     </span>
     <span class='ocr_line' id='line_1_66' title="bbox 1281 1926 2268 2028; baseline 0.017 -31"><span class='ocrx_word' id='word_1_453' title='bbox 1281 1943 1448 2001; x_wconf 85' lang='lat' dir='ltr'><strong>moveret.</strong></span> <span class='ocrx_word' id='word_1_454' title='bbox 1499 1926 1612 1998; x_wconf 89' lang='lat' dir='ltr'><strong>Docet</strong></span> <span class='ocrx_word' id='word_1_455' title='bbox 1627 1931 1685 2020; x_wconf 91' lang='lat' dir='ltr'><strong>pia</strong></span> <span class='ocrx_word' id='word_1_456' title='bbox 1700 1945 1841 2022; x_wconf 89' lang='lat' dir='ltr'><strong>pectora</strong></span> <span class='ocrx_word' id='word_1_457' title='bbox 1857 1932 2010 2026; x_wconf 86' lang='lat' dir='ltr'><strong>Spiritus</strong></span> <span class='ocrx_word' id='word_1_458' title='bbox 2024 1957 2182 2028; x_wconf 90' lang='lat' dir='ltr'><strong>sanctus,</strong></span> <span class='ocrx_word' id='word_1_459' title='bbox 2205 1948 2268 2014; x_wconf 89' lang='lat' dir='ltr'><strong>sed</strong></span> 
     </span>
     <span class='ocr_line' id='line_1_67' title="bbox 1282 2027 2270 2131; baseline 0.018 -32"><span class='ocrx_word' id='word_1_460' title='bbox 1282 2032 1375 2099; x_wconf 93' lang='lat' dir='ltr'><strong>dona</strong></span> <span class='ocrx_word' id='word_1_461' title='bbox 1401 2027 1468 2099; x_wconf 88' lang='lat' dir='ltr'><strong>Dei</strong></span> <span class='ocrx_word' id='word_1_462' title='bbox 1490 2031 1658 2100; x_wconf 90' lang='lat' dir='ltr'><strong>discendo</strong></span> <span class='ocrx_word' id='word_1_463' title='bbox 1680 2033 1862 2103; x_wconf 87' lang='lat' dir='ltr'><strong>excitanda</strong></span> <span class='ocrx_word' id='word_1_464' title='bbox 1885 2050 1919 2107; x_wconf 88' lang='lat' dir='ltr'><strong>et</strong></span> <span class='ocrx_word' id='word_1_465' title='bbox 1939 2042 2149 2113; x_wconf 89' lang='lat' dir='ltr'><strong>cumulanda</strong></span> <span class='ocrx_word' id='word_1_466' title='bbox 2175 2060 2270 2131; x_wconf 90' lang='lat' dir='ltr'><strong>sunt,</strong></span> 
     </span>
     <span class='ocr_line' id='line_1_68' title="bbox 1282 2127 2269 2223; baseline 0.013 -22"><span class='ocrx_word' id='word_1_467' title='bbox 1282 2133 1371 2201; x_wconf 89' lang='lat' dir='ltr'><strong>sicut</strong></span> <span class='ocrx_word' id='word_1_468' title='bbox 1387 2129 1518 2199; x_wconf 88' lang='lat' dir='ltr'><strong>Paulus</strong></span> <span class='ocrx_word' id='word_1_469' title='bbox 1533 2127 1696 2202; x_wconf 89' lang='lat' dir='ltr'><strong>hortatur</strong></span> <span class='ocrx_word' id='word_1_470' title='bbox 1712 2129 1960 2223; x_wconf 90' lang='lat' dir='ltr'><strong>Timotheum,</strong></span> <span class='ocrx_word' id='word_1_471' title='bbox 1987 2158 2028 2214; x_wconf 93' lang='lat' dir='ltr'><strong>ut</strong></span> <span class='ocrx_word' id='word_1_472' title='bbox 2042 2144 2087 2214; x_wconf 87' lang='lat' dir='ltr'><strong>sit</strong></span> <span class='ocrx_word' id='word_1_473' title='bbox 2110 2148 2269 2215; x_wconf 88' lang='lat' dir='ltr'><strong>assiduus</strong></span> 
     </span>
     <span class='ocr_line' id='line_1_69' title="bbox 1282 2233 2270 2330; baseline 0.015 -29"><span class='ocrx_word' id='word_1_474' title='bbox 1282 2235 1320 2301; x_wconf 92' lang='lat' dir='ltr'><strong>in</strong></span> <span class='ocrx_word' id='word_1_475' title='bbox 1344 2233 1512 2316; x_wconf 89' lang='lat' dir='ltr'><strong>lectione,</strong></span> <span class='ocrx_word' id='word_1_476' title='bbox 1547 2247 1582 2303; x_wconf 89' lang='lat' dir='ltr'><strong>et</strong></span> <span class='ocrx_word' id='word_1_477' title='bbox 1607 2235 1718 2303; x_wconf 89' lang='lat' dir='ltr'><strong>addit:</strong></span> <span class='ocrx_word' id='word_1_478' title='bbox 1754 2233 1838 2306; x_wconf 91' lang='lat' dir='ltr'><strong>Non</strong></span> <span class='ocrx_word' id='word_1_479' title='bbox 1859 2240 2016 2330; x_wconf 86' lang='lat' dir='ltr'><strong>negligas</strong></span> <span class='ocrx_word' id='word_1_480' title='bbox 2036 2247 2171 2315; x_wconf 90' lang='lat' dir='ltr'><strong>donum</strong></span> <span class='ocrx_word' id='word_1_481' title='bbox 2192 2246 2270 2316; x_wconf 86' lang='lat' dir='ltr'><strong>Dei.</strong></span> 
     </span>
     <span class='ocr_line' id='line_1_70' title="bbox 1284 2333 2270 2437; baseline 0.015 -34"><span class='ocrx_word' id='word_1_482' title='bbox 1284 2333 1422 2424; x_wconf 88' lang='lat' dir='ltr'><strong>Ignavis</strong></span> <span class='ocrx_word' id='word_1_483' title='bbox 1438 2334 1531 2401; x_wconf 92' lang='lat' dir='ltr'><strong>dona</strong></span> <span class='ocrx_word' id='word_1_484' title='bbox 1548 2333 1614 2404; x_wconf 89' lang='lat' dir='ltr'><strong>Dei</strong></span> <span class='ocrx_word' id='word_1_485' title='bbox 1632 2333 1800 2423; x_wconf 78' lang='lat' dir='ltr'><strong>effluunt,</strong></span> <span class='ocrx_word' id='word_1_486' title='bbox 1821 2338 1911 2410; x_wconf 92' lang='lat' dir='ltr'><strong>sicut</strong></span> <span class='ocrx_word' id='word_1_487' title='bbox 1933 2346 2087 2414; x_wconf 88' lang='lat' dir='ltr'><strong>ostendit</strong></span> <span class='ocrx_word' id='word_1_488' title='bbox 2101 2349 2270 2437; x_wconf 86' lang='lat' dir='ltr'><strong>parabola</strong></span> 
     </span>
     <span class='ocr_line' id='line_1_71' title="bbox 1282 2434 2270 2532; baseline 0.014 -27"><span class='ocrx_word' id='word_1_489' title='bbox 1282 2439 1327 2505; x_wconf 93' lang='lat' dir='ltr'><strong>de</strong></span> <span class='ocrx_word' id='word_1_490' title='bbox 1353 2436 1496 2507; x_wconf 88' lang='lat' dir='ltr'><strong>talento.</strong></span> <span class='ocrx_word' id='word_1_491' title='bbox 1557 2434 1735 2526; x_wconf 89' lang='lat' dir='ltr'><strong>Tempora</strong></span> <span class='ocrx_word' id='word_1_492' title='bbox 1755 2439 1860 2508; x_wconf 88' lang='lat' dir='ltr'><strong>etiam</strong></span> <span class='ocrx_word' id='word_1_493' title='bbox 1877 2464 1942 2511; x_wconf 90' lang='lat' dir='ltr'><strong>nos</strong></span> <span class='ocrx_word' id='word_1_494' title='bbox 1965 2458 2146 2532; x_wconf 87' lang='lat' dir='ltr'><strong>movearlt,</strong></span> <span class='ocrx_word' id='word_1_495' title='bbox 2171 2450 2270 2519; x_wconf 93' lang='lat' dir='ltr'><strong>utin</strong></span> 
     </span>
     <span class='ocr_line' id='line_1_72' title="bbox 1282 2536 2270 2633; baseline 0.012 -27"><span class='ocrx_word' id='word_1_496' title='bbox 1282 2559 1404 2606; x_wconf 84' lang='lat' dir='ltr'><strong>ornnes</strong></span> <span class='ocrx_word' id='word_1_497' title='bbox 1421 2537 1531 2605; x_wconf 86' lang='lat' dir='ltr'><strong>bonas</strong></span> <span class='ocrx_word' id='word_1_498' title='bbox 1547 2536 1771 2627; x_wconf 85' lang='lat' dir='ltr'><strong>disciplinas,</strong></span> <span class='ocrx_word' id='word_1_499' title='bbox 1797 2564 1887 2633; x_wconf 90' lang='lat' dir='ltr'><strong>qnae</strong></span> <span class='ocrx_word' id='word_1_500' title='bbox 1911 2558 1994 2614; x_wconf 91' lang='lat' dir='ltr'><strong>sunt</strong></span> <span class='ocrx_word' id='word_1_501' title='bbox 2006 2545 2184 2618; x_wconf 89' lang='lat' dir='ltr'><strong>Ecclesiae</strong></span> <span class='ocrx_word' id='word_1_502' title='bbox 2206 2574 2270 2618; x_wconf 91' lang='lat' dir='ltr'><strong>ne-</strong></span> 
     </span>
     <span class='ocr_line' id='line_1_73' title="bbox 1282 2638 2270 2730; baseline 0.014 -23"><span class='ocrx_word' id='word_1_503' title='bbox 1282 2638 1468 2721; x_wconf 89' lang='lat' dir='ltr'><strong>cessariae,</strong></span> <span class='ocrx_word' id='word_1_504' title='bbox 1502 2638 1634 2707; x_wconf 87' lang='lat' dir='ltr'><strong>maiore</strong></span> <span class='ocrx_word' id='word_1_505' title='bbox 1666 2639 1800 2730; x_wconf 88' lang='lat' dir='ltr'><strong>impetu</strong></span> <span class='ocrx_word' id='word_1_506' title='bbox 1830 2642 2090 2717; x_wconf 90' lang='lat' dir='ltr'><strong>incumbamus:</strong></span> <span class='ocrx_word' id='word_1_507' title='bbox 2130 2651 2270 2721; x_wconf 89' lang='lat' dir='ltr'><strong>Videtis</strong></span> 
     </span>
     <span class='ocr_line' id='line_1_74' title="bbox 1283 2739 2268 2841; baseline 0.012 -33"><span class='ocrx_word' id='word_1_508' title='bbox 1283 2743 1376 2808; x_wconf 90' lang='lat' dir='ltr'><strong>enim</strong></span> <span class='ocrx_word' id='word_1_509' title='bbox 1394 2763 1468 2808; x_wconf 92' lang='lat' dir='ltr'><strong>non</strong></span> <span class='ocrx_word' id='word_1_510' title='bbox 1484 2761 1585 2828; x_wconf 89' lang='lat' dir='ltr'><strong>posse</strong></span> <span class='ocrx_word' id='word_1_511' title='bbox 1606 2739 1682 2808; x_wconf 92' lang='lat' dir='ltr'><strong>sine</strong></span> <span class='ocrx_word' id='word_1_512' title='bbox 1696 2741 1873 2809; x_wconf 90' lang='lat' dir='ltr'><strong>acerrimis</strong></span> <span class='ocrx_word' id='word_1_513' title='bbox 1889 2745 2178 2819; x_wconf 89' lang='lat' dir='ltr'><strong>dimicationibus</strong></span> <span class='ocrx_word' id='word_1_514' title='bbox 2199 2774 2268 2841; x_wconf 89' lang='lat' dir='ltr'><strong>pu-</strong></span> 
     </span>
     <span class='ocr_line' id='line_1_75' title="bbox 1282 2840 2269 2920; baseline 0.01 -10"><span class='ocrx_word' id='word_1_515' title='bbox 1282 2843 1420 2910; x_wconf 90' lang='lat' dir='ltr'><strong>ritatem</strong></span> <span class='ocrx_word' id='word_1_516' title='bbox 1438 2841 1619 2910; x_wconf 91' lang='lat' dir='ltr'><strong>doctrinae</strong></span> <span class='ocrx_word' id='word_1_517' title='bbox 1634 2841 1792 2912; x_wconf 89' lang='lat' dir='ltr'><strong>retineri.</strong></span> <span class='ocrx_word' id='word_1_518' title='bbox 1846 2840 2031 2918; x_wconf 87' lang='lat' dir='ltr'><strong>Conantur</strong></span> <span class='ocrx_word' id='word_1_519' title='bbox 2046 2874 2123 2918; x_wconf 86' lang='lat' dir='ltr'><strong>eam</strong></span> <span class='ocrx_word' id='word_1_520' title='bbox 2139 2852 2269 2920; x_wconf 90' lang='lat' dir='ltr'><strong>adver-</strong></span> 
     </span>
     <span class='ocr_line' id='line_1_76' title="bbox 1282 2937 2269 3032; baseline 0.011 -21"><span class='ocrx_word' id='word_1_521' title='bbox 1282 2943 1363 3011; x_wconf 88' lang='lat' dir='ltr'><strong>sarii</strong></span> <span class='ocrx_word' id='word_1_522' title='bbox 1386 2942 1576 3031; x_wconf 90' lang='lat' dir='ltr'><strong>multiplici</strong></span> <span class='ocrx_word' id='word_1_523' title='bbox 1599 2937 1799 3032; x_wconf 89' lang='lat' dir='ltr'><strong>Sophistica</strong></span> <span class='ocrx_word' id='word_1_524' title='bbox 1820 2946 1982 3021; x_wconf 90' lang='lat' dir='ltr'><strong>obruere.</strong></span> <span class='ocrx_word' id='word_1_525' title='bbox 2039 2948 2112 3020; x_wconf 88' lang='lat' dir='ltr'><strong>Nec</strong></span> <span class='ocrx_word' id='word_1_526' title='bbox 2135 2953 2269 3023; x_wconf 88' lang='lat' dir='ltr'><strong>desinit</strong></span> 
     </span>
     <span class='ocr_line' id='line_1_77' title="bbox 1282 3043 2267 3137; baseline 0.007 -24"><span class='ocrx_word' id='word_1_527' title='bbox 1282 3043 1444 3113; x_wconf 88' lang='lat' dir='ltr'><strong>diabolus</strong></span> <span class='ocrx_word' id='word_1_528' title='bbox 1460 3043 1613 3113; x_wconf 88' lang='lat' dir='ltr'><strong>subinde</strong></span> <span class='ocrx_word' id='word_1_529' title='bbox 1626 3045 1732 3115; x_wconf 87' lang='lat' dir='ltr'><strong>falsas</strong></span> <span class='ocrx_word' id='word_1_530' title='bbox 1747 3045 1933 3137; x_wconf 90' lang='lat' dir='ltr'><strong>opiniones</strong></span> <span class='ocrx_word' id='word_1_531' title='bbox 1948 3071 2072 3135; x_wconf 88' lang='lat' dir='ltr'><strong>serere,</strong></span> <span class='ocrx_word' id='word_1_532' title='bbox 2092 3066 2132 3122; x_wconf 90' lang='lat' dir='ltr'><strong>ut</strong></span> <span class='ocrx_word' id='word_1_533' title='bbox 2146 3055 2267 3124; x_wconf 85' lang='lat' dir='ltr'><strong>offun-</strong></span> 
     </span>
     <span class='ocr_line' id='line_1_78' title="bbox 1282 3144 2266 3238; baseline 0.009 -23"><span class='ocrx_word' id='word_1_534' title='bbox 1282 3148 1342 3215; x_wconf 92' lang='lat' dir='ltr'><strong>dat</strong></span> <span class='ocrx_word' id='word_1_535' title='bbox 1364 3144 1512 3214; x_wconf 90' lang='lat' dir='ltr'><strong>incautis</strong></span> <span class='ocrx_word' id='word_1_536' title='bbox 1534 3145 1671 3238; x_wconf 90' lang='lat' dir='ltr'><strong>aliquid</strong></span> <span class='ocrx_word' id='word_1_537' title='bbox 1693 3148 1841 3232; x_wconf 88' lang='lat' dir='ltr'><strong>erroris,</strong></span> <span class='ocrx_word' id='word_1_538' title='bbox 1866 3165 1906 3220; x_wconf 94' lang='lat' dir='ltr'><strong>ut</strong></span> <span class='ocrx_word' id='word_1_539' title='bbox 1927 3151 2010 3221; x_wconf 89' lang='lat' dir='ltr'><strong>fecit</strong></span> <span class='ocrx_word' id='word_1_540' title='bbox 2031 3152 2069 3220; x_wconf 92' lang='lat' dir='ltr'><strong>in</strong></span> <span class='ocrx_word' id='word_1_541' title='bbox 2087 3151 2266 3224; x_wconf 88' lang='lat' dir='ltr'><strong>Paradiso.</strong></span> 
     </span>
     <span class='ocr_line' id='line_1_79' title="bbox 1282 3242 2271 3339; baseline 0.01 -25"><span class='ocrx_word' id='word_1_542' title='bbox 1282 3245 1401 3336; x_wconf 88' lang='lat' dir='ltr'><strong>Quare</strong></span> <span class='ocrx_word' id='word_1_543' title='bbox 1429 3247 1581 3315; x_wconf 90' lang='lat' dir='ltr'><strong>subinde</strong></span> <span class='ocrx_word' id='word_1_544' title='bbox 1608 3247 1816 3316; x_wconf 82' lang='lat' dir='ltr'><strong>exoriuntur</strong></span> <span class='ocrx_word' id='word_1_545' title='bbox 1846 3273 1960 3319; x_wconf 87' lang='lat' dir='ltr'><strong>novae</strong></span> <span class='ocrx_word' id='word_1_546' title='bbox 1983 3242 2199 3339; x_wconf 87' lang='lat' dir='ltr'><strong>discordiae,</strong></span> <span class='ocrx_word' id='word_1_547' title='bbox 2231 3280 2271 3325; x_wconf 89' lang='lat' dir='ltr'><strong>ac</strong></span> 
     </span>
     <span class='ocr_line' id='line_1_80' title="bbox 1280 3346 2081 3440; baseline 0.009 -24"><span class='ocrx_word' id='word_1_548' title='bbox 1280 3349 1384 3440; x_wconf 92' lang='lat' dir='ltr'><strong>plane</strong></span> <span class='ocrx_word' id='word_1_549' title='bbox 1402 3349 1458 3427; x_wconf 90' lang='lat' dir='ltr'><strong>fit,</strong></span> <span class='ocrx_word' id='word_1_550' title='bbox 1484 3361 1524 3418; x_wconf 93' lang='lat' dir='ltr'><strong>ut</strong></span> <span class='ocrx_word' id='word_1_551' title='bbox 1541 3349 1581 3416; x_wconf 93' lang='lat' dir='ltr'><strong>in</strong></span> <span class='ocrx_word' id='word_1_552' title='bbox 1597 3348 1705 3417; x_wconf 89' lang='lat' dir='ltr'><strong>veteri</strong></span> <span class='ocrx_word' id='word_1_553' title='bbox 1721 3346 1913 3419; x_wconf 91' lang='lat' dir='ltr'><strong>Comoedia</strong></span> <span class='ocrx_word' id='word_1_554' title='bbox 1931 3353 2081 3424; x_wconf 89' lang='lat' dir='ltr'><strong>dicitur:</strong></span> 
     </span>
    </p>
   </div>
   <div class='ocr_carea' id='block_1_9' title="bbox 1330 3501 2213 3594">
    <p class='ocr_par' dir='ltr' id='par_1_9' title="bbox 1330 3501 2213 3594">
     <span class='ocr_line' id='line_1_81' title="bbox 1330 3501 2213 3594; baseline 0.011 -24"><span class='ocrx_word' id='word_1_555' title='bbox 1330 3503 1441 3591; x_wconf 77' lang='grc' dir='ltr'><strong><em>ἆτερὸς</em></strong></span> <span class='ocrx_word' id='word_1_556' title='bbox 1462 3505 1543 3588; x_wconf 80' lang='grc' dir='ltr'><em>πρὸς</em></span> <span class='ocrx_word' id='word_1_557' title='bbox 1563 3501 1674 3588; x_wconf 73' lang='lat' dir='ltr'><strong>nicandr</strong></span> <span class='ocrx_word' id='word_1_558' title='bbox 1696 3503 1852 3592; x_wconf 75' lang='grc' dir='ltr'><strong><em>ἀλείφεται</em></strong></span> <span class='ocrx_word' id='word_1_559' title='bbox 1870 3516 1953 3594; x_wconf 77' lang='grc' dir='ltr'><strong><em>χεῖρε</em></strong></span> <span class='ocrx_word' id='word_1_560' title='bbox 1975 3533 2008 3574; x_wconf 84' lang='grc' dir='ltr'><strong>τε</strong></span> <span class='ocrx_word' id='word_1_561' title='bbox 2027 3507 2213 3583; x_wconf 77' lang='lat' dir='ltr'><strong>einxovleroc.</strong></span> 
     </span>
    </p>
   </div>
   <div class='ocr_carea' id='block_1_10' title="bbox 1275 3657 2269 4954">
    <p class='ocr_par' dir='ltr' id='par_1_10' title="bbox 1275 3657 2269 4954">
     <span class='ocr_line' id='line_1_82' title="bbox 1280 3657 2268 3755; baseline 0.005 -21"><span class='ocrx_word' id='word_1_562' title='bbox 1280 3661 1344 3734; x_wconf 90' lang='lat' dir='ltr'><strong>Est</strong></span> <span class='ocrx_word' id='word_1_563' title='bbox 1371 3663 1479 3752; x_wconf 91' lang='lat' dir='ltr'><strong>igitur</strong></span> <span class='ocrx_word' id='word_1_564' title='bbox 1510 3684 1600 3753; x_wconf 90' lang='lat' dir='ltr'><strong>opus</strong></span> <span class='ocrx_word' id='word_1_565' title='bbox 1624 3657 1805 3732; x_wconf 85' lang='lat' dir='ltr'><strong>Ecclesiae</strong></span> <span class='ocrx_word' id='word_1_566' title='bbox 1831 3664 1935 3732; x_wconf 89' lang='lat' dir='ltr'><strong>bonis</strong></span> <span class='ocrx_word' id='word_1_567' title='bbox 1968 3679 2003 3736; x_wconf 92' lang='lat' dir='ltr'><strong>et</strong></span> <span class='ocrx_word' id='word_1_568' title='bbox 2028 3669 2139 3737; x_wconf 91' lang='lat' dir='ltr'><strong>doctis</strong></span> <span class='ocrx_word' id='word_1_569' title='bbox 2169 3671 2268 3755; x_wconf 86' lang='lat' dir='ltr'><strong>viris,</strong></span> 
     </span>
     <span class='ocr_line' id='line_1_83' title="bbox 1281 3765 2266 3858; baseline 0.005 -23"><span class='ocrx_word' id='word_1_570' title='bbox 1281 3789 1433 3858; x_wconf 93' lang='lat' dir='ltr'><strong>qnorum</strong></span> <span class='ocrx_word' id='word_1_571' title='bbox 1467 3787 1552 3831; x_wconf 89' lang='lat' dir='ltr'><strong>voce</strong></span> <span class='ocrx_word' id='word_1_572' title='bbox 1579 3776 1613 3832; x_wconf 89' lang='lat' dir='ltr'><strong>et</strong></span> <span class='ocrx_word' id='word_1_573' title='bbox 1648 3765 1786 3855; x_wconf 90' lang='lat' dir='ltr'><strong>scriptis</strong></span> <span class='ocrx_word' id='word_1_574' title='bbox 1812 3768 2027 3855; x_wconf 89' lang='lat' dir='ltr'><strong>propugnari</strong></span> <span class='ocrx_word' id='word_1_575' title='bbox 2052 3769 2165 3856; x_wconf 86' lang='lat' dir='ltr'><strong>gloria</strong></span> <span class='ocrx_word' id='word_1_576' title='bbox 2195 3769 2266 3840; x_wconf 91' lang='lat' dir='ltr'><strong>Dei</strong></span> 
     </span>
     <span class='ocr_line' id='line_1_84' title="bbox 1281 3859 2266 3958; baseline 0.006 -23"><span class='ocrx_word' id='word_1_577' title='bbox 1281 3867 1399 3957; x_wconf 89' lang='lat' dir='ltr'><strong>possit.</strong></span> <span class='ocrx_word' id='word_1_578' title='bbox 1450 3861 1506 3933; x_wconf 92' lang='lat' dir='ltr'><strong>Ad</strong></span> <span class='ocrx_word' id='word_1_579' title='bbox 1537 3859 1623 3939; x_wconf 88' lang='lat' dir='ltr'><strong>haec</strong></span> <span class='ocrx_word' id='word_1_580' title='bbox 1646 3866 1836 3935; x_wconf 88' lang='lat' dir='ltr'><strong>certamina</strong></span> <span class='ocrx_word' id='word_1_581' title='bbox 1861 3890 1923 3936; x_wconf 93' lang='lat' dir='ltr'><strong>vos</strong></span> <span class='ocrx_word' id='word_1_582' title='bbox 1946 3883 2165 3958; x_wconf 82' lang='lat' dir='ltr'><strong>praeparate,</strong></span> <span class='ocrx_word' id='word_1_583' title='bbox 2198 3896 2266 3941; x_wconf 92' lang='lat' dir='ltr'><strong>nec</strong></span> 
     </span>
     <span class='ocr_line' id='line_1_85' title="bbox 1281 3964 2268 4056; baseline 0.006 -21"><span class='ocrx_word' id='word_1_584' title='bbox 1281 3992 1343 4037; x_wconf 87' lang='lat' dir='ltr'><strong>vos</strong></span> <span class='ocrx_word' id='word_1_585' title='bbox 1360 3966 1489 4037; x_wconf 89' lang='lat' dir='ltr'><strong>iudicia</strong></span> <span class='ocrx_word' id='word_1_586' title='bbox 1507 3964 1733 4036; x_wconf 89' lang='lat' dir='ltr'><strong>indoctorum</strong></span> <span class='ocrx_word' id='word_1_587' title='bbox 1748 3968 1955 4041; x_wconf 89' lang='lat' dir='ltr'><strong>deterreant.</strong></span> <span class='ocrx_word' id='word_1_588' title='bbox 2005 3968 2146 4056; x_wconf 91' lang='lat' dir='ltr'><strong>Midae,</strong></span> <span class='ocrx_word' id='word_1_589' title='bbox 2169 3969 2268 4043; x_wconf 90' lang='lat' dir='ltr'><strong>Cen-</strong></span> 
     </span>
     <span class='ocr_line' id='line_1_86' title="bbox 1280 4067 2269 4161; baseline 0.004 -21"><span class='ocrx_word' id='word_1_590' title='bbox 1280 4069 1392 4153; x_wconf 90' lang='lat' dir='ltr'><strong>tauri,</strong></span> <span class='ocrx_word' id='word_1_591' title='bbox 1415 4082 1448 4139; x_wconf 90' lang='lat' dir='ltr'><strong>et</strong></span> <span class='ocrx_word' id='word_1_592' title='bbox 1462 4067 1590 4156; x_wconf 76' lang='lat' dir='ltr'><strong>vulgus</strong></span> <span class='ocrx_word' id='word_1_593' title='bbox 1613 4069 1741 4157; x_wconf 89' lang='lat' dir='ltr'><strong>partim</strong></span> <span class='ocrx_word' id='word_1_594' title='bbox 1763 4082 2010 4154; x_wconf 90' lang='lat' dir='ltr'><strong>contemnunt,</strong></span> <span class='ocrx_word' id='word_1_595' title='bbox 2035 4072 2166 4161; x_wconf 91' lang='lat' dir='ltr'><strong>partim</strong></span> <span class='ocrx_word' id='word_1_596' title='bbox 2180 4076 2269 4144; x_wconf 89' lang='lat' dir='ltr'><strong>ode-</strong></span> 
     </span>
     <span class='ocr_line' id='line_1_87' title="bbox 1279 4171 2268 4258; baseline 0.003 -19"><span class='ocrx_word' id='word_1_597' title='bbox 1279 4187 1362 4242; x_wconf 91' lang='lat' dir='ltr'><strong>runt</strong></span> <span class='ocrx_word' id='word_1_598' title='bbox 1384 4171 1518 4239; x_wconf 88' lang='lat' dir='ltr'><strong>literas:</strong></span> <span class='ocrx_word' id='word_1_599' title='bbox 1544 4192 1666 4236; x_wconf 88' lang='lat' dir='ltr'><strong>verum</strong></span> <span class='ocrx_word' id='word_1_600' title='bbox 1683 4192 1724 4236; x_wconf 90' lang='lat' dir='ltr'><strong>eo</strong></span> <span class='ocrx_word' id='word_1_601' title='bbox 1741 4171 1873 4239; x_wconf 90' lang='lat' dir='ltr'><strong>maiore</strong></span> <span class='ocrx_word' id='word_1_602' title='bbox 1888 4172 2069 4258; x_wconf 89' lang='lat' dir='ltr'><strong>diligentia</strong></span> <span class='ocrx_word' id='word_1_603' title='bbox 2087 4175 2133 4242; x_wconf 89' lang='lat' dir='ltr'><strong>ab</strong></span> <span class='ocrx_word' id='word_1_604' title='bbox 2148 4176 2268 4244; x_wconf 91' lang='lat' dir='ltr'><strong>omni-</strong></span> 
     </span>
     <span class='ocr_line' id='line_1_88' title="bbox 1279 4264 2267 4362; baseline 0.004 -21"><span class='ocrx_word' id='word_1_605' title='bbox 1279 4274 1345 4342; x_wconf 89' lang='lat' dir='ltr'><strong>bus</strong></span> <span class='ocrx_word' id='word_1_606' title='bbox 1370 4273 1435 4362; x_wconf 91' lang='lat' dir='ltr'><strong>piis</strong></span> <span class='ocrx_word' id='word_1_607' title='bbox 1458 4284 1493 4341; x_wconf 93' lang='lat' dir='ltr'><strong>et</strong></span> <span class='ocrx_word' id='word_1_608' title='bbox 1512 4269 1712 4338; x_wconf 89' lang='lat' dir='ltr'><strong>amantibus</strong></span> <span class='ocrx_word' id='word_1_609' title='bbox 1733 4264 1945 4357; x_wconf 87' lang='lat' dir='ltr'><strong>Ecclesiam,</strong></span> <span class='ocrx_word' id='word_1_610' title='bbox 1978 4277 2129 4345; x_wconf 89' lang='lat' dir='ltr'><strong>tuendae</strong></span> <span class='ocrx_word' id='word_1_611' title='bbox 2152 4292 2185 4349; x_wconf 90' lang='lat' dir='ltr'><strong>et</strong></span> <span class='ocrx_word' id='word_1_612' title='bbox 2205 4264 2267 4346; x_wconf 84' lang='lat' dir='ltr'><strong>or-</strong></span> 
     </span>
     <span class='ocr_line' id='line_1_89' title="bbox 1278 4369 2267 4470; baseline 0.007 -29"><span class='ocrx_word' id='word_1_613' title='bbox 1278 4377 1416 4444; x_wconf 88' lang='lat' dir='ltr'><strong>nandae</strong></span> <span class='ocrx_word' id='word_1_614' title='bbox 1439 4386 1532 4443; x_wconf 88' lang='lat' dir='ltr'><strong>sunt.</strong></span> <span class='ocrx_word' id='word_1_615' title='bbox 1583 4369 1703 4459; x_wconf 88' lang='lat' dir='ltr'><strong>Quare</strong></span> <span class='ocrx_word' id='word_1_616' title='bbox 1725 4369 1928 4443; x_wconf 90' lang='lat' dir='ltr'><strong>intueamur</strong></span> <span class='ocrx_word' id='word_1_617' title='bbox 1948 4375 1987 4443; x_wconf 92' lang='lat' dir='ltr'><strong>in</strong></span> <span class='ocrx_word' id='word_1_618' title='bbox 2008 4376 2167 4467; x_wconf 90' lang='lat' dir='ltr'><strong>exempla</strong></span> <span class='ocrx_word' id='word_1_619' title='bbox 2187 4379 2267 4470; x_wconf 91' lang='lat' dir='ltr'><strong>pio·</strong></span> 
     </span>
     <span class='ocr_line' id='line_1_90' title="bbox 1278 4469 2265 4561; baseline 0.004 -18"><span class='ocrx_word' id='word_1_620' title='bbox 1278 4500 1376 4561; x_wconf 92' lang='lat' dir='ltr'><strong>rum,</strong></span> <span class='ocrx_word' id='word_1_621' title='bbox 1407 4475 1532 4558; x_wconf 90' lang='lat' dir='ltr'><strong>Pauli,</strong></span> <span class='ocrx_word' id='word_1_622' title='bbox 1562 4469 1775 4560; x_wconf 90' lang='lat' dir='ltr'><strong>Augustini,</strong></span> <span class='ocrx_word' id='word_1_623' title='bbox 1809 4471 2010 4554; x_wconf 86' lang='lat' dir='ltr'><strong>A&#39;mbrosii,</strong></span> <span class='ocrx_word' id='word_1_624' title='bbox 2043 4490 2077 4546; x_wconf 89' lang='lat' dir='ltr'><strong>et</strong></span> <span class='ocrx_word' id='word_1_625' title='bbox 2098 4479 2265 4559; x_wconf 90' lang='lat' dir='ltr'><strong>aliorum,</strong></span> 
     </span>
     <span class='ocr_line' id='line_1_91' title="bbox 1278 4573 2266 4675; baseline 0.007 -32"><span class='ocrx_word' id='word_1_626' title='bbox 1278 4579 1338 4669; x_wconf 92' lang='lat' dir='ltr'><strong>qni</strong></span> <span class='ocrx_word' id='word_1_627' title='bbox 1356 4602 1434 4647; x_wconf 92' lang='lat' dir='ltr'><strong>cum</strong></span> <span class='ocrx_word' id='word_1_628' title='bbox 1451 4574 1583 4646; x_wconf 87' lang='lat' dir='ltr'><strong>luerint</strong></span> <span class='ocrx_word' id='word_1_629' title='bbox 1599 4573 1864 4654; x_wconf 88' lang='lat' dir='ltr'><strong>studiosissimi,</strong></span> <span class='ocrx_word' id='word_1_630' title='bbox 1891 4576 2079 4646; x_wconf 88' lang='lat' dir='ltr'><strong>excitemus</strong></span> <span class='ocrx_word' id='word_1_631' title='bbox 2093 4604 2160 4649; x_wconf 91' lang='lat' dir='ltr'><strong>nos</strong></span> <span class='ocrx_word' id='word_1_632' title='bbox 2175 4605 2266 4675; x_wconf 92' lang='lat' dir='ltr'><strong>quo-</strong></span> 
     </span>
     <span class='ocr_line' id='line_1_92' title="bbox 1277 4674 2265 4772; baseline 0.008 -28"><span class='ocrx_word' id='word_1_633' title='bbox 1277 4701 1345 4770; x_wconf 90' lang='lat' dir='ltr'><strong>que</strong></span> <span class='ocrx_word' id='word_1_634' title='bbox 1368 4674 1412 4746; x_wconf 89' lang='lat' dir='ltr'><strong>ad</strong></span> <span class='ocrx_word' id='word_1_635' title='bbox 1434 4677 1593 4747; x_wconf 91' lang='lat' dir='ltr'><strong>discendi</strong></span> <span class='ocrx_word' id='word_1_636' title='bbox 1615 4698 1756 4765; x_wconf 86' lang='lat' dir='ltr'><strong>curam,</strong></span> <span class='ocrx_word' id='word_1_637' title='bbox 1789 4701 1893 4770; x_wconf 89' lang='lat' dir='ltr'><strong>quam</strong></span> <span class='ocrx_word' id='word_1_638' title='bbox 1919 4679 2063 4769; x_wconf 89' lang='lat' dir='ltr'><strong>quidem</strong></span> <span class='ocrx_word' id='word_1_639' title='bbox 2093 4682 2265 4772; x_wconf 84' lang='lat' dir='ltr'><strong>praecipit</strong></span> 
     </span>
     <span class='ocr_line' id='line_1_93' title="bbox 1275 4777 2266 4873; baseline 0.003 -24"><span class='ocrx_word' id='word_1_640' title='bbox 1275 4777 1428 4869; x_wconf 88' lang='lat' dir='ltr'><strong>Spiritus</strong></span> <span class='ocrx_word' id='word_1_641' title='bbox 1443 4793 1601 4864; x_wconf 89' lang='lat' dir='ltr'><strong>sanctus,</strong></span> <span class='ocrx_word' id='word_1_642' title='bbox 1627 4777 1808 4873; x_wconf 88' lang='lat' dir='ltr'><strong>inquiens:</strong></span> <span class='ocrx_word' id='word_1_643' title='bbox 1834 4777 1991 4849; x_wconf 90' lang='lat' dir='ltr'><strong>Verbum</strong></span> <span class='ocrx_word' id='word_1_644' title='bbox 2008 4778 2076 4850; x_wconf 91' lang='lat' dir='ltr'><strong>Dei</strong></span> <span class='ocrx_word' id='word_1_645' title='bbox 2094 4784 2187 4854; x_wconf 92' lang='lat' dir='ltr'><strong>inter</strong></span> <span class='ocrx_word' id='word_1_646' title='bbox 2199 4806 2266 4853; x_wconf 83' lang='lat' dir='ltr'><strong>vos</strong></span> 
     </span>
     <span class='ocr_line' id='line_1_94' title="bbox 1275 4879 1590 4954; baseline 0.016 -4"><span class='ocrx_word' id='word_1_647' title='bbox 1275 4882 1442 4953; x_wconf 90' lang='lat' dir='ltr'><strong>abundet.</strong></span> <span class='ocrx_word' id='word_1_648' title='bbox 1494 4879 1590 4954; x_wconf 89' lang='lat' dir='ltr'><strong>Dixi.</strong></span> 
     </span>
    </p>
   </div>
   <div class='ocr_carea' id='block_1_11' title="bbox 0 0 2370 6022">
    <p class='ocr_par' dir='ltr' id='par_1_11' title="bbox 0 0 2370 6022">
     <span class='ocr_line' id='line_1_95' title="bbox 0 0 2370 6022; baseline 0 0"><span class='ocrx_word' id='word_1_649' title='bbox 0 0 2370 6022; x_wconf 95' lang='lat' dir='ltr'><strong> </strong></span> 
     </span>
    </p>
   </div>
  </div>
 </body>
</html>
