4732 6030
270 211 345 286 tat
963 195 1125 271 DECL
1162 195 1238 271 DE
1274 195 1595 273 AMBROSIO.
2136 233 2138 237 ν
2228 210 2307 288 572

275 405 356 452 enm
373 390 490 471 postea
507 367 672 461 Episcopi
689 365 824 438 iunctio
838 365 871 435 ei
886 369 1051 437 mandata
1068 383 1165 453 esset,
1192 368 1265 438 Va·
1417 364 1480 438 Est
1496 382 1530 438 et
1545 362 1611 437 hoc
1627 367 1862 440 admiratione
1877 372 2038 460 dignum,
2064 378 2173 449 talem
2187 383 2304 455 virum

275 482 492 554 lentinianus
513 472 648 562 reipub.
668 468 863 557 gratulatus
880 484 930 539 est
946 493 1021 539 eam
1046 472 1264 555 electionem,
1313 470 1375 562 qui
1396 491 1489 539 uncta
1513 469 1562 538 ibi
1588 470 1794 538 turbulento
1820 486 1976 562 tempore
1999 477 2152 549 idoneus
2176 487 2304 572 guber.

277 601 309 655 et
333 583 469 674 gavisus
483 586 616 644 tantam
631 594 703 639 esse
725 571 889 660 pietatem
906 572 944 639 in
966 574 1125 662 praeside
1146 586 1179 641 et
1202 596 1263 640 cu·
1311 585 1417 640 nator
1438 571 1579 639 futurus
1602 584 1695 653 erat,
1729 594 1802 639 non
1829 598 1869 639 ex
1896 576 2045 666 collegio
2062 578 2305 675 sacerdotum,

275 689 374 756 stode
390 698 597 766 corporum,
621 685 661 742 ut
675 670 771 742 Deus
785 673 959 742 censuerit
973 673 1108 742 animas
1122 674 1154 743 ei
1167 697 1264 742 com·
1312 674 1373 740 sed
1393 695 1434 740 er
1452 672 1581 740 lorensi
1600 674 1704 743 turba
1722 674 1766 741 ad
1788 684 1926 742 tantum
1944 700 2078 750 munos
2098 689 2304 760 accersitum

275 781 492 856 mandandas
507 798 590 845 esse.
633 770 730 842 Idem
748 786 892 845 testatus
907 789 957 844 est
972 774 1169 844 libertatem
1189 775 1265 844 eius
1313 796 1397 846 esse.
1449 771 1519 842 Sed
1534 786 1573 842 ut
1593 773 1631 842 in
1647 774 1768 842 castris
1783 787 1818 843 et
1838 775 1875 843 in
1893 777 1967 845 acie
1991 780 2089 852 loeus
2103 798 2153 855 est
2171 781 2307 878 pietati,

275 887 314 954 in
328 880 478 954 decretis
491 875 613 946 aulicis
627 874 939 963 etMagistratuum
956 875 1163 947 inferiorum
1179 876 1265 944 actis
1313 874 1406 943 acin
1424 873 1484 944 illa
1501 896 1620 942 rerum
1635 874 1879 963 magnitudine
1893 883 2080 973 praecipue
2097 885 2187 959 lucet
2204 891 2305 978 fides,

275 978 577 1076 reprehendendis
596 999 633 1045 se
648 976 857 1064 comperisse
875 991 909 1047 et
930 981 1092 1070 probare.
1145 976 1264 1067 Pupu-
1315 989 1354 1058 ut
1376 976 1414 1042 in
1429 973 1565 1044 Davide
1592 988 1627 1045 et
1648 974 1838 1045 similibus:
1867 978 1913 1048 ita
1936 981 2304 1079 intogataguberna.

276 1089 334 1156 lus
350 1108 433 1153 vero
455 1081 505 1149 sic
524 1103 603 1148 eum
620 1078 760 1160 dilexit,
785 1090 826 1146 ut
842 1103 920 1145 cum
941 1079 1087 1148 fuissent
1105 1093 1203 1147 antea
1221 1079 1265 1146 de
1314 1076 1411 1145 tione
1435 1099 1475 1143 ac
1495 1077 1533 1143 in
1559 1076 1637 1145 loro
1660 1077 1789 1147 multos
1813 1101 1886 1146 esse
1907 1081 2005 1171 pios,
2037 1110 2109 1157 non
2132 1092 2303 1164 dubitan.

278 1187 448 1257 electione
482 1204 607 1270 magna
636 1180 826 1248 certamina
853 1174 948 1247 bunc
974 1181 1152 1249 communi
1178 1202 1265 1248 con·
1315 1179 1401 1246 dum
1418 1191 1487 1257 est,
1514 1200 1553 1245 ac
1567 1177 1756 1268 praecipue
1771 1193 1856 1249 tnnc
1879 1197 1995 1266 erant,
2019 1210 2099 1257 cum
2115 1191 2302 1283 disciplina

279 1312 382 1358 sensu
399 1287 441 1353 ad
456 1279 622 1373 Episcopi
639 1302 768 1348 munus
783 1284 927 1349 vocarit.
1314 1273 1597 1348 Christianorum
1619 1279 1776 1349 severior
1793 1293 1894 1354 esset.
1946 1282 2106 1356 Fratrem
2123 1291 2302 1386 Satyrum,

366 1387 594 1457 Pervaserant
610 1381 648 1448 in
664 1379 801 1450 ltaliam
817 1381 976 1468 contagia
992 1381 1082 1449 labis
1101 1376 1265 1464 Arianae,
1314 1379 1371 1448 cui
1388 1393 1459 1448 tota
1475 1380 1547 1448 vita
1563 1379 1600 1447 in
1616 1381 1696 1449 foro
1708 1395 1783 1450 acta
1798 1395 1862 1466 est,
1889 1384 1938 1455 ita
1953 1390 2133 1476 praedicat
2149 1392 2303 1466 Ambro-

279 1504 313 1561 et
335 1487 532 1560 Atrxentius
558 1482 755 1551 Mediolani
780 1479 995 1572 Episcopus,
1028 1506 1109 1551 cum
1133 1483 1266 1552 faveret
1315 1481 1407 1563 sius,
1437 1495 1477 1550 ut
1491 1480 1562 1549 sibi
1577 1481 1682 1550 etiam
1697 1484 1879 1553 anteierat.

279 1589 423 1662 Arianis
455 1597 623 1677 sparserat
661 1606 783 1651 eorum
816 1606 992 1650 venenum
1015 1582 1053 1650 in
1080 1584 1264 1674 populum.
1415 1578 1463 1653 Et
1488 1607 1569 1651 cum
1591 1582 1707 1651 omnis
1727 1584 1936 1670 gubernatio
1958 1586 2152 1677 plurimum
2176 1589 2301 1667 habeat

277 1692 373 1761 Hinc
390 1704 465 1759 orta
483 1686 657 1755 discordia
673 1683 813 1753 duravit
829 1696 1069 1773 postmortem
1085 1680 1264 1754 Araxentii.
1314 1683 1570 1772 periculorum,
1605 1685 1734 1752 multae
1760 1707 1795 1752 se
1817 1684 1855 1752 io
1879 1686 1974 1755 curia
2005 1690 2073 1778 piis
2101 1698 2300 1767 occasiones

171 1798 177 1811 '
279 1792 502 1883 Flagitabant
516 1787 623 1875 igitur
639 1785 688 1875 pii
706 1782 919 1875 Episcopum
938 1797 1029 1852 recte
1045 1785 1265 1871 sentientem,
1315 1786 1525 1852 exercendae
1540 1783 1620 1852 lidei
1636 1783 1799 1853 offerunt.
1843 1783 1979 1856 Deinde
2000 1790 2150 1861 sorensis
2175 1797 2300 1890 dispu-

280 1895 404 1965 caeteri
421 1915 503 1961 vero
527 1887 645 1956 infecti
661 1885 740 1955 Arii
758 1909 894 1953 veneno
908 1886 1122 1978 quaerebant
1137 1888 1191 1954 sui
1209 1909 1265 1955 er·
1313 1885 1400 1952 tatio
1423 1884 1618 1953 virobono
1646 1885 1771 1953 eximia
1795 1890 1966 1977 quaedam
1982 1883 2210 1984 Philosophia
2237 1914 2301 1973 est.

280 1995 370 2065 roris
386 2001 694 2085 propugnatorem.
744 1982 898 2056 Duravit
919 1999 1094 2056 certamen
1117 2011 1179 2078 per
1196 1987 1264 2056 ali·
1313 1982 1382 2053 Hic
1416 1985 1520 2054 discit
1552 1985 1667 2075 legum
1694 2009 1832 2072 causas,
1873 1990 2002 2081 quibus
2034 1994 2301 2085 animadversis,

281 2108 369 2189 quot
390 2094 481 2163 dies:
508 2114 590 2158 narn
613 2103 750 2177 praeses
774 2083 984 2156 Ambrosius
1007 2086 1110 2157 initio
1132 2111 1167 2158 se
1190 2112 1264 2157 non
1313 2086 1422 2176 leges,
1456 2085 1621 2176 imperia,
1652 2087 1839 2173 iustitiam,
1863 2091 1961 2160 videt
1985 2115 2040 2161 res
2061 2095 2201 2166 divinas
2226 2125 2298 2170 esse

280 2193 486 2275 admiscuit,
517 2214 562 2259 ne
584 2185 871 2276 suffragationem
892 2187 1016 2278 populi
1033 2202 1171 2280 praeter
1188 2215 1264 2258 mo·
1314 2202 1348 2257 et
1361 2187 1469 2277 magis
1485 2200 1682 2258 veneratur.
1724 2183 1830 2258 Acuit
1846 2191 1952 2260 etiam
1969 2192 2109 2282 ingenia
2125 2200 2298 2271 subtilitas

279 2321 356 2368 rem
382 2292 553 2385 impedire
579 2289 768 2360 videretur.
818 2285 980 2356 Tandem
1010 2313 1088 2357 cum
1113 2290 1264 2358 incensis
1314 2288 1611 2379 disputationum,
1656 2302 1691 2358 et
1723 2289 1872 2359 varietas
1911 2297 2136 2382 prudentiam
2175 2302 2298 2376 adfert.

280 2398 428 2475 animis,
464 2391 653 2463 seditiones
678 2402 711 2458 et
734 2387 854 2455 caedes
876 2389 1138 2479 impenderent,
1168 2391 1265 2459 venit
1314 2388 1410 2478 Quid
1430 2392 1523 2481 quod
1547 2389 1597 2458 ibi
1619 2387 2116 2480 introspiciuntnrhomioum
2133 2425 2247 2472 mores
2266 2419 2300 2474 et

155 2516 157 2520 ‘
280 2501 318 2569 in
334 2496 515 2586 templum,
538 2505 572 2560 et
588 2486 751 2559 hortatur
766 2502 939 2580 utranque
954 2503 1087 2580 partem
1102 2495 1146 2560 ad
1164 2505 1264 2562 tran·
1314 2503 1477 2573 naturae,
1504 2514 1654 2582 quarum
1671 2492 1825 2581 cognitio
1843 2494 2087 2582 gubernatori,
2113 2501 2155 2569 ad
2171 2525 2298 2573 caven-

279 2599 511 2694 quillitatem,
532 2603 782 2660 commemorat
796 2589 969 2661 divinitus
982 2591 1059 2659 dari
1075 2594 1188 2663 bonos
1202 2617 1265 2683 pa·
1314 2597 1376 2660 das
1398 2592 1571 2660 malornm
1596 2592 1741 2660 insidias
1767 2604 1802 2662 et
1824 2597 1867 2662 ad
1892 2594 2083 2666 flectendos
2098 2605 2298 2674 moderatos

279 2716 406 2782 stores,
429 2711 467 2766 ut
484 2693 616 2762 Paulus
631 2692 763 2775 scribit,
789 2703 823 2759 et
837 2686 951 2760 Deum
967 2694 1163 2780 rogandum
1180 2717 1264 2775 esse,
1313 2715 1525 2782 magnopere
1549 2694 1728 2763 conducit.
1788 2693 1867 2764 Non
1892 2710 2006 2786 potest
2036 2701 2145 2789 igitur
2176 2708 2297 2794 negari

278 2817 320 2873 ut
346 2795 632 2887 suffragationem
656 2804 768 2882 regat,
799 2805 833 2861 et
847 2804 980 2861 mentes
997 2793 1113 2864 flectat
1134 2796 1177 2863 ad
1199 2794 1264 2862 eli·
1313 2794 1432 2862 futuro
1449 2792 1689 2882 gubernatori,
1709 2795 1838 2882 lorum,
1861 2795 2041 2888 palestram
2058 2824 2131 2870 esse
2147 2806 2297 2876 utilissi-

278 2906 431 2991 gendum
456 2898 623 2967 idoneum
650 2889 884 2984 Episcopum,
918 2918 957 2961 ac
988 2894 1116 2964 omissa
1148 2895 1264 2963 ambi·
1312 2917 1426 2974 mam,
1465 2895 1670 2982 praesertim
1695 2895 1724 2963 si
1756 2901 1893 2967 accedat
1917 2892 2101 2989 Evangelii
2128 2907 2295 2995 cognitio.

279 3005 386 3087 tione,
411 3015 444 3071 et
458 2997 625 3089 depositis
640 2994 778 3064 iniustis
793 2992 1059 3084 cupiditatibus,
1084 3019 1264 3089 quaeren-
1311 2992 1385 3064 Nec
1402 2995 1511 3063 fuerit
1531 2996 1658 3065 inutile
1672 2997 1759 3066 tales
1777 2999 1890 3084 viros,
1915 3000 1975 3092 qui
1992 3002 2212 3074 coniunctam
2230 3005 2295 3077 ha-

279 3109 364 3174 dum
392 3125 463 3171 esse
489 3100 606 3167 virum
634 3098 790 3178 bonum,
822 3095 879 3163 cui
905 3110 996 3167 recte
1023 3097 1264 3167 commendari
1312 3097 1398 3163 bent
1425 3098 1587 3184 pietatem
1617 3110 1651 3166 et
1673 3099 1920 3193 ¹eruditionem
1946 3099 2181 3175 Christianam
2213 3134 2293 3179 cum

278 3203 413 3276 iunctio
433 3198 553 3290 possit.
1312 3197 1409 3266 civili
1425 3198 1648 3284 prudentiam
1663 3200 1704 3267 ad
1722 3204 1889 3287 regendas
1905 3197 2080 3274 Ecclesias
2094 3204 2295 3299 provehere.

234 3379 240 3391 ‚
380 3299 496 3372 Tanta
515 3295 641 3365 eratin
658 3293 1006 3365 orationePraesidis
1025 3297 1156 3386 pietas,
1181 3323 1263 3368 mox
1410 3294 1518 3368 Extat
1532 3311 1645 3368 autem
1661 3295 1819 3388 Epistola
1834 3297 1978 3390 Basilii,
1999 3308 2130 3395 scripta
2147 3311 2191 3378 ad
2210 3308 2296 3381 Am-

277 3421 319 3478 ut
335 3397 563 3475 conclamarit
578 3409 727 3486 utraque
744 3416 837 3485 pars,
862 3390 969 3465 huius
984 3397 1054 3464 viri
1067 3397 1263 3467 orationem
1312 3396 1470 3467 brosium
1492 3422 1613 3468 recens
1634 3412 1794 3468 vocatum
1818 3401 1862 3467 ad
1879 3394 2047 3495 Episcopi
2068 3409 2295 3498 functionem,

277 3521 312 3578 et
334 3505 498 3598 pietatem
521 3497 711 3568 convenire
730 3491 920 3586 Episcopo.
971 3495 1023 3568 lta
1043 3493 1263 3581 Ambrosius,
1311 3522 1353 3567 ex
1368 3521 1438 3590 qua
1456 3498 1608 3591 intelligi
1630 3511 1763 3591 potest,
1787 3513 1871 3570 tunc
1893 3525 2033 3595 quoque
2054 3507 2092 3573 in
2110 3504 2196 3580 Asia
2209 3512 2297 3583 Am-

277 3608 341 3703 qui
376 3629 453 3676 cum
485 3600 639 3670 fascibus
665 3611 739 3666 erat
764 3595 803 3666 in
828 3597 1028 3686 provincia,
1065 3611 1100 3668 et
1126 3616 1264 3690 praeter
1310 3599 1420 3667 brosii
1451 3624 1581 3671 nomen
1612 3614 1754 3692 propter
1782 3602 1943 3670 eximiam
1964 3604 2130 3674 virtutem
2161 3611 2297 3682 clarum

277 3731 376 3780 suam
399 3703 605 3796 opinionem
633 3711 667 3768 et
696 3711 833 3789 praeter
855 3722 990 3768 morem
1010 3702 1263 3771 consentienti·
1309 3700 1427 3769 fuisse.
1478 3702 1537 3773 Sic
1558 3703 1652 3771 enim
1674 3702 1724 3772 ait
1744 3699 1911 3771 Basilius:
1937 3700 2107 3792 Magnum
2124 3706 2191 3778 Dei
2215 3738 2298 3782 mu-

275 3814 343 3883 bos
358 3806 517 3878 omnium
535 3799 709 3890 suffragiis
724 3799 865 3889 eligitur
878 3798 1084 3892 Episcopus.
1134 3799 1262 3873 Recla-
1310 3825 1378 3869 nus
1398 3825 1490 3885 esse,
1516 3807 1611 3896 quod
1628 3803 1744 3872 virum
1767 3818 1888 3873 natum
1911 3805 1948 3873 in
1963 3807 2048 3874 urbe
2064 3808 2206 3878 domina
2224 3814 2297 3880 im-

197 3895 199 3899 *
276 3926 348 3983 mat
365 3910 455 4001 ipse,
480 3929 586 4000 seque
607 3913 764 3986 excusat,
789 3903 884 3995 quod
903 3904 1062 3972 nondum
1086 3904 1261 3995 baptismo
1310 3903 1420 3992 perii,
1446 3904 1506 3996 qui
1522 3904 1762 3993 magistratum
1787 3907 1910 3994 gessit,
1936 3907 2158 3978 excellentem
2176 3914 2296 3981 consi-

274 4013 435 4084 initiatus
467 4009 531 4091 sit,
571 4004 667 4098 quod
701 4017 796 4091 gerat
830 4001 1077 4092 Magistratum
1111 4006 1261 4087 civilem,
1310 4003 1380 4086 lio,
1406 4007 1541 4094 generis
1564 4019 1599 4075 et
1615 4008 1707 4075 vitae
1728 4006 1933 4096 splendore,
1958 4008 2156 4100 eloquentia
2175 4024 2209 4079 et
2223 4014 2297 4083 cla-

274 4116 370 4209 quod
394 4113 432 4179 in
455 4133 496 4177 ea
516 4105 678 4175 doctrina
700 4103 844 4194 quaein
863 4100 1038 4195 Episcopo
1057 4107 1261 4198 requiritur,
1309 4128 1389 4172 rum
1419 4107 1525 4175 rebus
1556 4107 1659 4196 gestis
1685 4107 1829 4177 traxerit
1855 4109 1898 4173 ad
1923 4113 2133 4199 pascendum
2158 4135 2295 4203 gregem

275 4239 348 4283 non
382 4210 465 4279 satis
486 4216 641 4273 versatus
667 4202 729 4270 sit:
761 4204 821 4270 sed
845 4203 999 4272 vincitur
1025 4208 1149 4296 populi
1175 4230 1261 4274 con·
1309 4199 1453 4277 Christi.
1506 4205 1601 4276 Haec
1624 4222 1705 4277 sunt
1727 4209 1831 4277 verba
1852 4205 1978 4277 Basilii
2008 4235 2048 4279 ex
2076 4235 2199 4301 graeco
2222 4238 2294 4285 ser·

275 4336 379 4385 sensu
397 4324 431 4378 et
449 4303 673 4395 Imperatoris
690 4302 955 4391 adprobatione.
1310 4330 1415 4373 mone
1431 4331 1601 4398 expressa.

260 4442 262 4446 ⁴
375 4408 492 4479 Multa
517 4403 692 4473 studiosos
717 4396 802 4469 haec
824 4401 947 4469 electio
969 4427 1113 4474 monere
1133 4419 1259 4498 potest.
1408 4405 1498 4478 Cum
1515 4424 1632 4479 autem
1651 4405 1865 4500 Episcopum
1883 4411 2029 4480 nomino
2047 4411 2084 4479 in
2103 4408 2169 4482 hac
2183 4409 2294 4488 histo-

273 4513 434 4586 Primum
471 4508 629 4574 videmus
664 4504 777 4570 bonos
804 4514 959 4593 pastores
994 4528 1065 4571 non
1095 4501 1260 4576 humanis
1308 4507 1379 4590 ria,
1403 4523 1518 4577 vetera
1533 4508 1709 4579 Ecclesiae
1731 4522 1889 4600 tempora
1904 4511 2010 4578 velim
2026 4535 2089 4580 vos
2106 4515 2225 4586 animo
2239 4520 2296 4586 in-

273 4613 430 4689 consiliis
455 4606 630 4688 inveniri,
654 4605 715 4672 sed
732 4604 902 4694 singulari
924 4599 990 4674 Dei
1013 4600 1079 4697 ope
1094 4603 1259 4677 Ecclesiis
1308 4610 1409 4676 tueri.
1464 4609 1545 4678 Non
1562 4624 1636 4678 erat
1650 4609 1779 4694 ocium,
1805 4626 1844 4680 ut
1861 4636 1956 4680 nnnc
1970 4607 2138 4705 Episcopi
2156 4640 2296 4704 munus,

273 4714 431 4813 praefici,
457 4725 498 4781 ut
513 4710 558 4779 ad
573 4701 745 4797 Ephesios
765 4705 932 4794 scriptum
956 4719 1023 4776 est:
1051 4706 1259 4778 Ascendisse
1308 4722 1368 4777 aut
1384 4713 1554 4801 quaedam
1573 4723 1708 4779 tantum
1726 4713 2003 4781 ceremoniarum
2020 4718 2201 4803 tractatio,
2227 4722 2295 4787 mi-

271 4816 453 4892 Christum
469 4813 507 4881 in
522 4811 656 4892 coelos,
681 4821 722 4877 ut
737 4809 796 4877 det
811 4808 905 4876 dona
925 4803 1142 4894 hominibus,
1168 4808 1257 4879 Pro·
1307 4810 1381 4878 litia
1399 4825 1473 4880 erat
1497 4811 1657 4881 omnium
1674 4813 1898 4881 difficillima:
1930 4839 1994 4883 nec
2010 4828 2148 4886 tantum
2164 4822 2296 4890 acerri-

270 4917 411 5013 phetas‚
439 4913 648 5006 Apostolos,
673 4908 851 4993 Pastores,
875 4921 916 4978 ut
943 4912 1094 4979 subinde
1116 4927 1259 5004 propter
1308 4934 1361 4978 me
1378 4912 1620 4983 dimicationes
1635 4937 1715 4983 cum
1732 4914 1958 4999 adversariis,
1983 4917 2044 4986 sed
2066 4918 2175 4986 etiam
2194 4945 2296 5013 saepe

270 5047 364 5093 nova
381 5015 571 5088 certamina
587 5013 682 5083 Deus
697 5011 905 5081 excellentes
927 5010 1108 5083 ministros
1128 5016 1255 5085 excita·
1306 5025 1488 5101 potentum
1518 5016 1600 5084 odia
1627 5028 1663 5086 et
1693 5014 1809 5084 omnis
1834 5017 1972 5103 generis
2000 5018 2155 5109 pericula
2184 5025 2297 5094 susci-

269 5126 340 5206 vit,
369 5117 533 5188 videlicet
550 5111 684 5198 Eliam,
714 5109 891 5194 Eliseum,
916 5108 1077 5198 Esaiam,
1106 5128 1140 5185 et
1160 5115 1256 5185 alios.
1306 5113 1433 5204 pienda
1450 5129 1561 5190 erant.

269 5226 394 5298 Postea
422 5215 631 5305 Apostolos,
664 5212 793 5283 deinde
814 5207 1068 5298 Athanasium,
1101 5211 1257 5287 Ambro·
1404 5212 1458 5284 Ac
1474 5215 1655 5286 Ambrosii
1678 5215 1938 5286 administratio
1962 5219 2149 5310 praecipue
2170 5224 2302 5296 incidit

268 5330 382 5409 sium,
408 5316 665 5408 Augustinum,
690 5327 724 5385 et
738 5314 871 5384 similes
887 5316 1070 5412 quosdam.
1305 5315 1344 5383 in
1359 5316 1567 5389 difficillima
1583 5333 1751 5408 tempora,
1775 5318 1867 5388 vidit
1885 5320 2049 5391 florentes
2066 5321 2299 5415 lmperatores
