4732 6030
138 209 140 214 .
240 188 312 262 7„
751 102 762 113 ’
846 167 1005 251 nucu
1036 166 1093 244 tu
1127 160 1362 244 rouunu
1393 98 1675 247 nuruum.
2207 182 2291 261 res

245 358 417 444 excelsos,
441 353 623 437 ardentes,
644 346 783 443 qualem
799 342 947 416 omnino
964 335 1113 415 Lutberi
1130 340 1236 412 fuisse
1284 363 1367 413 suos
1381 337 1531 425 labores,
1555 360 1646 433 quos
1659 338 1698 409 in
1712 341 1963 435 propagatione
1974 338 2163 440 Evangelii
2177 353 2291 428 susti·

250 487 307 537 Μ
324 458 490 533 ostendit,
1286 443 1378 526 nuit,
1403 440 1521 512 audit:
1546 443 1606 511 sed
1623 441 1729 512 etiam
1742 443 1817 535 ipse
1832 445 1903 516 iam
1920 449 2066 521 eductus
2079 475 2122 522 ex
2138 458 2289 529 mortali

336 561 434 653 Quid
449 557 562 628 dicam
576 553 620 622 de
634 548 781 622 caeteris
796 546 871 617 eius
885 541 1100 616 virtutibus?
1127 539 1238 632 Saepe
1285 566 1434 635 corpore
1451 550 1618 636 tanquam
1638 567 1851 627 excercere,
1875 560 1909 618 et
1927 546 2105 637 ingressus
2122 554 2162 624 in
2178 553 2289 630 acho·

249 670 324 760 ipae
346 656 540 734 interveni,
565 679 645 729 cum
669 647 892 744 lachrymam
916 647 1133 739 precationes
1157 666 1237 713 suas
1286 645 1356 713 lam
1373 644 1485 714 multo
1507 635 1755 731 eruditiorem,
1778 641 1847 717 Dei
1865 650 2072 738 essentiam,
2098 671 2133 727 et
2153 657 2193 728 in
2209 660 2288 734 tilio

249 793 313 863 pro
336 777 406 835 tota
430 757 588 849 Ecclesia
610 755 711 825 dixit.
762 750 933 822 Sumebat
952 747 1047 818 enim
1071 745 1141 817 sibi
1163 745 1238 813 iere
1286 748 1374 815 duas
1389 758 1533 816 naturas
1549 745 1775 830 coniunctas,
1801 759 1836 817 et
1857 761 1973 820 totum
1988 757 2181 828 consilium
2197 786 2288 832 con·

249 864 408 965 quotidie
429 875 563 931 certum
587 872 725 947 tempus
749 854 793 923 ad
811 849 969 921 Psalmos
990 847 1129 942 aliquos
1146 847 1237 915 reci·
1286 847 1381 917 ditae
1402 859 1437 917 et
1458 848 1659 937 redemptae
1676 843 1853 919 Ecclesiae
1875 873 1985 942 prope
2002 862 2286 953 contemplatur:

247 970 396 1052 tandos,
428 961 558 1055 quibus
587 982 649 1029 sua
670 969 753 1027 vota
781 974 925 1044 gemens
947 964 983 1021 et
1014 942 1238 1041 lachrymam
1286 970 1373 1040 quas
1387 971 1442 1016 res
1456 947 1643 1032 maximas,
1669 947 1847 1022 involutas
1874 966 1909 1022 et
1935 954 2105 1030 brevibus
2128 967 2286 1040 oraculi,

247 1069 432 1142 miscebat:
462 1085 503 1132 ac
526 1083 627 1151 saepe
647 1058 737 1128 dirit
758 1080 795 1125 se
819 1075 1021 1124 succensere
1047 1051 1141 1129 istis,
1175 1047 1238 1139 qui
1286 1049 1503 1140 propositas,
1529 1072 1608 1117 cum
1626 1045 2025 1143 lidehicconsiderarit,
2049 1054 2286 1138 nunccoaam

247 1187 309 1244 aut
330 1179 475 1263 propter
497 1162 694 1253 ignaviam,
734 1172 795 1228 aut
823 1169 968 1247 propter
991 1150 1237 1241 occupationes
1287 1151 1428 1233 videns,
1456 1149 1589 1220 laetitia
1606 1172 1743 1221 summa
1765 1153 1948 1240 adiicitur,
1980 1171 2015 1229 et
2035 1158 2112 1233 Deo
2133 1166 2205 1236 iam
2225 1195 2284 1239 ar-

248 1277 373 1346 dicunt
389 1267 472 1338 satis
487 1288 559 1335 esse
576 1263 652 1333 solo
668 1259 800 1350 gemitu
816 1256 963 1347 precari.
1003 1251 1087 1322 ldeo
1104 1252 1237 1319 formae
1286 1253 1374 1322 dens
1390 1263 1462 1322 tota
1479 1264 1597 1322 mente
1613 1252 1742 1341 gratias
1760 1255 1831 1344 agit
1848 1278 1912 1346 pro
1929 1270 2030 1331 tanto
2046 1263 2238 1342 beneficio·

249 1376 353 1446 nobis
369 1370 490 1441 divino
504 1364 654 1436 oonsilio
671 1359 903 1452 praescriptae
918 1368 1018 1437 sunt,
1043 1352 1172 1445 inquit,
1198 1362 1239 1420 ut
1389 1349 1457 1422 Hic
1474 1351 1576 1423 discit
1589 1377 1654 1422 cur
1670 1353 1764 1425 lilius
1778 1353 1846 1426 Dei
1868 1353 1978 1456 λόγος
1999 1360 2063 1435 καὶ
2088 1363 2201 1442 suabe
2224 1396 2281 1442 ae.

248 1476 353 1549 lectio
369 1483 503 1542 mentes
519 1464 698 1536 accendat:
726 1461 798 1528 imo
813 1470 855 1529 ut
869 1480 936 1525 vox
953 1456 1056 1526 etiam
1074 1453 1238 1546 profitea·
1285 1455 1378 1527 terni
1394 1454 1504 1547 patris
1519 1454 1670 1525 dicatur:
1691 1469 1727 1527 et
1741 1457 1921 1551 quomodo
1936 1460 2120 1537 vinculum
2137 1471 2183 1544 sit
2198 1471 2281 1565 Spi-

250 1595 328 1662 ων,
352 1597 457 1667 quem
474 1566 589 1638 Deum
607 1565 821 1634 invocemus.
1286 1556 1376 1628 ritus
1392 1569 1532 1628 sanctus
1546 1556 1676 1627 amoris
1691 1558 1818 1639 mutui,
1837 1583 1912 1630 non
1925 1565 2042 1635 solum
2059 1568 2152 1641 inter
2165 1550 2281 1646 aeterss

352 1674 474 1766 ltaque
498 1692 578 1739 curn
603 1665 736 1736 multae
755 1683 877 1754 graves
900 1656 1174 1729 deliberationes
1193 1656 1238 1724 de
1286 1683 1373 1730 num
1389 1670 1524 1750 patrem
1540 1658 1713 1745 etlilium,
1739 1661 1799 1730 sed
1816 1661 1922 1732 etiarn
1938 1662 2032 1737 inter
2047 1669 2143 1760 ipsos
2159 1686 2192 1745 et
2207 1671 2280 1748 Ec-

248 1776 415 1874 periculis
439 1767 592 1864 publicis
618 1789 720 1856 saepe
746 1762 954 1845 inciderint,
987 1756 1238 1828 animadverti·
1287 1761 1440 1830 clesiam.
1493 1757 1599 1829 lnitia
1624 1755 1731 1831 huius
1753 1762 1936 1835 doctrinae
1955 1780 1989 1837 et
2009 1771 2212 1844 rudimenta
2238 1779 2280 1846 in

249 1903 329 1951 mus
349 1900 427 1946 eum
457 1869 592 1962 ingenti
619 1867 729 1937 animi
753 1866 881 1936 robore
901 1859 1101 1958 praeditum
1121 1859 1241 1941 fuisse,
1286 1858 1351 1932 hac
1367 1860 1508 1951 mortali
1524 1860 1596 1931 vita
1612 1861 1800 1944 didicerat,
1824 1878 1857 1934 et
1876 1870 1976 1957 saepe
1994 1869 2038 1939 de
2053 1866 2110 1942 his
2125 1879 2277 1946 summis

249 1980 466 2070 minimeque
487 1964 680 2068 ψοφοδεῆ,
713 1990 778 2036 nec
800 1965 884 2036 ullis
903 1985 1062 2055 unquam
1086 1962 1237 2031 fractum
1286 1964 1408 2042 rebus,
1443 1965 1487 2033 de
1511 1963 1741 2033 discernenda
1763 1964 1988 2038 invocatione
2008 1995 2090 2043 vera
2111 1987 2148 2046 et
2174 1977 2277 2064 falsa,

251 2080 456 2155 terroribus.
507 2071 695 2144 Nitebatur
709 2068 804 2138 enim
818 2089 926 2150 sacra,
950 2076 991 2134 ut
1007 2062 1149 2145 dicitur,
1172 2084 1238 2130 an·
1286 2064 1331 2134 de
1352 2087 1433 2134 vera
1455 2063 1636 2154 agnitione
1650 2061 1717 2135 Dei
1733 2065 1896 2139 intuente
1917 2071 2168 2160 patefactiones
2183 2079 2280 2148 divi-

251 2207 351 2262 cora‚
383 2181 514 2263 idest,
538 2170 670 2244 auxilio
692 2167 780 2256 Dei,
811 2190 877 2240 nec
900 2166 1006 2239 fldem
1031 2163 1147 2234 excuti
1168 2161 1238 2233 sibi
1286 2190 1369 2253 nas,
1395 2180 1429 2237 et
1454 2167 1675 2237 discernente
1696 2190 1819 2237 verum
1841 2164 1957 2239 Deum
1981 2197 2001 2243 a
2024 2181 2278 2254 commentitiis

250 2285 461 2380 patiebatur,
1286 2268 1495 2338 numinibus
1508 2266 1722 2357 gravissime,
1734 2269 2060 2368 sapientissimeque
2073 2277 2277 2357 disserebat.

350 2382 536 2455 Caeterum
560 2390 595 2448 et
617 2375 690 2445 acie
710 2370 839 2443 mentis
860 2382 997 2441 tantum
1014 2368 1175 2453 valebat,
1198 2380 1239 2438 ut
1387 2368 1498 2441 Multi
1514 2368 1552 2438 in
1574 2363 1642 2438 hoc
1659 2383 1763 2441 coetu
1778 2373 1969 2446 audiemnt
1984 2400 2066 2449 eum
2082 2380 2276 2476 aliquando

250 2511 343 2562 unus
366 2488 403 2554 in
420 2479 579 2553 obscuris
600 2478 705 2547 rebus
730 2474 880 2543 maxime
894 2473 1029 2541 videret
1043 2471 1130 2564 quid
1151 2493 1238 2539 con·
1286 2484 1509 2542 enarrantem
1539 2464 1607 2538 hoc
1623 2468 1781 2556 dictum:
1814 2470 1992 2547 Videbitis
2011 2480 2147 2551 coelum
2171 2509 2275 2578 aper-

248 2596 401 2664 dueeret.
453 2582 526 2654 Nec
542 2591 634 2663 erat,
658 2590 698 2647 ut
713 2575 816 2645 multi
833 2587 977 2664 putant,
1002 2572 1181 2660 negligens
1199 2571 1238 2639 in
1286 2588 1383 2656 tum,
1410 2586 1445 2643 et
1465 2572 1609 2663 angelos
1630 2568 1697 2641 Dei
1717 2574 1944 2645 ascendentes
1969 2591 2004 2649 et
2025 2582 2276 2659 descendentes

248 2687 503 2765 consideranda
520 2679 734 2774 Reputans
756 2673 985 2766 inspiciendis
1004 2674 1156 2743 aliorum
1173 2697 1238 2740 vo·
1285 2675 1516 2765 superlilium
1531 2669 1699 2744 hominis.
1734 2671 1804 2747 Ubi
1819 2677 2167 2767 primurnauditom
2182 2683 2275 2759 hane

248 2792 463 2871 luntatibus,
500 2784 559 2854 sed
593 2795 627 2852 et
652 2777 832 2867 Rempub.
857 2789 982 2860 norat,
1018 2790 1052 2846 et
1076 2775 1236 2843 omnium
1286 2776 1538 2868 amplissimam
1562 2774 1840 2846 consolationem
1858 2779 2002 2871 infigere
2023 2785 2151 2858 animis
2173 2790 2276 2861 iube·

249 2921 329 2967 curn
349 2892 479 2986 quibus
498 2884 656 2965 vivebat,
681 2901 804 2950 sensus
819 2900 859 2946 ac
875 2878 1072 2947 voluntates
1088 2875 1237 2966 sagacis-
1286 2880 1364 2962 bat,
1390 2901 1481 2972 quae
1495 2875 1675 2958 adfirmat,
1699 2877 1836 2949 eoelum
1854 2895 2014 2973 apertum
2036 2908 2125 2972 esse,
2151 2889 2187 2959 id
2207 2906 2273 2976 est,

248 3000 335 3069 sime
353 2989 596 3087 perspiciebat.
635 2978 683 3054 Et
698 3002 902 3075 quanquam
919 2978 1052 3068 ingenii
1069 2977 1123 3046 vis
1139 3000 1238 3047 acer·
1285 2978 1389 3049 nobis
1404 2979 1450 3049 ad
1463 2978 1579 3050 Deum
1594 2978 1802 3070 patefactum
1818 3003 1902 3072 esse,
1926 2984 2001 3056 irae
2016 2987 2154 3059 divinae
2168 3015 2270 3085 repa-

248 3100 338 3172 rima
354 3108 447 3165 erat:
472 3105 590 3161 tamen
607 3082 807 3156 avidissime
821 3081 956 3169 legebat
975 3079 1104 3171 scripta
1126 3079 1237 3149 eccle-
1286 3081 1379 3172 gula,
1404 3078 1690 3177 confugientibus
1707 3081 1752 3151 ad
1770 3081 1894 3171 lilium,
1919 3103 2038 3161 amota
2051 3112 2135 3172 esse,
2155 3089 2273 3164 Deum

249 3196 387 3271 siastica
401 3207 518 3261 vetera
531 3203 566 3259 et
579 3186 744 3267 recentia,
769 3196 804 3254 et
818 3203 940 3252 omnes
954 3175 1128 3264 historias,
1149 3205 1237 3274 qua·
1286 3205 1396 3276 prope
1409 3181 1480 3252 iam
1494 3181 1679 3252 nobiscum
1696 3183 1844 3267 versari,
1869 3199 1903 3256 et
1920 3187 2129 3264 invocantes
2147 3193 2275 3289 ipsum,

248 3323 330 3372 rum
354 3291 511 3382 exempla
541 3286 712 3375 singulari
739 3281 944 3353 dexteritate
968 3283 1014 3353 ad
1040 3283 1237 3374 praesentia
1287 3287 1387 3355 abeo
1404 3283 1535 3376 recipi,
1559 3284 1634 3374 regi
1648 3296 1681 3354 et
1696 3283 1840 3355 servari.
2276 3312 2279 3317 ·

249 3398 393 3493 negocia
410 3389 651 3467 transferebat·
1388 3384 1466 3456 Hoc
1487 3388 1662 3457 decretum
1678 3379 1763 3468 Dei,
1791 3381 1887 3476 quod
1904 3377 2071 3462 homines
2088 3393 2199 3469 ἄθεοι
2222 3398 2275 3468 ia·

348 3492 583 3590 Eloquentiae
599 3511 682 3559 vero
698 3485 809 3579 ipsius
824 3498 989 3576 perpetua
1006 3497 1237 3555 monumenta
1286 3487 1454 3559 bulosum
1469 3511 1543 3558 esse
1557 3484 1810 3570 vociferamur,
1834 3488 2002 3559 monebat
2016 3501 2275 3586 opponendum

249 3617 382 3677 extant:
409 3620 479 3692 qua
495 3618 559 3687 par
572 3591 640 3662 luit
659 3585 755 3666 haud
772 3587 881 3659 dubie
897 3586 958 3674 iis,
982 3587 1020 3655 in
1036 3586 1168 3680 quibus
1182 3588 1237 3657 vis
1286 3612 1360 3660 esse
1377 3585 1554 3660 humanae
1570 3585 1797 3672 dubitationi,
1821 3597 1856 3657 et
1871 3589 2061 3679 pavoribus
2076 3599 2138 3687 qui
2152 3600 2275 3669 detera

246 3704 401 3780 oratoria
417 3720 552 3770 summa
571 3693 678 3765 fuisse
692 3690 878 3762 existimet.
1285 3705 1365 3763 rent
1378 3693 1552 3782 letgientes
1567 3688 1723 3772 animos,
1748 3711 1819 3780 quo
1840 3688 1958 3761 minus
1972 3690 2134 3764 invocare
2150 3695 2272 3769 Deum

349 3804 473 3875 Talem
497 3799 614 3869 virum
637 3817 775 3866 summa
797 3792 835 3861 vi
863 3788 997 3882 ingenii
1023 3790 1235 3880 praeditum,
1286 3794 1421 3877 ausint,
1446 3816 1510 3864 nec
1525 3789 1800 3886 acquiescantin
1814 3786 1900 3860 Deo.

246 3914 457 3982 instructum
473 3897 643 3983 doctrina,
668 3897 775 3987 longo
794 3917 861 3964 usu
878 3891 1118 3977 exercitatum,
1141 3893 1235 3962 mul·
1386 3891 1526 3964 Deinde
1551 3884 1695 3982 angelos
1715 3890 1942 3963 ascendentes
1964 3904 1997 3964 et
2021 3895 2270 3969 descendentes

245 4014 292 4086 tis
307 4005 557 4080 excellentibus
572 4013 606 4071 et
621 3994 773 4070 heroicis
789 3994 979 4068 virtutibus
994 4006 1170 4079 omatum,
1194 4016 1235 4064 ac
1267 3996 1325 4065 ,in
1339 3991 1475 4066 Christi
1495 4018 1664 4086 corpore,
1686 3993 1868 4064 ministros
1881 3986 2065 4084 Evangelii
2083 4020 2157 4067 esse
2172 3999 2273 4069 dice-

246 4111 355 4188 aDeo
376 4111 421 4181 ad
443 4102 618 4177 Ecclesiae
643 4097 932 4169 instaurationem
951 4095 1146 4181 delectum,
1171 4097 1234 4165 de·
1285 4099 1356 4183 bat,
1373 4097 1435 4190 qui
1451 4097 1607 4190 primurn
1623 4097 1712 4165 duce
1723 4089 1867 4166 Christo
1881 4098 2076 4168 ascendunt
2088 4082 2134 4168 ad
2143 4095 2274 4187 Deum,

97 4252 100 4259 ·
166 4260 176 4271 ·
245 4217 354 4308 nique
378 4207 597 4298 complexum
624 4223 689 4270 nos
711 4219 834 4268 omnes
856 4208 1002 4287 paterno
1025 4197 1167 4281 animo,
1192 4221 1233 4267 ex
1285 4211 1321 4271 et
1338 4199 1384 4268 ab
1405 4223 1448 4268 eo
1464 4196 1650 4289 Evangelii
1667 4197 1781 4266 lucem
1797 4208 1831 4266 et
1847 4192 2022 4288 Spiritum
2037 4213 2197 4271 sanetum
2214 4225 2274 4272 ac-

244 4314 312 4387 hac
343 4324 462 4382 nostra
489 4299 743 4374 consuetudine
775 4310 957 4367 evocatum
986 4318 1078 4380 esse,
1113 4312 1233 4369 nostra
1284 4300 1433 4392 cipiunt.
1485 4297 1611 4370 Postea
1633 4321 1717 4368 vero
1739 4296 1979 4383 descendunt,
2004 4299 2043 4369 id
2063 4314 2133 4386 eat,
2161 4302 2272 4373 mini.

246 4438 348 4488 causa
363 4408 489 4479 merito
507 4403 677 4473 dolemus.
727 4395 859 4468 Sumus
874 4394 969 4465 enim
984 4396 1160 4467 simillimi
1173 4422 1233 4468 or·
1283 4402 1389 4473 sterio
1405 4401 1557 4473 docendi
1573 4402 1667 4472 inter
1679 4394 1843 4469 homine,
1858 4399 2068 4489 funguntur·

244 4513 374 4612 phinis
392 4502 582 4602 Ρΐᾶεὸῖὸῃῐί
600 4514 634 4571 ⁰¹
650 4497 745 4569 fideli
766 4509 866 4588 Patre
881 4495 1005 4565 “ball-
1064 4497 1134 4569 Sed
1149 4501 1232 4593 qula
1384 4502 1550 4576 Addebat
1565 4515 1683 4572 autem
1697 4494 1790 4569 hanc
1801 4498 2139 4591 interpretationem,
2165 4505 2272 4577 etiam

211 4620 214 4627 '
245 4619 321 4693 Deo
348 4614 590 4703 obtemperare
615 4623 753 4672 necesse
780 4612 848 4680 est,
881 4597 1087 4667 memoriam
1113 4612 1230 4671 tamen
1283 4605 1364 4675 illos
1378 4606 1472 4697 ipsos
1487 4603 1631 4695 spiritus
1644 4599 1830 4685 coelestes,
1855 4624 1945 4694 quos
1964 4603 2091 4674 usitate
2106 4629 2273 4680 vocamus

243 4721 414 4791 virtutum
432 4725 467 4784 et
488 4706 741 4781 beneficiorum
763 4700 874 4793 ipsius
894 4701 988 4792 apud
1006 4724 1071 4771 nos
1086 4701 1232 4773 interire
1282 4707 1426 4799 angelos
1447 4708 1624 4777 intuentes
1646 4701 1686 4769 in
1701 4701 1833 4788 lilium,
1859 4702 1994 4772 erudiri
2015 4718 2052 4776 et
2067 4705 2192 4778 laetari
2205 4704 2273 4780 hac

243 4846 317 4893 non
333 4820 500 4889 tinemut·
550 4808 603 4884 At
617 4803 840 4899 ipssl‘tuldeffl
852 4801 1071 4892 gratulemur
1091 4803 1162 4873 iam
1178 4805 1232 4873 fa·
1281 4808 1443 4879 miranda
1466 4804 1691 4896 copulatione
1707 4805 1858 4874 duarum
1882 4816 2107 4877 naturarum:
2134 4822 2274 4882 etcum

242 4923 417 4998 miliarem
431 4930 467 4987 el
482 4910 720 4984 dulclttimtffl
735 4927 816 4978 ⁰⁰¹⁰
831 4900 908 4973 D⁰⁰
923 4916 960 4973 tl
975 4904 1048 4975 filio
1062 4905 1138 4975 eius
1153 4905 1231 4976 Do·
1282 4906 1390 4980 huius
1406 4906 1544 4978 domini
1565 4901 1697 4975 milites
1713 4904 1786 4976 sint
1807 4904 1846 4973 in
1862 4904 2068 4979 defensione
2081 4903 2275 4999 Ecclesiae,

198 5068 204 5083 ·
241 5024 341 5098 mino
364 5032 485 5089 nostro
510 5012 589 5083 lesu
607 5006 770 5090 Christo,
798 4999 987 5096 Prophetis
1002 5003 1231 5097 etApostolis
1281 5011 1383 5105 quasi
1398 5030 1507 5079 manu
1522 5006 1598 5078 eius
1615 5006 1805 5098 gubernari
1823 5029 1893 5077 eos.

241 5120 554 5199 consuetudinem,
586 5135 693 5206 quam
719 5106 846 5179 fiducia
868 5105 933 5176 lilii
954 5103 1022 5178 Dei
1042 5128 1180 5199 semper
1195 5121 1230 5179 et
1382 5108 1520 5181 Harum
1540 5109 1758 5202 optimarum
1774 5131 1892 5178 rerum
1907 5131 2005 5179 nune
2021 5126 2198 5202 spectator
2212 5129 2275 5201 est,

240 5227 365 5324 petivit
383 5215 645 5310 etexpectavit,
667 5210 729 5282 ubi
742 5233 818 5281 non
831 5208 938 5281 modo
961 5206 1094 5280 indicio
1110 5206 1176 5279 Dei
1194 5223 1229 5282 et
1279 5225 1313 5284 et
1330 5225 1371 5284 ut
1384 5226 1486 5284 antea
1503 5211 1597 5284 inter
1611 5205 1797 5301 Evangelii
1816 5208 1998 5281 ministros
2011 5214 2225 5289 ascendebat
2239 5231 2276 5290 et

237 5323 451 5405 testimoniis
477 5315 661 5390 universae
691 5311 851 5384 eoelestis
874 5307 1053 5384 Ecclesiae
1084 5311 1229 5403 probari
1277 5313 1513 5385 descendebat
1544 5315 1696 5405 ducente
1719 5304 1881 5383 Christo:
1923 5311 1971 5384 ita
2004 5336 2101 5385 nune
2127 5318 2276 5408 angelos
