<?xml version="1.0" encoding="UTF-8"?>
<!DOCTYPE html PUBLIC "-//W3C//DTD XHTML 1.0 Transitional//EN"
    "http://www.w3.org/TR/xhtml1/DTD/xhtml1-transitional.dtd">
<html xmlns="http://www.w3.org/1999/xhtml" xml:lang="en" lang="en">
 <head>
  <title>
</title>
<meta http-equiv="Content-Type" content="text/html;charset=utf-8" />
  <meta name='ocr-system' content='tesseract 3.04.00' />
  <meta name='ocr-capabilities' content='ocr_page ocr_carea ocr_par ocr_line ocrx_word'/>
</head>
<body>
  <div class='ocr_page' id='page_1' title='image "./philippimelanth21melagoog/philippimelanth21melagoog_0128.png"; bbox 0 0 4732 6030; ppageno 0'>
   <div class='ocr_carea' id='block_1_1' title="bbox 165 160 2254 319">
    <p class='ocr_par' dir='ltr' id='par_1_1' title="bbox 165 160 2254 319">
     <span class='ocr_line' id='line_1_1' title="bbox 165 160 2254 319; baseline -0.001 -28"><span class='ocrx_word' id='word_1_1' title='bbox 165 212 247 291; x_wconf 77' lang='lat' dir='ltr'><strong>sao</strong></span> <span class='ocrx_word' id='word_1_2' title='bbox 636 208 904 289; x_wconf 79' lang='grc'><strong>111111</strong></span> <span class='ocrx_word' id='word_1_3' title='bbox 937 160 1243 290; x_wconf 74' lang='grc'><strong>11111111</strong></span> <span class='ocrx_word' id='word_1_4' title='bbox 1276 210 1338 285; x_wconf 84' lang='lat' dir='ltr'><strong>ru</strong></span> <span class='ocrx_word' id='word_1_5' title='bbox 1373 184 1748 286; x_wconf 79' lang='grc'><strong>1111111111.</strong></span> <span class='ocrx_word' id='word_1_6' title='bbox 2128 213 2213 289; x_wconf 82' lang='lat' dir='ltr'><strong>sso</strong></span> <span class='ocrx_word' id='word_1_7' title='bbox 2246 302 2254 319; x_wconf 47' lang='grc'><strong><em>,</em></strong></span> 
     </span>
    </p>
   </div>
   <div class='ocr_carea' id='block_1_2' title="bbox 164 381 2210 1086">
    <p class='ocr_par' dir='ltr' id='par_1_2' title="bbox 164 381 2210 1086">
     <span class='ocr_line' id='line_1_2' title="bbox 173 381 2210 477; baseline 0.001 -20"><span class='ocrx_word' id='word_1_8' title='bbox 173 406 340 475; x_wconf 90' lang='lat' dir='ltr'><strong>scopum,</strong></span> <span class='ocrx_word' id='word_1_9' title='bbox 365 407 437 476; x_wconf 90' lang='lat' dir='ltr'><strong>quo</strong></span> <span class='ocrx_word' id='word_1_10' title='bbox 451 406 573 454; x_wconf 87' lang='lat' dir='ltr'><strong>cursus</strong></span> <span class='ocrx_word' id='word_1_11' title='bbox 587 385 796 475; x_wconf 86' lang='lat' dir='ltr'><strong>dirigendus</strong></span> <span class='ocrx_word' id='word_1_12' title='bbox 810 398 872 456; x_wconf 88' lang='lat' dir='ltr'><strong>est.</strong></span> <span class='ocrx_word' id='word_1_13' title='bbox 904 384 1018 459; x_wconf 89' lang='lat' dir='ltr'><strong>Porro</strong></span> <span class='ocrx_word' id='word_1_14' title='bbox 1032 382 1071 457; x_wconf 94' lang='lat' dir='ltr'><strong>bi</strong></span> <span class='ocrx_word' id='word_1_15' title='bbox 1085 410 1166 477; x_wconf 91' lang='lat' dir='ltr'><strong>gra-</strong></span> <span class='ocrx_word' id='word_1_16' title='bbox 1217 385 1262 455; x_wconf 91' lang='lat' dir='ltr'><strong>ad</strong></span> <span class='ocrx_word' id='word_1_17' title='bbox 1283 383 1451 475; x_wconf 77' lang='lat' dir='ltr'>gloriam,</span> <span class='ocrx_word' id='word_1_18' title='bbox 1484 383 1529 453; x_wconf 91' lang='lat' dir='ltr'><strong>ad</strong></span> <span class='ocrx_word' id='word_1_19' title='bbox 1551 381 1769 476; x_wconf 87' lang='lat' dir='ltr'><strong>voluptates,</strong></span> <span class='ocrx_word' id='word_1_20' title='bbox 1800 383 1861 452; x_wconf 92' lang='lat' dir='ltr'><strong>sed</strong></span> <span class='ocrx_word' id='word_1_21' title='bbox 1887 383 1933 453; x_wconf 90' lang='lat' dir='ltr'><strong>ad</strong></span> <span class='ocrx_word' id='word_1_22' title='bbox 1955 384 2125 456; x_wconf 85' lang='lat' dir='ltr'><strong>maximas</strong></span> <span class='ocrx_word' id='word_1_23' title='bbox 2148 409 2210 459; x_wconf 91' lang='lat' dir='ltr'><strong>ae-</strong></span> 
     </span>
     <span class='ocr_line' id='line_1_3' title="bbox 169 480 2209 576; baseline 0 -18"><span class='ocrx_word' id='word_1_24' title='bbox 169 487 243 558; x_wconf 83' lang='lat' dir='ltr'><strong>dus</strong></span> <span class='ocrx_word' id='word_1_25' title='bbox 256 485 296 557; x_wconf 88' lang='lat' dir='ltr'><strong>iu</strong></span> <span class='ocrx_word' id='word_1_26' title='bbox 310 480 440 557; x_wconf 86' lang='lat' dir='ltr'><strong>scholis</strong></span> <span class='ocrx_word' id='word_1_27' title='bbox 454 486 546 557; x_wconf 88' lang='lat' dir='ltr'><strong>bene</strong></span> <span class='ocrx_word' id='word_1_28' title='bbox 561 487 745 573; x_wconf 88' lang='lat' dir='ltr'><strong>institutis,</strong></span> <span class='ocrx_word' id='word_1_29' title='bbox 770 512 844 558; x_wconf 91' lang='lat' dir='ltr'><strong>non</strong></span> <span class='ocrx_word' id='word_1_30' title='bbox 860 488 976 559; x_wconf 90' lang='lat' dir='ltr'><strong>solum</strong></span> <span class='ocrx_word' id='word_1_31' title='bbox 991 484 1061 558; x_wconf 92' lang='lat' dir='ltr'><strong>hoc</strong></span> <span class='ocrx_word' id='word_1_32' title='bbox 1078 489 1164 560; x_wconf 93' lang='lat' dir='ltr'><strong>boni</strong></span> <span class='ocrx_word' id='word_1_33' title='bbox 1216 509 1382 572; x_wconf 91' lang='lat' dir='ltr'><strong>rumnas,</strong></span> <span class='ocrx_word' id='word_1_34' title='bbox 1406 487 1451 554; x_wconf 91' lang='lat' dir='ltr'><strong>ad</strong></span> <span class='ocrx_word' id='word_1_35' title='bbox 1475 484 1689 555; x_wconf 88' lang='lat' dir='ltr'><strong>miserrimas</strong></span> <span class='ocrx_word' id='word_1_36' title='bbox 1712 507 1833 570; x_wconf 89' lang='lat' dir='ltr'><strong>curas,</strong></span> <span class='ocrx_word' id='word_1_37' title='bbox 1858 486 1902 554; x_wconf 90' lang='lat' dir='ltr'><strong>ad</strong></span> <span class='ocrx_word' id='word_1_38' title='bbox 1917 485 2073 576; x_wconf 90' lang='lat' dir='ltr'><strong>pericula</strong></span> <span class='ocrx_word' id='word_1_39' title='bbox 2090 490 2209 558; x_wconf 90' lang='lat' dir='ltr'><strong>omnis</strong></span> 
     </span>
     <span class='ocr_line' id='line_1_4' title="bbox 169 582 2209 682; baseline 0.001 -25"><span class='ocrx_word' id='word_1_40' title='bbox 169 582 323 671; x_wconf 92' lang='lat' dir='ltr'><strong>habent,</strong></span> <span class='ocrx_word' id='word_1_41' title='bbox 351 588 449 680; x_wconf 90' lang='lat' dir='ltr'><strong>quod</strong></span> <span class='ocrx_word' id='word_1_42' title='bbox 470 587 657 679; x_wconf 81' lang='lat' dir='ltr'><strong>explorant</strong></span> <span class='ocrx_word' id='word_1_43' title='bbox 678 611 737 658; x_wconf 90' lang='lat' dir='ltr'><strong>eos</strong></span> <span class='ocrx_word' id='word_1_44' title='bbox 758 590 821 682; x_wconf 91' lang='lat' dir='ltr'><strong>qui</strong></span> <span class='ocrx_word' id='word_1_45' title='bbox 839 603 1013 661; x_wconf 91' lang='lat' dir='ltr'><strong>vocantur</strong></span> <span class='ocrx_word' id='word_1_46' title='bbox 1031 592 1076 660; x_wconf 88' lang='lat' dir='ltr'><strong>ad</strong></span> <span class='ocrx_word' id='word_1_47' title='bbox 1099 591 1167 660; x_wconf 91' lang='lat' dir='ltr'><strong>do-</strong></span> <span class='ocrx_word' id='word_1_48' title='bbox 1215 588 1364 679; x_wconf 89' lang='lat' dir='ltr'><strong>generis.</strong></span> <span class='ocrx_word' id='word_1_49' title='bbox 1414 584 1607 679; x_wconf 78' lang='lat' dir='ltr'><strong>Nunquam</strong></span> <span class='ocrx_word' id='word_1_50' title='bbox 1622 586 1719 656; x_wconf 90' lang='lat' dir='ltr'><strong>euim</strong></span> <span class='ocrx_word' id='word_1_51' title='bbox 1733 586 1809 656; x_wconf 91' lang='lat' dir='ltr'><strong>ullo</strong></span> <span class='ocrx_word' id='word_1_52' title='bbox 1824 599 1982 677; x_wconf 87' lang='lat' dir='ltr'><strong>tempore</strong></span> <span class='ocrx_word' id='word_1_53' title='bbox 1996 601 2057 658; x_wconf 93' lang='lat' dir='ltr'><strong>aut</strong></span> <span class='ocrx_word' id='word_1_54' title='bbox 2072 588 2153 679; x_wconf 90' lang='lat' dir='ltr'><strong>plus</strong></span> <span class='ocrx_word' id='word_1_55' title='bbox 2170 589 2209 659; x_wconf 92' lang='lat' dir='ltr'><strong>in</strong></span> 
     </span>
     <span class='ocr_line' id='line_1_5' title="bbox 172 684 2210 786; baseline 0.001 -27"><span class='ocrx_word' id='word_1_56' title='bbox 172 688 325 759; x_wconf 89' lang='lat' dir='ltr'><strong>cendum</strong></span> <span class='ocrx_word' id='word_1_57' title='bbox 344 684 599 778; x_wconf 90' lang='lat' dir='ltr'><strong>Evangelium‚</strong></span> <span class='ocrx_word' id='word_1_58' title='bbox 632 693 693 761; x_wconf 91' lang='lat' dir='ltr'><strong>sed</strong></span> <span class='ocrx_word' id='word_1_59' title='bbox 719 691 825 762; x_wconf 92' lang='lat' dir='ltr'><strong>etiam</strong></span> <span class='ocrx_word' id='word_1_60' title='bbox 848 694 945 786; x_wconf 90' lang='lat' dir='ltr'><strong>quod</strong></span> <span class='ocrx_word' id='word_1_61' title='bbox 976 688 1044 761; x_wconf 88' lang='lat' dir='ltr'><strong>hoc</strong></span> <span class='ocrx_word' id='word_1_62' title='bbox 1066 692 1164 762; x_wconf 88' lang='lat' dir='ltr'><strong>testi·</strong></span> <span class='ocrx_word' id='word_1_63' title='bbox 1214 686 1374 759; x_wconf 82' lang='lat' dir='ltr'><strong>Ecclesia</strong></span> <span class='ocrx_word' id='word_1_64' title='bbox 1394 688 1543 780; x_wconf 90' lang='lat' dir='ltr'><strong>periculi</strong></span> <span class='ocrx_word' id='word_1_65' title='bbox 1563 688 1650 769; x_wconf 82' lang='lat' dir='ltr'><strong>fuit,</strong></span> <span class='ocrx_word' id='word_1_66' title='bbox 1675 700 1736 758; x_wconf 93' lang='lat' dir='ltr'><strong>aut</strong></span> <span class='ocrx_word' id='word_1_67' title='bbox 1759 688 1888 757; x_wconf 91' lang='lat' dir='ltr'><strong>maiori</strong></span> <span class='ocrx_word' id='word_1_68' title='bbox 1904 688 1943 757; x_wconf 92' lang='lat' dir='ltr'><strong>iu</strong></span> <span class='ocrx_word' id='word_1_69' title='bbox 1961 690 2045 758; x_wconf 90' lang='lat' dir='ltr'><strong>odio</strong></span> <span class='ocrx_word' id='word_1_70' title='bbox 2062 690 2210 761; x_wconf 88' lang='lat' dir='ltr'><strong>fuerunt</strong></span> 
     </span>
     <span class='ocr_line' id='line_1_6' title="bbox 164 786 2210 886; baseline 0.001 -27"><span class='ocrx_word' id='word_1_71' title='bbox 164 788 333 859; x_wconf 88' lang='lat' dir='ltr'><strong>¹monium</strong></span> <span class='ocrx_word' id='word_1_72' title='bbox 349 802 489 861; x_wconf 92' lang='lat' dir='ltr'><strong>tantum</strong></span> <span class='ocrx_word' id='word_1_73' title='bbox 506 791 580 860; x_wconf 90' lang='lat' dir='ltr'><strong>illis</strong></span> <span class='ocrx_word' id='word_1_74' title='bbox 596 793 707 863; x_wconf 92' lang='lat' dir='ltr'><strong>tribui</strong></span> <span class='ocrx_word' id='word_1_75' title='bbox 725 793 869 878; x_wconf 92' lang='lat' dir='ltr'><strong>debeat,</strong></span> <span class='ocrx_word' id='word_1_76' title='bbox 896 792 959 886; x_wconf 91' lang='lat' dir='ltr'><strong>qui</strong></span> <span class='ocrx_word' id='word_1_77' title='bbox 974 792 1079 863; x_wconf 86' lang='lat' dir='ltr'><strong>annis</strong></span> <span class='ocrx_word' id='word_1_78' title='bbox 1095 794 1165 863; x_wconf 91' lang='lat' dir='ltr'><strong>ali·</strong></span> <span class='ocrx_word' id='word_1_79' title='bbox 1215 787 1403 880; x_wconf 81' lang='lat' dir='ltr'>Evangelii</span> <span class='ocrx_word' id='word_1_80' title='bbox 1419 792 1596 875; x_wconf 89' lang='lat' dir='ltr'><strong>doctores,</strong></span> <span class='ocrx_word' id='word_1_81' title='bbox 1621 812 1726 883; x_wconf 87' lang='lat' dir='ltr'><strong>quam</strong></span> <span class='ocrx_word' id='word_1_82' title='bbox 1740 791 1859 858; x_wconf 91' lang='lat' dir='ltr'><strong>modo.</strong></span> <span class='ocrx_word' id='word_1_83' title='bbox 1914 786 2037 883; x_wconf 90' lang='lat' dir='ltr'><strong>Itaque</strong></span> <span class='ocrx_word' id='word_1_84' title='bbox 2057 786 2210 882; x_wconf 90' lang='lat' dir='ltr'><strong>perhor-</strong></span> 
     </span>
     <span class='ocr_line' id='line_1_7' title="bbox 171 886 2210 988; baseline 0 -27"><span class='ocrx_word' id='word_1_85' title='bbox 171 904 259 984; x_wconf 87' lang='lat' dir='ltr'><strong>quot</strong></span> <span class='ocrx_word' id='word_1_86' title='bbox 271 891 489 962; x_wconf 86' lang='lat' dir='ltr'><strong>audiverunt</strong></span> <span class='ocrx_word' id='word_1_87' title='bbox 500 892 590 962; x_wconf 88' lang='lat' dir='ltr'><strong>alios</strong></span> <span class='ocrx_word' id='word_1_88' title='bbox 606 894 800 984; x_wconf 78' lang='lat' dir='ltr'>peritiores,</span> <span class='ocrx_word' id='word_1_89' title='bbox 816 894 880 988; x_wconf 90' lang='lat' dir='ltr'><strong>qui</strong></span> <span class='ocrx_word' id='word_1_90' title='bbox 894 895 1061 967; x_wconf 87' lang='lat' dir='ltr'><strong>viderunt</strong></span> <span class='ocrx_word' id='word_1_91' title='bbox 1077 895 1163 988; x_wconf 90' lang='lat' dir='ltr'><strong>quid</strong></span> <span class='ocrx_word' id='word_1_92' title='bbox 1216 916 1312 961; x_wconf 84' lang='lat' dir='ltr'>resen</span> <span class='ocrx_word' id='word_1_93' title='bbox 1328 906 1402 962; x_wconf 89' lang='lat' dir='ltr'><strong>toto</strong></span> <span class='ocrx_word' id='word_1_94' title='bbox 1426 915 1593 982; x_wconf 90' lang='lat' dir='ltr'><strong>corpore,</strong></span> <span class='ocrx_word' id='word_1_95' title='bbox 1619 914 1699 960; x_wconf 89' lang='lat' dir='ltr'><strong>eum</strong></span> <span class='ocrx_word' id='word_1_96' title='bbox 1723 891 1865 960; x_wconf 90' lang='lat' dir='ltr'><strong>intuens</strong></span> <span class='ocrx_word' id='word_1_97' title='bbox 1888 890 1927 958; x_wconf 91' lang='lat' dir='ltr'><strong>iu</strong></span> <span class='ocrx_word' id='word_1_98' title='bbox 1945 886 2038 960; x_wconf 90' lang='lat' dir='ltr'><strong>hanc</strong></span> <span class='ocrx_word' id='word_1_99' title='bbox 2056 914 2210 979; x_wconf 91' lang='lat' dir='ltr'><strong>scenam,</strong></span> 
     </span>
     <span class='ocr_line' id='line_1_8' title="bbox 170 987 2209 1086; baseline 0.001 -25"><span class='ocrx_word' id='word_1_100' title='bbox 170 991 235 1061; x_wconf 87' lang='lat' dir='ltr'><strong>atii</strong></span> <span class='ocrx_word' id='word_1_101' title='bbox 248 993 293 1063; x_wconf 91' lang='lat' dir='ltr'><strong>de</strong></span> <span class='ocrx_word' id='word_1_102' title='bbox 309 992 447 1081; x_wconf 87' lang='lat' dir='ltr'><strong>magnis</strong></span> <span class='ocrx_word' id='word_1_103' title='bbox 463 1017 503 1063; x_wconf 89' lang='lat' dir='ltr'><strong>ae</strong></span> <span class='ocrx_word' id='word_1_104' title='bbox 519 995 638 1065; x_wconf 90' lang='lat' dir='ltr'><strong>dubiis</strong></span> <span class='ocrx_word' id='word_1_105' title='bbox 649 996 756 1065; x_wconf 90' lang='lat' dir='ltr'><strong>rebus</strong></span> <span class='ocrx_word' id='word_1_106' title='bbox 770 996 1019 1070; x_wconf 90' lang='lat' dir='ltr'><strong>iudicaverint.</strong></span> <span class='ocrx_word' id='word_1_107' title='bbox 1072 996 1162 1066; x_wconf 85' lang='lat' dir='ltr'><strong>Nam</strong></span> <span class='ocrx_word' id='word_1_108' title='bbox 1215 995 1336 1063; x_wconf 89' lang='lat' dir='ltr'><strong>animo</strong></span> <span class='ocrx_word' id='word_1_109' title='bbox 1361 994 1556 1085; x_wconf 90' lang='lat' dir='ltr'><strong>perspicio,</strong></span> <span class='ocrx_word' id='word_1_110' title='bbox 1583 1016 1689 1086; x_wconf 83' lang='lat' dir='ltr'><strong>quam</strong></span> <span class='ocrx_word' id='word_1_111' title='bbox 1711 988 1840 1063; x_wconf 90' lang='lat' dir='ltr'><strong>habeat</strong></span> <span class='ocrx_word' id='word_1_112' title='bbox 1861 987 1947 1062; x_wconf 90' lang='lat' dir='ltr'><strong>haec</strong></span> <span class='ocrx_word' id='word_1_113' title='bbox 1964 993 2085 1065; x_wconf 80' lang='lat' dir='ltr'><strong>fabula</strong></span> <span class='ocrx_word' id='word_1_114' title='bbox 2102 995 2209 1064; x_wconf 90' lang='lat' dir='ltr'><strong>dissi-</strong></span> 
     </span>
    </p>
   </div>
   <div class='ocr_carea' id='block_1_3' title="bbox 166 1088 2342 1190">
    <p class='ocr_par' dir='ltr' id='par_1_3' title="bbox 166 1088 2342 1190">
     <span class='ocr_line' id='line_1_9' title="bbox 166 1088 2342 1190; baseline 0.001 -26"><span class='ocrx_word' id='word_1_115' title='bbox 166 1091 1163 1190; x_wconf 67' lang='grc'><strong>1111111111111111,1111111111,1111111111</strong></span> <span class='ocrx_word' id='word_1_116' title='bbox 1215 1088 2089 1187; x_wconf 66' lang='grc'><strong>11111111111111111111,111111,1111111111,</strong></span> <span class='ocrx_word' id='word_1_117' title='bbox 2122 1121 2207 1186; x_wconf 93' lang='lat' dir='ltr'><strong>pro-</strong></span> <span class='ocrx_word' id='word_1_118' title='bbox 2338 1118 2342 1125; x_wconf 89' lang='grc'><strong>’</strong></span> 
     </span>
    </p>
   </div>
   <div class='ocr_carea' id='block_1_4' title="bbox 157 1192 2208 3520">
    <p class='ocr_par' dir='ltr' id='par_1_4' title="bbox 157 1192 2208 3520">
     <span class='ocr_line' id='line_1_10' title="bbox 169 1192 2208 1289; baseline 0.001 -24"><span class='ocrx_word' id='word_1_119' title='bbox 169 1194 295 1265; x_wconf 86' lang='lat' dir='ltr'><strong>unctio</strong></span> <span class='ocrx_word' id='word_1_120' title='bbox 318 1219 394 1265; x_wconf 89' lang='lat' dir='ltr'><strong>non</strong></span> <span class='ocrx_word' id='word_1_121' title='bbox 415 1197 588 1287; x_wconf 88' lang='lat' dir='ltr'><strong>contingit</strong></span> <span class='ocrx_word' id='word_1_122' title='bbox 610 1198 687 1268; x_wconf 90' lang='lat' dir='ltr'><strong>sine</strong></span> <span class='ocrx_word' id='word_1_123' title='bbox 702 1198 865 1269; x_wconf 84' lang='lat' dir='ltr'><strong>doctriua</strong></span> <span class='ocrx_word' id='word_1_124' title='bbox 891 1211 927 1273; x_wconf 86' lang='lat' dir='ltr'><strong>et</strong></span> <span class='ocrx_word' id='word_1_125' title='bbox 948 1199 1025 1269; x_wconf 90' lang='lat' dir='ltr'><strong>sine</strong></span> <span class='ocrx_word' id='word_1_126' title='bbox 1050 1199 1164 1270; x_wconf 80' lang='lat' dir='ltr'><strong>maxi·</strong></span> <span class='ocrx_word' id='word_1_127' title='bbox 1215 1196 1335 1267; x_wconf 89' lang='lat' dir='ltr'><strong>oemii.</strong></span> <span class='ocrx_word' id='word_1_128' title='bbox 1382 1196 1453 1267; x_wconf 85' lang='lat' dir='ltr'><strong>Sed</strong></span> <span class='ocrx_word' id='word_1_129' title='bbox 1468 1218 1548 1263; x_wconf 88' lang='lat' dir='ltr'><strong>cum</strong></span> <span class='ocrx_word' id='word_1_130' title='bbox 1566 1197 1678 1265; x_wconf 89' lang='lat' dir='ltr'><strong>sciant</strong></span> <span class='ocrx_word' id='word_1_131' title='bbox 1692 1192 1807 1265; x_wconf 89' lang='lat' dir='ltr'><strong>Deum</strong></span> <span class='ocrx_word' id='word_1_132' title='bbox 1827 1196 2012 1287; x_wconf 91' lang='lat' dir='ltr'><strong>praecipue</strong></span> <span class='ocrx_word' id='word_1_133' title='bbox 2025 1197 2208 1289; x_wconf 90' lang='lat' dir='ltr'><strong>requirere</strong></span> 
     </span>
     <span class='ocr_line' id='line_1_11' title="bbox 169 1291 2204 1391; baseline 0.002 -26"><span class='ocrx_word' id='word_1_134' title='bbox 169 1296 241 1366; x_wconf 89' lang='lat' dir='ltr'><strong>mis</strong></span> <span class='ocrx_word' id='word_1_135' title='bbox 262 1297 526 1372; x_wconf 84' lang='lat' dir='ltr'><strong>certaminibus.</strong></span> <span class='ocrx_word' id='word_1_136' title='bbox 576 1295 641 1370; x_wconf 91' lang='lat' dir='ltr'><strong>Est</strong></span> <span class='ocrx_word' id='word_1_137' title='bbox 661 1301 758 1370; x_wconf 90' lang='lat' dir='ltr'><strong>euim</strong></span> <span class='ocrx_word' id='word_1_138' title='bbox 777 1300 920 1386; x_wconf 90' lang='lat' dir='ltr'><strong>unctio,</strong></span> <span class='ocrx_word' id='word_1_139' title='bbox 942 1324 1021 1371; x_wconf 88' lang='grc'><strong>1111</strong></span> <span class='ocrx_word' id='word_1_140' title='bbox 1040 1301 1078 1370; x_wconf 91' lang='grc'><strong>11</strong></span> <span class='ocrx_word' id='word_1_141' title='bbox 1094 1302 1162 1370; x_wconf 85' lang='grc'><strong>(11·</strong></span> <span class='ocrx_word' id='word_1_142' title='bbox 1214 1293 1310 1367; x_wconf 93' lang='lat' dir='ltr'><strong>hunc</strong></span> <span class='ocrx_word' id='word_1_143' title='bbox 1333 1297 1466 1368; x_wconf 89' lang='lat' dir='ltr'><strong>cultum</strong></span> <span class='ocrx_word' id='word_1_144' title='bbox 1480 1295 1630 1366; x_wconf 91' lang='lat' dir='ltr'><strong>docendi</strong></span> <span class='ocrx_word' id='word_1_145' title='bbox 1646 1291 1854 1385; x_wconf 78' lang='lat' dir='ltr'>Evangelii,</span> <span class='ocrx_word' id='word_1_146' title='bbox 1880 1320 1995 1391; x_wconf 92' lang='lat' dir='ltr'><strong>neque</strong></span> <span class='ocrx_word' id='word_1_147' title='bbox 2014 1299 2112 1368; x_wconf 89' lang='lat' dir='ltr'><strong>aliud</strong></span> <span class='ocrx_word' id='word_1_148' title='bbox 2128 1299 2204 1370; x_wconf 89' lang='lat' dir='ltr'><strong>Deo</strong></span> 
     </span>
     <span class='ocr_line' id='line_1_12' title="bbox 168 1396 2207 1491; baseline 0.001 -22"><span class='ocrx_word' id='word_1_149' title='bbox 168 1396 243 1469; x_wconf 88' lang='lat' dir='ltr'><strong>hiis</strong></span> <span class='ocrx_word' id='word_1_150' title='bbox 258 1408 364 1491; x_wconf 88' lang='lat' dir='ltr'><strong>atque</strong></span> <span class='ocrx_word' id='word_1_151' title='bbox 377 1399 507 1491; x_wconf 89' lang='lat' dir='ltr'><strong>asperis</strong></span> <span class='ocrx_word' id='word_1_152' title='bbox 522 1401 643 1482; x_wconf 91' lang='lat' dir='ltr'><strong>rebus,</strong></span> <span class='ocrx_word' id='word_1_153' title='bbox 670 1402 768 1473; x_wconf 91' lang='lat' dir='ltr'><strong>velut</strong></span> <span class='ocrx_word' id='word_1_154' title='bbox 784 1402 864 1473; x_wconf 89' lang='lat' dir='ltr'><strong>oleo</strong></span> <span class='ocrx_word' id='word_1_155' title='bbox 881 1416 1015 1473; x_wconf 90' lang='lat' dir='ltr'><strong>recreat</strong></span> <span class='ocrx_word' id='word_1_156' title='bbox 1031 1416 1065 1473; x_wconf 91' lang='lat' dir='ltr'><strong>et</strong></span> <span class='ocrx_word' id='word_1_157' title='bbox 1082 1403 1162 1471; x_wconf 87' lang='lat' dir='ltr'><strong>reli·</strong></span> <span class='ocrx_word' id='word_1_158' title='bbox 1213 1399 1347 1488; x_wconf 88' lang='lat' dir='ltr'><strong>gratius</strong></span> <span class='ocrx_word' id='word_1_159' title='bbox 1369 1396 1577 1469; x_wconf 88' lang='lat' dir='ltr'><strong>sacrificium</strong></span> <span class='ocrx_word' id='word_1_160' title='bbox 1598 1397 1769 1490; x_wconf 87' lang='lat' dir='ltr'><strong>praestari</strong></span> <span class='ocrx_word' id='word_1_161' title='bbox 1791 1419 1911 1489; x_wconf 91' lang='lat' dir='ltr'><strong>posse,</strong></span> <span class='ocrx_word' id='word_1_162' title='bbox 1936 1412 2123 1491; x_wconf 75' lang='lat' dir='ltr'><strong>postquam</strong></span> <span class='ocrx_word' id='word_1_163' title='bbox 2143 1425 2207 1471; x_wconf 86' lang='lat' dir='ltr'><strong>au-</strong></span> 
     </span>
     <span class='ocr_line' id='line_1_13' title="bbox 159 1492 2206 1597; baseline 0.001 -28"><span class='ocrx_word' id='word_1_164' title='bbox 159 1499 222 1569; x_wconf 92' lang='lat' dir='ltr'><strong>-cit</strong></span> <span class='ocrx_word' id='word_1_165' title='bbox 237 1496 391 1570; x_wconf 86' lang='lat' dir='ltr'><strong>imbutas</strong></span> <span class='ocrx_word' id='word_1_166' title='bbox 404 1513 539 1570; x_wconf 88' lang='lat' dir='ltr'><strong>mentes</strong></span> <span class='ocrx_word' id='word_1_167' title='bbox 551 1502 696 1573; x_wconf 84' lang='lat' dir='ltr'><strong>divinus</strong></span> <span class='ocrx_word' id='word_1_168' title='bbox 712 1504 869 1595; x_wconf 89' lang='lat' dir='ltr'><strong>spiritus.</strong></span> <span class='ocrx_word' id='word_1_169' title='bbox 910 1502 950 1575; x_wconf 83' lang='lat' dir='ltr'><strong>si</strong></span> <span class='ocrx_word' id='word_1_170' title='bbox 966 1504 1046 1597; x_wconf 91' lang='lat' dir='ltr'><strong>quis</strong></span> <span class='ocrx_word' id='word_1_171' title='bbox 1061 1516 1162 1596; x_wconf 91' lang='lat' dir='ltr'><strong>putat</strong></span> <span class='ocrx_word' id='word_1_172' title='bbox 1213 1502 1354 1574; x_wconf 88' lang='lat' dir='ltr'><strong>toritate</strong></span> <span class='ocrx_word' id='word_1_173' title='bbox 1383 1499 1605 1592; x_wconf 78' lang='lat' dir='ltr'><strong>superiorum</strong></span> <span class='ocrx_word' id='word_1_174' title='bbox 1637 1500 1683 1568; x_wconf 91' lang='lat' dir='ltr'><strong>ad</strong></span> <span class='ocrx_word' id='word_1_175' title='bbox 1708 1492 1778 1568; x_wconf 89' lang='lat' dir='ltr'><strong>hoc</strong></span> <span class='ocrx_word' id='word_1_176' title='bbox 1809 1522 1942 1569; x_wconf 90' lang='lat' dir='ltr'><strong>munus</strong></span> <span class='ocrx_word' id='word_1_177' title='bbox 1967 1500 2094 1570; x_wconf 91' lang='lat' dir='ltr'><strong>delecti</strong></span> <span class='ocrx_word' id='word_1_178' title='bbox 2122 1502 2206 1584; x_wconf 90' lang='lat' dir='ltr'><strong>siut,</strong></span> 
     </span>
     <span class='ocr_line' id='line_1_14' title="bbox 170 1597 2207 1695; baseline 0.001 -25"><span class='ocrx_word' id='word_1_179' title='bbox 170 1600 292 1671; x_wconf 91' lang='lat' dir='ltr'><strong>subito</strong></span> <span class='ocrx_word' id='word_1_180' title='bbox 315 1601 392 1671; x_wconf 90' lang='lat' dir='ltr'><strong>sine</strong></span> <span class='ocrx_word' id='word_1_181' title='bbox 413 1604 575 1674; x_wconf 87' lang='lat' dir='ltr'><strong>doctrina</strong></span> <span class='ocrx_word' id='word_1_182' title='bbox 598 1618 633 1675; x_wconf 90' lang='lat' dir='ltr'><strong>et</strong></span> <span class='ocrx_word' id='word_1_183' title='bbox 652 1627 720 1675; x_wconf 91' lang='lat' dir='ltr'><strong>usu</strong></span> <span class='ocrx_word' id='word_1_184' title='bbox 741 1600 965 1695; x_wconf 87' lang='lat' dir='ltr'><strong>Theologum</strong></span> <span class='ocrx_word' id='word_1_185' title='bbox 992 1606 1161 1677; x_wconf 89' lang='lat' dir='ltr'><strong>unctione</strong></span> <span class='ocrx_word' id='word_1_186' title='bbox 1214 1628 1278 1695; x_wconf 92' lang='lat' dir='ltr'><strong>pro</strong></span> <span class='ocrx_word' id='word_1_187' title='bbox 1301 1626 1362 1673; x_wconf 90' lang='lat' dir='ltr'><strong>sua</strong></span> <span class='ocrx_word' id='word_1_188' title='bbox 1384 1626 1464 1692; x_wconf 91' lang='lat' dir='ltr'><strong>erga</strong></span> <span class='ocrx_word' id='word_1_189' title='bbox 1480 1597 1596 1671; x_wconf 90' lang='lat' dir='ltr'><strong>Deum</strong></span> <span class='ocrx_word' id='word_1_190' title='bbox 1616 1600 1768 1692; x_wconf 90' lang='lat' dir='ltr'><strong>pietate,</strong></span> <span class='ocrx_word' id='word_1_191' title='bbox 1793 1613 1992 1691; x_wconf 88' lang='lat' dir='ltr'><strong>susceptum</strong></span> <span class='ocrx_word' id='word_1_192' title='bbox 2011 1625 2102 1673; x_wconf 88' lang='lat' dir='ltr'><strong>onus</strong></span> <span class='ocrx_word' id='word_1_193' title='bbox 2119 1628 2207 1673; x_wconf 92' lang='lat' dir='ltr'><strong>cou-</strong></span> 
     </span>
     <span class='ocr_line' id='line_1_15' title="bbox 160 1700 2207 1799; baseline 0 -26"><span class='ocrx_word' id='word_1_194' title='bbox 160 1700 281 1783; x_wconf 84' lang='lat' dir='ltr'><strong>-ellici,</strong></span> <span class='ocrx_word' id='word_1_195' title='bbox 307 1702 398 1773; x_wconf 90' lang='lat' dir='ltr'><strong>sicut</strong></span> <span class='ocrx_word' id='word_1_196' title='bbox 418 1703 520 1777; x_wconf 89' lang='lat' dir='ltr'><strong>aiunt</strong></span> <span class='ocrx_word' id='word_1_197' title='bbox 532 1703 729 1776; x_wconf 89' lang='lat' dir='ltr'><strong>Hesiodum</strong></span> <span class='ocrx_word' id='word_1_198' title='bbox 751 1730 831 1778; x_wconf 93' lang='lat' dir='ltr'><strong>cum</strong></span> <span class='ocrx_word' id='word_1_199' title='bbox 855 1720 977 1799; x_wconf 90' lang='lat' dir='ltr'><strong>pastor</strong></span> <span class='ocrx_word' id='word_1_200' title='bbox 998 1721 1160 1777; x_wconf 76' lang='grc'><strong>1111111-</strong></span> <span class='ocrx_word' id='word_1_201' title='bbox 1212 1718 1347 1776; x_wconf 91' lang='lat' dir='ltr'><strong>stanter</strong></span> <span class='ocrx_word' id='word_1_202' title='bbox 1362 1718 1537 1794; x_wconf 91' lang='lat' dir='ltr'><strong>praestare</strong></span> <span class='ocrx_word' id='word_1_203' title='bbox 1554 1704 1803 1786; x_wconf 90' lang='lat' dir='ltr'><strong>decreverunt,</strong></span> <span class='ocrx_word' id='word_1_204' title='bbox 1828 1702 2007 1776; x_wconf 89' lang='lat' dir='ltr'><strong>intuentes</strong></span> <span class='ocrx_word' id='word_1_205' title='bbox 2033 1702 2070 1771; x_wconf 89' lang='lat' dir='ltr'><strong>iu</strong></span> <span class='ocrx_word' id='word_1_206' title='bbox 2087 1727 2207 1773; x_wconf 82' lang='lat' dir='ltr'><strong>exem-</strong></span> 
     </span>
     <span class='ocr_line' id='line_1_16' title="bbox 159 1799 2207 1898; baseline 0.001 -26"><span class='ocrx_word' id='word_1_207' title='bbox 159 1816 272 1892; x_wconf 88' lang='lat' dir='ltr'><strong>·cepto</strong></span> <span class='ocrx_word' id='word_1_208' title='bbox 286 1803 441 1889; x_wconf 90' lang='lat' dir='ltr'><strong>calamo,</strong></span> <span class='ocrx_word' id='word_1_209' title='bbox 467 1804 619 1876; x_wconf 88' lang='lat' dir='ltr'><strong>aMusis</strong></span> <span class='ocrx_word' id='word_1_210' title='bbox 633 1806 776 1879; x_wconf 78' lang='lat' dir='ltr'><strong>Poetam</strong></span> <span class='ocrx_word' id='word_1_211' title='bbox 790 1808 920 1881; x_wconf 81' lang='lat' dir='ltr'><strong>factum</strong></span> <span class='ocrx_word' id='word_1_212' title='bbox 938 1831 1031 1892; x_wconf 90' lang='lat' dir='ltr'><strong>esse,</strong></span> <span class='ocrx_word' id='word_1_213' title='bbox 1055 1810 1161 1895; x_wconf 86' lang='lat' dir='ltr'><strong>longe</strong></span> <span class='ocrx_word' id='word_1_214' title='bbox 1212 1807 1269 1897; x_wconf 90' lang='lat' dir='ltr'><strong>pla</strong></span> <span class='ocrx_word' id='word_1_215' title='bbox 1299 1800 1462 1889; x_wconf 78' lang='lat' dir='ltr'><strong>Christi,</strong></span> <span class='ocrx_word' id='word_1_216' title='bbox 1491 1799 1749 1897; x_wconf 79' lang='lat' dir='ltr'><strong>Prophetarum</strong></span> <span class='ocrx_word' id='word_1_217' title='bbox 1777 1816 1811 1873; x_wconf 90' lang='lat' dir='ltr'><strong>et</strong></span> <span class='ocrx_word' id='word_1_218' title='bbox 1835 1800 2108 1896; x_wconf 81' lang='lat' dir='ltr'><strong>Apostolorum,</strong></span> <span class='ocrx_word' id='word_1_219' title='bbox 2144 1806 2207 1898; x_wconf 91' lang='lat' dir='ltr'><strong>qui</strong></span> 
     </span>
     <span class='ocr_line' id='line_1_17' title="bbox 167 1902 2205 2002; baseline 0 -27"><span class='ocrx_word' id='word_1_220' title='bbox 167 1904 322 1989; x_wconf 80' lang='lat' dir='ltr'><strong>fallitur,</strong></span> <span class='ocrx_word' id='word_1_221' title='bbox 354 1929 419 1975; x_wconf 91' lang='lat' dir='ltr'><strong>nec</strong></span> <span class='ocrx_word' id='word_1_222' title='bbox 441 1904 529 1998; x_wconf 89' lang='lat' dir='ltr'><strong>quid</strong></span> <span class='ocrx_word' id='word_1_223' title='bbox 553 1908 600 1978; x_wconf 91' lang='lat' dir='ltr'><strong>sit</strong></span> <span class='ocrx_word' id='word_1_224' title='bbox 616 1910 739 1979; x_wconf 88' lang='lat' dir='ltr'><strong>unctio</strong></span> <span class='ocrx_word' id='word_1_225' title='bbox 762 1909 947 2001; x_wconf 86' lang='lat' dir='ltr'><strong>perspicit,</strong></span> <span class='ocrx_word' id='word_1_226' title='bbox 974 1932 1063 2002; x_wconf 91' lang='lat' dir='ltr'><strong>quae</strong></span> <span class='ocrx_word' id='word_1_227' title='bbox 1084 1908 1161 2000; x_wconf 92' lang='lat' dir='ltr'><strong>pri·</strong></span> <span class='ocrx_word' id='word_1_228' title='bbox 1213 1907 1323 1975; x_wconf 89' lang='lat' dir='ltr'><strong>nullis</strong></span> <span class='ocrx_word' id='word_1_229' title='bbox 1346 1905 1456 1985; x_wconf 91' lang='lat' dir='ltr'><strong>odiis,</strong></span> <span class='ocrx_word' id='word_1_230' title='bbox 1491 1904 1591 1974; x_wconf 89' lang='lat' dir='ltr'><strong>nulla</strong></span> <span class='ocrx_word' id='word_1_231' title='bbox 1614 1904 1759 1975; x_wconf 88' lang='lat' dir='ltr'><strong>saevitia</strong></span> <span class='ocrx_word' id='word_1_232' title='bbox 1781 1928 1802 1973; x_wconf 83' lang='lat' dir='ltr'><strong>a</strong></span> <span class='ocrx_word' id='word_1_233' title='bbox 1825 1906 1985 1974; x_wconf 89' lang='lat' dir='ltr'><strong>docendo</strong></span> <span class='ocrx_word' id='word_1_234' title='bbox 2008 1902 2205 1996; x_wconf 87' lang='lat' dir='ltr'><strong>Evangelio</strong></span> 
     </span>
     <span class='ocr_line' id='line_1_18' title="bbox 168 2000 2205 2102; baseline 0.002 -27"><span class='ocrx_word' id='word_1_235' title='bbox 168 2030 272 2075; x_wconf 91' lang='lat' dir='ltr'><strong>mum</strong></span> <span class='ocrx_word' id='word_1_236' title='bbox 305 2006 383 2075; x_wconf 91' lang='lat' dir='ltr'><strong>sine</strong></span> <span class='ocrx_word' id='word_1_237' title='bbox 416 2007 518 2076; x_wconf 85' lang='lat' dir='ltr'><strong>verbi</strong></span> <span class='ocrx_word' id='word_1_238' title='bbox 555 2010 759 2097; x_wconf 77' lang='lat' dir='ltr'><strong>cognitione</strong></span> <span class='ocrx_word' id='word_1_239' title='bbox 796 2009 896 2079; x_wconf 90' lang='lat' dir='ltr'><strong>nulla</strong></span> <span class='ocrx_word' id='word_1_240' title='bbox 929 2032 1004 2079; x_wconf 86' lang='lat' dir='ltr'><strong>esse</strong></span> <span class='ocrx_word' id='word_1_241' title='bbox 1035 2022 1160 2102; x_wconf 88' lang='lat' dir='ltr'><strong>potest.</strong></span> <span class='ocrx_word' id='word_1_242' title='bbox 1212 2006 1371 2077; x_wconf 91' lang='lat' dir='ltr'><strong>deterriti</strong></span> <span class='ocrx_word' id='word_1_243' title='bbox 1391 2020 1484 2081; x_wconf 90' lang='lat' dir='ltr'><strong>sunt.</strong></span> <span class='ocrx_word' id='word_1_244' title='bbox 1545 2000 1702 2075; x_wconf 89' lang='lat' dir='ltr'><strong>Oremus</strong></span> <span class='ocrx_word' id='word_1_245' title='bbox 1722 2005 1830 2094; x_wconf 89' lang='lat' dir='ltr'><strong>igitur</strong></span> <span class='ocrx_word' id='word_1_246' title='bbox 1846 2002 2049 2091; x_wconf 87' lang='lat' dir='ltr'><strong>Christum,</strong></span> <span class='ocrx_word' id='word_1_247' title='bbox 2082 2022 2122 2079; x_wconf 92' lang='lat' dir='ltr'><strong>ut</strong></span> <span class='ocrx_word' id='word_1_248' title='bbox 2139 2032 2205 2099; x_wconf 89' lang='lat' dir='ltr'><strong>gu-</strong></span> 
     </span>
     <span class='ocr_line' id='line_1_19' title="bbox 166 2102 2205 2201; baseline 0.001 -24"><span class='ocrx_word' id='word_1_249' title='bbox 166 2102 311 2177; x_wconf 90' lang='lat' dir='ltr'><strong>Deinde</strong></span> <span class='ocrx_word' id='word_1_250' title='bbox 344 2106 482 2176; x_wconf 91' lang='lat' dir='ltr'><strong>etiamsi</strong></span> <span class='ocrx_word' id='word_1_251' title='bbox 508 2108 730 2198; x_wconf 81' lang='lat' dir='ltr'><strong>degustatum</strong></span> <span class='ocrx_word' id='word_1_252' title='bbox 760 2123 812 2181; x_wconf 90' lang='lat' dir='ltr'><strong>est</strong></span> <span class='ocrx_word' id='word_1_253' title='bbox 839 2110 1006 2195; x_wconf 89' lang='lat' dir='ltr'><strong>verbum,</strong></span> <span class='ocrx_word' id='word_1_254' title='bbox 1038 2110 1160 2180; x_wconf 87' lang='lat' dir='ltr'><strong>unctio</strong></span> <span class='ocrx_word' id='word_1_255' title='bbox 1212 2110 1335 2178; x_wconf 89' lang='lat' dir='ltr'><strong>bernet</strong></span> <span class='ocrx_word' id='word_1_256' title='bbox 1351 2131 1472 2177; x_wconf 92' lang='lat' dir='ltr'><strong>eorum</strong></span> <span class='ocrx_word' id='word_1_257' title='bbox 1489 2120 1642 2194; x_wconf 90' lang='lat' dir='ltr'><strong>mentes,</strong></span> <span class='ocrx_word' id='word_1_258' title='bbox 1661 2130 1702 2176; x_wconf 87' lang='lat' dir='ltr'><strong>ac</strong></span> <span class='ocrx_word' id='word_1_259' title='bbox 1718 2108 1854 2194; x_wconf 89' lang='lat' dir='ltr'><strong>studia,</strong></span> <span class='ocrx_word' id='word_1_260' title='bbox 1880 2132 2010 2201; x_wconf 89' lang='lat' dir='ltr'><strong>eosque</strong></span> <span class='ocrx_word' id='word_1_261' title='bbox 2025 2108 2141 2195; x_wconf 90' lang='lat' dir='ltr'><strong>iuvet,</strong></span> <span class='ocrx_word' id='word_1_262' title='bbox 2165 2124 2205 2181; x_wconf 95' lang='lat' dir='ltr'><strong>ut</strong></span> 
     </span>
     <span class='ocr_line' id='line_1_20' title="bbox 166 2206 2205 2301; baseline 0.002 -24"><span class='ocrx_word' id='word_1_263' title='bbox 166 2231 246 2277; x_wconf 92' lang='lat' dir='ltr'><strong>nou</strong></span> <span class='ocrx_word' id='word_1_264' title='bbox 262 2206 381 2278; x_wconf 90' lang='lat' dir='ltr'><strong>subito</strong></span> <span class='ocrx_word' id='word_1_265' title='bbox 399 2208 548 2298; x_wconf 82' lang='lat' dir='ltr'><strong>detergit</strong></span> <span class='ocrx_word' id='word_1_266' title='bbox 563 2211 692 2280; x_wconf 91' lang='lat' dir='ltr'><strong>animis</strong></span> <span class='ocrx_word' id='word_1_267' title='bbox 707 2235 829 2281; x_wconf 91' lang='lat' dir='ltr'><strong>omnes</strong></span> <span class='ocrx_word' id='word_1_268' title='bbox 845 2211 1009 2283; x_wconf 89' lang='lat' dir='ltr'><strong>maculas.</strong></span> <span class='ocrx_word' id='word_1_269' title='bbox 1059 2210 1160 2282; x_wconf 87' lang='lat' dir='ltr'><strong>Plato</strong></span> <span class='ocrx_word' id='word_1_270' title='bbox 1211 2210 1383 2280; x_wconf 78' lang='lat' dir='ltr'><strong>foeliciter</strong></span> <span class='ocrx_word' id='word_1_271' title='bbox 1398 2233 1624 2294; x_wconf 89' lang='lat' dir='ltr'><strong>conservare,</strong></span> <span class='ocrx_word' id='word_1_272' title='bbox 1651 2209 1847 2294; x_wconf 87' lang='lat' dir='ltr'><strong>illustrare,</strong></span> <span class='ocrx_word' id='word_1_273' title='bbox 1872 2233 2065 2301; x_wconf 89' lang='lat' dir='ltr'><strong>propagare</strong></span> <span class='ocrx_word' id='word_1_274' title='bbox 2081 2206 2205 2283; x_wconf 87' lang='lat' dir='ltr'><strong>Evan-</strong></span> 
     </span>
     <span class='ocr_line' id='line_1_21' title="bbox 157 2306 2204 2403; baseline 0.003 -26"><span class='ocrx_word' id='word_1_275' title='bbox 157 2307 306 2403; x_wconf 90' lang='lat' dir='ltr'><strong>.iuquit:</strong></span> <span class='ocrx_word' id='word_1_276' title='bbox 338 2306 432 2378; x_wconf 91' lang='lat' dir='ltr'><strong>Satis</strong></span> <span class='ocrx_word' id='word_1_277' title='bbox 454 2310 595 2382; x_wconf 91' lang='lat' dir='ltr'><strong>beatum</strong></span> <span class='ocrx_word' id='word_1_278' title='bbox 619 2312 686 2381; x_wconf 91' lang='lat' dir='ltr'><strong>sibi</strong></span> <span class='ocrx_word' id='word_1_279' title='bbox 710 2312 845 2400; x_wconf 88' lang='lat' dir='ltr'><strong>videri,</strong></span> <span class='ocrx_word' id='word_1_280' title='bbox 875 2313 933 2383; x_wconf 90' lang='lat' dir='ltr'><strong>cui</strong></span> <span class='ocrx_word' id='word_1_281' title='bbox 956 2315 1099 2384; x_wconf 88' lang='lat' dir='ltr'><strong>tandem</strong></span> <span class='ocrx_word' id='word_1_282' title='bbox 1121 2312 1159 2382; x_wconf 91' lang='grc'><strong>11</strong></span> <span class='ocrx_word' id='word_1_283' title='bbox 1211 2312 1341 2401; x_wconf 92' lang='lat' dir='ltr'><strong>gelinm</strong></span> <span class='ocrx_word' id='word_1_284' title='bbox 1359 2312 1506 2403; x_wconf 89' lang='lat' dir='ltr'><strong>possint.</strong></span> <span class='ocrx_word' id='word_1_285' title='bbox 1554 2309 1767 2382; x_wconf 90' lang='lat' dir='ltr'><strong>llludetiam</strong></span> <span class='ocrx_word' id='word_1_286' title='bbox 1783 2311 2068 2393; x_wconf 88' lang='lat' dir='ltr'><strong>meminerimus,</strong></span> <span class='ocrx_word' id='word_1_287' title='bbox 2090 2313 2204 2384; x_wconf 85' lang='lat' dir='ltr'><strong>nostri</strong></span> 
     </span>
     <span class='ocr_line' id='line_1_22' title="bbox 169 2407 2203 2509; baseline 0.002 -30"><span class='ocrx_word' id='word_1_288' title='bbox 169 2422 348 2479; x_wconf 75' lang='lat' dir='ltr'><strong>senectute</strong></span> <span class='ocrx_word' id='word_1_289' title='bbox 362 2410 567 2501; x_wconf 90' lang='lat' dir='ltr'><strong>contigerit,</strong></span> <span class='ocrx_word' id='word_1_290' title='bbox 592 2427 633 2484; x_wconf 91' lang='lat' dir='ltr'><strong>ut</strong></span> <span class='ocrx_word' id='word_1_291' title='bbox 650 2413 867 2505; x_wconf 88' lang='lat' dir='ltr'><strong>sapientum,</strong></span> <span class='ocrx_word' id='word_1_292' title='bbox 891 2438 1062 2509; x_wconf 87' lang='lat' dir='ltr'><strong>verasque</strong></span> <span class='ocrx_word' id='word_1_293' title='bbox 1081 2415 1161 2506; x_wconf 88' lang='lat' dir='ltr'><strong>opi·</strong></span> <span class='ocrx_word' id='word_1_294' title='bbox 1211 2413 1317 2485; x_wconf 85' lang='lat' dir='ltr'><strong>officii</strong></span> <span class='ocrx_word' id='word_1_295' title='bbox 1340 2437 1432 2498; x_wconf 91' lang='lat' dir='ltr'><strong>esse,</strong></span> <span class='ocrx_word' id='word_1_296' title='bbox 1460 2426 1501 2482; x_wconf 91' lang='lat' dir='ltr'><strong>ut</strong></span> <span class='ocrx_word' id='word_1_297' title='bbox 1526 2437 1590 2503; x_wconf 92' lang='lat' dir='ltr'><strong>pro</strong></span> <span class='ocrx_word' id='word_1_298' title='bbox 1611 2413 1706 2481; x_wconf 90' lang='lat' dir='ltr'><strong>virili</strong></span> <span class='ocrx_word' id='word_1_299' title='bbox 1727 2412 1903 2482; x_wconf 88' lang='lat' dir='ltr'><strong>leniamus</strong></span> <span class='ocrx_word' id='word_1_300' title='bbox 1925 2407 1989 2491; x_wconf 84' lang='lat' dir='ltr'><strong>has¹</strong></span> <span class='ocrx_word' id='word_1_301' title='bbox 2016 2437 2203 2483; x_wconf 88' lang='lat' dir='ltr'><strong>aerumnas</strong></span> 
     </span>
     <span class='ocr_line' id='line_1_23' title="bbox 168 2510 2202 2607; baseline 0 -24"><span class='ocrx_word' id='word_1_302' title='bbox 168 2510 296 2583; x_wconf 89' lang='lat' dir='ltr'><strong>nioues</strong></span> <span class='ocrx_word' id='word_1_303' title='bbox 311 2527 530 2605; x_wconf 87' lang='lat' dir='ltr'><strong>assequatur.</strong></span> <span class='ocrx_word' id='word_1_304' title='bbox 575 2512 617 2584; x_wconf 93' lang='lat' dir='ltr'><strong>ld</strong></span> <span class='ocrx_word' id='word_1_305' title='bbox 634 2516 696 2585; x_wconf 92' lang='lat' dir='ltr'><strong>ille</strong></span> <span class='ocrx_word' id='word_1_306' title='bbox 710 2515 767 2584; x_wconf 88' lang='lat' dir='ltr'><strong>vir</strong></span> <span class='ocrx_word' id='word_1_307' title='bbox 781 2539 940 2586; x_wconf 91' lang='lat' dir='ltr'><strong>summus</strong></span> <span class='ocrx_word' id='word_1_308' title='bbox 964 2542 1005 2586; x_wconf 89' lang='lat' dir='ltr'><strong>ac</strong></span> <span class='ocrx_word' id='word_1_309' title='bbox 1019 2516 1160 2607; x_wconf 86' lang='lat' dir='ltr'><strong>sapien·</strong></span> <span class='ocrx_word' id='word_1_310' title='bbox 1211 2529 1329 2586; x_wconf 89' lang='lat' dir='ltr'><strong>nostra</strong></span> <span class='ocrx_word' id='word_1_311' title='bbox 1347 2515 1580 2605; x_wconf 71' lang='lat' dir='ltr'><strong>gratitudine,</strong></span> <span class='ocrx_word' id='word_1_312' title='bbox 1605 2513 1688 2607; x_wconf 91' lang='lat' dir='ltr'><strong>quia</strong></span> <span class='ocrx_word' id='word_1_313' title='bbox 1704 2512 1867 2581; x_wconf 81' lang='lat' dir='ltr'><strong>maximis</strong></span> <span class='ocrx_word' id='word_1_314' title='bbox 1883 2536 2006 2583; x_wconf 91' lang='lat' dir='ltr'><strong>eorum</strong></span> <span class='ocrx_word' id='word_1_315' title='bbox 2021 2513 2202 2583; x_wconf 83' lang='lat' dir='ltr'><strong>beneficiis</strong></span> 
     </span>
     <span class='ocr_line' id='line_1_24' title="bbox 168 2611 2202 2710; baseline 0.001 -27"><span class='ocrx_word' id='word_1_316' title='bbox 168 2611 326 2683; x_wconf 84' lang='lat' dir='ltr'><strong>tissimus</strong></span> <span class='ocrx_word' id='word_1_317' title='bbox 344 2614 388 2681; x_wconf 90' lang='lat' dir='ltr'><strong>de</strong></span> <span class='ocrx_word' id='word_1_318' title='bbox 402 2612 446 2684; x_wconf 90' lang='lat' dir='ltr'><strong>iis</strong></span> <span class='ocrx_word' id='word_1_319' title='bbox 459 2615 582 2702; x_wconf 90' lang='lat' dir='ltr'><strong>rebus,</strong></span> <span class='ocrx_word' id='word_1_320' title='bbox 618 2641 705 2710; x_wconf 90' lang='lat' dir='ltr'><strong>quas</strong></span> <span class='ocrx_word' id='word_1_321' title='bbox 727 2618 819 2688; x_wconf 91' lang='lat' dir='ltr'><strong>ratio</strong></span> <span class='ocrx_word' id='word_1_322' title='bbox 834 2613 1100 2710; x_wconf 87' lang='lat' dir='ltr'><strong>deprehendere</strong></span> <span class='ocrx_word' id='word_1_323' title='bbox 1127 2631 1161 2689; x_wconf 94' lang='lat' dir='ltr'><strong>et</strong></span> <span class='ocrx_word' id='word_1_324' title='bbox 1209 2617 1374 2689; x_wconf 82' lang='lat' dir='ltr'><strong>fruimur.</strong></span> <span class='ocrx_word' id='word_1_325' title='bbox 1427 2615 1507 2704; x_wconf 84' lang='lat' dir='ltr'><strong>Qua</strong></span> <span class='ocrx_word' id='word_1_326' title='bbox 1531 2613 1676 2709; x_wconf 92' lang='lat' dir='ltr'><strong>quidem</strong></span> <span class='ocrx_word' id='word_1_327' title='bbox 1698 2613 1738 2682; x_wconf 88' lang='lat' dir='ltr'><strong>in</strong></span> <span class='ocrx_word' id='word_1_328' title='bbox 1758 2637 1796 2682; x_wconf 88' lang='lat' dir='ltr'><strong>re</strong></span> <span class='ocrx_word' id='word_1_329' title='bbox 1810 2613 1998 2705; x_wconf 84' lang='lat' dir='ltr'><strong>praecipue</strong></span> <span class='ocrx_word' id='word_1_330' title='bbox 2022 2614 2202 2685; x_wconf 85' lang='lat' dir='ltr'><strong>laudanda</strong></span> 
     </span>
     <span class='ocr_line' id='line_1_25' title="bbox 164 2712 2201 2811; baseline 0.002 -29"><span class='ocrx_word' id='word_1_331' title='bbox 164 2712 404 2811; x_wconf 81' lang='lat' dir='ltr'><strong>pervestigare</strong></span> <span class='ocrx_word' id='word_1_332' title='bbox 426 2729 558 2808; x_wconf 91' lang='lat' dir='ltr'><strong>potest,</strong></span> <span class='ocrx_word' id='word_1_333' title='bbox 591 2718 691 2788; x_wconf 85' lang='grc'><strong>(11111.</strong></span> <span class='ocrx_word' id='word_1_334' title='bbox 751 2718 896 2810; x_wconf 86' lang='lat' dir='ltr'><strong>Quanto</strong></span> <span class='ocrx_word' id='word_1_335' title='bbox 920 2721 1037 2791; x_wconf 90' lang='lat' dir='ltr'><strong>verius</strong></span> <span class='ocrx_word' id='word_1_336' title='bbox 1060 2719 1097 2789; x_wconf 90' lang='lat' dir='ltr'><strong>id</strong></span> <span class='ocrx_word' id='word_1_337' title='bbox 1116 2720 1160 2789; x_wconf 93' lang='lat' dir='ltr'><strong>de</strong></span> <span class='ocrx_word' id='word_1_338' title='bbox 1211 2733 1262 2790; x_wconf 90' lang='lat' dir='ltr'><strong>est</strong></span> <span class='ocrx_word' id='word_1_339' title='bbox 1284 2716 1519 2787; x_wconf 90' lang='lat' dir='ltr'><strong>Illustrissimi</strong></span> <span class='ocrx_word' id='word_1_340' title='bbox 1540 2716 1654 2788; x_wconf 88' lang='lat' dir='ltr'><strong>nostri</strong></span> <span class='ocrx_word' id='word_1_341' title='bbox 1671 2714 1850 2806; x_wconf 88' lang='lat' dir='ltr'><strong>Principis</strong></span> <span class='ocrx_word' id='word_1_342' title='bbox 1871 2714 2002 2807; x_wconf 87' lang='lat' dir='ltr'><strong>pietas,</strong></span> <span class='ocrx_word' id='word_1_343' title='bbox 2033 2715 2097 2808; x_wconf 90' lang='lat' dir='ltr'><strong>qui</strong></span> <span class='ocrx_word' id='word_1_344' title='bbox 2119 2740 2201 2787; x_wconf 90' lang='lat' dir='ltr'><strong>cum</strong></span> 
     </span>
     <span class='ocr_line' id='line_1_26' title="bbox 158 2812 2201 2913; baseline 0.003 -30"><span class='ocrx_word' id='word_1_345' title='bbox 158 2814 415 2907; x_wconf 87' lang='lat' dir='ltr'><strong>&#39;spiritualibus</strong></span> <span class='ocrx_word' id='word_1_346' title='bbox 428 2820 535 2889; x_wconf 88' lang='lat' dir='ltr'><strong>rebus</strong></span> <span class='ocrx_word' id='word_1_347' title='bbox 549 2819 719 2889; x_wconf 84' lang='lat' dir='ltr'><strong>affirmari</strong></span> <span class='ocrx_word' id='word_1_348' title='bbox 735 2833 868 2909; x_wconf 90' lang='lat' dir='ltr'><strong>potest,</strong></span> <span class='ocrx_word' id='word_1_349' title='bbox 894 2846 984 2913; x_wconf 91' lang='lat' dir='ltr'><strong>quae</strong></span> <span class='ocrx_word' id='word_1_350' title='bbox 1003 2822 1160 2912; x_wconf 86' lang='lat' dir='ltr'><strong>prolecto</strong></span> <span class='ocrx_word' id='word_1_351' title='bbox 1211 2821 1270 2889; x_wconf 89' lang='lat' dir='ltr'><strong>alii</strong></span> <span class='ocrx_word' id='word_1_352' title='bbox 1297 2842 1396 2909; x_wconf 91' lang='lat' dir='ltr'><strong>reges</strong></span> <span class='ocrx_word' id='word_1_353' title='bbox 1420 2843 1460 2888; x_wconf 90' lang='lat' dir='ltr'><strong>ac</strong></span> <span class='ocrx_word' id='word_1_354' title='bbox 1482 2818 1661 2910; x_wconf 85' lang='lat' dir='ltr'><strong>principes</strong></span> <span class='ocrx_word' id='word_1_355' title='bbox 1682 2818 1850 2887; x_wconf 89' lang='lat' dir='ltr'><strong>adversus</strong></span> <span class='ocrx_word' id='word_1_356' title='bbox 1871 2812 2060 2907; x_wconf 82' lang='lat' dir='ltr'><strong>Evangelii</strong></span> <span class='ocrx_word' id='word_1_357' title='bbox 2076 2819 2201 2889; x_wconf 88' lang='lat' dir='ltr'><strong>docto-</strong></span> 
     </span>
     <span class='ocr_line' id='line_1_27' title="bbox 160 2914 2201 3010; baseline 0.002 -26"><span class='ocrx_word' id='word_1_358' title='bbox 160 2914 244 2985; x_wconf 80' lang='lat' dir='ltr'><strong>&#39;non</strong></span> <span class='ocrx_word' id='word_1_359' title='bbox 260 2931 406 3008; x_wconf 88' lang='lat' dir='ltr'><strong>possunt</strong></span> <span class='ocrx_word' id='word_1_360' title='bbox 422 2942 505 2987; x_wconf 92' lang='lat' dir='ltr'><strong>vere</strong></span> <span class='ocrx_word' id='word_1_361' title='bbox 520 2920 650 3008; x_wconf 87' lang='lat' dir='ltr'><strong>aspici,</strong></span> <span class='ocrx_word' id='word_1_362' title='bbox 685 2920 756 2986; x_wconf 91' lang='lat' dir='ltr'><strong>nisi</strong></span> <span class='ocrx_word' id='word_1_363' title='bbox 779 2921 818 2987; x_wconf 91' lang='lat' dir='ltr'><strong>in</strong></span> <span class='ocrx_word' id='word_1_364' title='bbox 841 2922 916 3010; x_wconf 89' lang='lat' dir='ltr'><strong>ipsa</strong></span> <span class='ocrx_word' id='word_1_365' title='bbox 934 2921 1161 2993; x_wconf 89' lang='lat' dir='ltr'><strong>dimicatione</strong></span> <span class='ocrx_word' id='word_1_366' title='bbox 1209 2946 1265 2991; x_wconf 90' lang='lat' dir='ltr'><strong>res</strong></span> <span class='ocrx_word' id='word_1_367' title='bbox 1294 2921 1470 2991; x_wconf 80' lang='lat' dir='ltr'><strong>infinitam</strong></span> <span class='ocrx_word' id='word_1_368' title='bbox 1503 2918 1746 2991; x_wconf 88' lang='lat' dir='ltr'><strong>crudelitatem</strong></span> <span class='ocrx_word' id='word_1_369' title='bbox 1773 2940 1912 2988; x_wconf 89' lang='lat' dir='ltr'><strong>summo</strong></span> <span class='ocrx_word' id='word_1_370' title='bbox 1942 2918 2072 2988; x_wconf 90' lang='lat' dir='ltr'><strong>scelere</strong></span> <span class='ocrx_word' id='word_1_371' title='bbox 2100 2934 2201 2990; x_wconf 85' lang='lat' dir='ltr'><strong>exer-</strong></span> 
     </span>
     <span class='ocr_line' id='line_1_28' title="bbox 168 3015 2200 3114; baseline 0 -26"><span class='ocrx_word' id='word_1_372' title='bbox 168 3031 275 3110; x_wconf 85' lang='lat' dir='ltr'><strong>atque</strong></span> <span class='ocrx_word' id='word_1_373' title='bbox 296 3018 531 3108; x_wconf 81' lang='lat' dir='ltr'><strong>experientia,</strong></span> <span class='ocrx_word' id='word_1_374' title='bbox 565 3041 636 3108; x_wconf 93' lang='lat' dir='ltr'><strong>quo</strong></span> <span class='ocrx_word' id='word_1_375' title='bbox 662 3019 773 3108; x_wconf 91' lang='lat' dir='ltr'><strong>magis</strong></span> <span class='ocrx_word' id='word_1_376' title='bbox 799 3015 867 3089; x_wconf 89' lang='lat' dir='ltr'><strong>hoc</strong></span> <span class='ocrx_word' id='word_1_377' title='bbox 896 3020 1052 3090; x_wconf 88' lang='lat' dir='ltr'><strong>seculum</strong></span> <span class='ocrx_word' id='word_1_378' title='bbox 1067 3021 1161 3093; x_wconf 82' lang='lat' dir='ltr'><strong>,odio</strong></span> <span class='ocrx_word' id='word_1_379' title='bbox 1209 3036 1328 3107; x_wconf 91' lang='lat' dir='ltr'><strong>ceant,</strong></span> <span class='ocrx_word' id='word_1_380' title='bbox 1357 3024 1431 3114; x_wconf 92' lang='lat' dir='ltr'><strong>ipse</strong></span> <span class='ocrx_word' id='word_1_381' title='bbox 1446 3035 1481 3091; x_wconf 91' lang='lat' dir='ltr'><strong>et</strong></span> <span class='ocrx_word' id='word_1_382' title='bbox 1497 3023 1665 3091; x_wconf 90' lang='lat' dir='ltr'><strong>adversus</strong></span> <span class='ocrx_word' id='word_1_383' title='bbox 1682 3033 1994 3113; x_wconf 87' lang='lat' dir='ltr'><strong>tyrannosmagno</strong></span> <span class='ocrx_word' id='word_1_384' title='bbox 2009 3044 2090 3090; x_wconf 90' lang='lat' dir='ltr'><strong>cum</strong></span> <span class='ocrx_word' id='word_1_385' title='bbox 2105 3021 2200 3112; x_wconf 89' lang='lat' dir='ltr'><strong>peri-</strong></span> 
     </span>
     <span class='ocr_line' id='line_1_29' title="bbox 167 3117 2200 3212; baseline 0.002 -24"><span class='ocrx_word' id='word_1_386' title='bbox 167 3118 318 3208; x_wconf 88' lang='lat' dir='ltr'><strong>diguum</strong></span> <span class='ocrx_word' id='word_1_387' title='bbox 333 3130 403 3199; x_wconf 89' lang='lat' dir='ltr'><strong>est,</strong></span> <span class='ocrx_word' id='word_1_388' title='bbox 429 3117 524 3209; x_wconf 91' lang='lat' dir='ltr'><strong>quod</strong></span> <span class='ocrx_word' id='word_1_389' title='bbox 541 3141 637 3186; x_wconf 92' lang='lat' dir='ltr'><strong>nunc</strong></span> <span class='ocrx_word' id='word_1_390' title='bbox 650 3142 754 3188; x_wconf 90' lang='lat' dir='ltr'><strong>nemo</strong></span> <span class='ocrx_word' id='word_1_391' title='bbox 768 3144 843 3189; x_wconf 90' lang='lat' dir='ltr'><strong>nou</strong></span> <span class='ocrx_word' id='word_1_392' title='bbox 857 3120 967 3191; x_wconf 90' lang='lat' dir='ltr'><strong>sumit</strong></span> <span class='ocrx_word' id='word_1_393' title='bbox 980 3120 1049 3191; x_wconf 91' lang='lat' dir='ltr'><strong>sibi</strong></span> <span class='ocrx_word' id='word_1_394' title='bbox 1066 3122 1162 3192; x_wconf 90' lang='lat' dir='ltr'><strong>iudi·</strong></span> <span class='ocrx_word' id='word_1_395' title='bbox 1210 3125 1290 3193; x_wconf 90' lang='lat' dir='ltr'><strong>culo</strong></span> <span class='ocrx_word' id='word_1_396' title='bbox 1311 3124 1396 3212; x_wconf 88' lang='lat' dir='ltr'><strong>tegit</strong></span> <span class='ocrx_word' id='word_1_397' title='bbox 1412 3147 1450 3191; x_wconf 93' lang='lat' dir='ltr'><strong>ac</strong></span> <span class='ocrx_word' id='word_1_398' title='bbox 1464 3122 1642 3206; x_wconf 79' lang='lat' dir='ltr'><strong>defendit,</strong></span> <span class='ocrx_word' id='word_1_399' title='bbox 1668 3134 1703 3191; x_wconf 91' lang='lat' dir='ltr'><strong>et</strong></span> <span class='ocrx_word' id='word_1_400' title='bbox 1716 3121 1816 3191; x_wconf 92' lang='lat' dir='ltr'><strong>domi</strong></span> <span class='ocrx_word' id='word_1_401' title='bbox 1835 3142 1972 3191; x_wconf 90' lang='lat' dir='ltr'><strong>summa</strong></span> <span class='ocrx_word' id='word_1_402' title='bbox 1987 3118 2067 3192; x_wconf 80' lang='lat' dir='ltr'><strong>cun&#39;s</strong></span> <span class='ocrx_word' id='word_1_403' title='bbox 2090 3123 2200 3193; x_wconf 80' lang='lat' dir='ltr'><strong>beus-</strong></span> 
     </span>
     <span class='ocr_line' id='line_1_30' title="bbox 167 3216 2199 3317; baseline 0.004 -31"><span class='ocrx_word' id='word_1_404' title='bbox 167 3219 264 3290; x_wconf 91' lang='lat' dir='ltr'><strong>cium</strong></span> <span class='ocrx_word' id='word_1_405' title='bbox 282 3218 326 3284; x_wconf 93' lang='lat' dir='ltr'><strong>de</strong></span> <span class='ocrx_word' id='word_1_406' title='bbox 342 3216 447 3285; x_wconf 90' lang='lat' dir='ltr'><strong>rebus</strong></span> <span class='ocrx_word' id='word_1_407' title='bbox 459 3217 618 3288; x_wconf 87' lang='lat' dir='ltr'><strong>obscuris</strong></span> <span class='ocrx_word' id='word_1_408' title='bbox 641 3244 682 3288; x_wconf 87' lang='lat' dir='ltr'><strong>ac</strong></span> <span class='ocrx_word' id='word_1_409' title='bbox 704 3221 967 3311; x_wconf 84' lang='lat' dir='ltr'><strong>spiritualibus,</strong></span> <span class='ocrx_word' id='word_1_410' title='bbox 1001 3246 1074 3293; x_wconf 91' lang='lat' dir='ltr'><strong>uua</strong></span> <span class='ocrx_word' id='word_1_411' title='bbox 1094 3223 1161 3293; x_wconf 90' lang='lat' dir='ltr'><strong>ali·</strong></span> <span class='ocrx_word' id='word_1_412' title='bbox 1211 3225 1383 3311; x_wconf 91' lang='lat' dir='ltr'><strong>volentia,</strong></span> <span class='ocrx_word' id='word_1_413' title='bbox 1411 3224 1518 3294; x_wconf 85' lang='lat' dir='ltr'><strong>officii</strong></span> <span class='ocrx_word' id='word_1_414' title='bbox 1540 3225 1640 3292; x_wconf 91' lang='lat' dir='ltr'><strong>omui</strong></span> <span class='ocrx_word' id='word_1_415' title='bbox 1661 3245 1788 3315; x_wconf 88' lang='lat' dir='ltr'><strong>genere</strong></span> <span class='ocrx_word' id='word_1_416' title='bbox 1811 3222 1986 3295; x_wconf 75' lang='lat' dir='ltr'><strong>cumulata</strong></span> <span class='ocrx_word' id='word_1_417' title='bbox 2011 3225 2057 3294; x_wconf 91' lang='lat' dir='ltr'><strong>de</strong></span> <span class='ocrx_word' id='word_1_418' title='bbox 2075 3247 2145 3317; x_wconf 88' lang='lat' dir='ltr'><strong>qua</strong></span> <span class='ocrx_word' id='word_1_419' title='bbox 2160 3248 2199 3295; x_wconf 91' lang='lat' dir='ltr'><strong>re</strong></span> 
     </span>
     <span class='ocr_line' id='line_1_31' title="bbox 167 3317 2199 3419; baseline 0.005 -33"><span class='ocrx_word' id='word_1_420' title='bbox 167 3341 240 3411; x_wconf 90' lang='lat' dir='ltr'><strong>qua</strong></span> <span class='ocrx_word' id='word_1_421' title='bbox 261 3317 412 3386; x_wconf 89' lang='lat' dir='ltr'><strong>lectione</strong></span> <span class='ocrx_word' id='word_1_422' title='bbox 434 3319 572 3404; x_wconf 91' lang='lat' dir='ltr'><strong>audita,</strong></span> <span class='ocrx_word' id='word_1_423' title='bbox 598 3334 660 3390; x_wconf 92' lang='lat' dir='ltr'><strong>aut</strong></span> <span class='ocrx_word' id='word_1_424' title='bbox 681 3323 768 3392; x_wconf 89' lang='lat' dir='ltr'><strong>lecta</strong></span> <span class='ocrx_word' id='word_1_425' title='bbox 788 3345 862 3394; x_wconf 86' lang='lat' dir='ltr'><strong>uua</strong></span> <span class='ocrx_word' id='word_1_426' title='bbox 877 3323 994 3419; x_wconf 90' lang='lat' dir='ltr'><strong>aliqua</strong></span> <span class='ocrx_word' id='word_1_427' title='bbox 1010 3326 1158 3417; x_wconf 87' lang='lat' dir='ltr'><strong>pagella.</strong></span> <span class='ocrx_word' id='word_1_428' title='bbox 1209 3340 1242 3397; x_wconf 94' lang='lat' dir='ltr'><strong>et</strong></span> <span class='ocrx_word' id='word_1_429' title='bbox 1257 3327 1286 3394; x_wconf 92' lang='lat' dir='ltr'><strong>si</strong></span> <span class='ocrx_word' id='word_1_430' title='bbox 1303 3327 1348 3395; x_wconf 91' lang='lat' dir='ltr'><strong>ad</strong></span> <span class='ocrx_word' id='word_1_431' title='bbox 1364 3326 1614 3416; x_wconf 89' lang='lat' dir='ltr'><strong>gratitudinem</strong></span> <span class='ocrx_word' id='word_1_432' title='bbox 1631 3338 1789 3395; x_wconf 88' lang='lat' dir='ltr'><strong>nostram</strong></span> <span class='ocrx_word' id='word_1_433' title='bbox 1807 3318 1894 3394; x_wconf 88' lang='lat' dir='ltr'><strong>haec</strong></span> <span class='ocrx_word' id='word_1_434' title='bbox 1909 3325 2199 3396; x_wconf 88' lang='lat' dir='ltr'><strong>commemoratio</strong></span> 
     </span>
     <span class='ocr_line' id='line_1_32' title="bbox 164 3418 2199 3520; baseline 0.003 -32"><span class='ocrx_word' id='word_1_435' title='bbox 164 3418 302 3489; x_wconf 91' lang='lat' dir='ltr'><strong>Paulus</strong></span> <span class='ocrx_word' id='word_1_436' title='bbox 317 3418 513 3507; x_wconf 90' lang='lat' dir='ltr'><strong>gratulatur</strong></span> <span class='ocrx_word' id='word_1_437' title='bbox 525 3421 606 3506; x_wconf 92' lang='lat' dir='ltr'><strong>sibi,</strong></span> <span class='ocrx_word' id='word_1_438' title='bbox 631 3424 728 3515; x_wconf 91' lang='lat' dir='ltr'><strong>quod</strong></span> <span class='ocrx_word' id='word_1_439' title='bbox 744 3422 906 3518; x_wconf 83' lang='lat' dir='ltr'><strong>quamvis</strong></span> <span class='ocrx_word' id='word_1_440' title='bbox 921 3426 1057 3518; x_wconf 91' lang='lat' dir='ltr'><strong>procul,</strong></span> <span class='ocrx_word' id='word_1_441' title='bbox 1081 3449 1160 3496; x_wconf 92' lang='lat' dir='ltr'><strong>sco-</strong></span> <span class='ocrx_word' id='word_1_442' title='bbox 1208 3428 1424 3519; x_wconf 90' lang='lat' dir='ltr'><strong>pertinebat,</strong></span> <span class='ocrx_word' id='word_1_443' title='bbox 1450 3440 1568 3497; x_wconf 88' lang='lat' dir='ltr'><strong>tamen</strong></span> <span class='ocrx_word' id='word_1_444' title='bbox 1589 3440 1734 3520; x_wconf 92' lang='lat' dir='ltr'><strong>propter</strong></span> <span class='ocrx_word' id='word_1_445' title='bbox 1753 3426 1829 3496; x_wconf 88' lang='lat' dir='ltr'><strong>eius</strong></span> <span class='ocrx_word' id='word_1_446' title='bbox 1845 3427 2080 3517; x_wconf 85' lang='lat' dir='ltr'><strong>praesentiam</strong></span> <span class='ocrx_word' id='word_1_447' title='bbox 2096 3450 2199 3495; x_wconf 87' lang='lat' dir='ltr'><strong>vere-</strong></span> 
     </span>
    </p>
   </div>
   <div class='ocr_carea' id='block_1_5' title="bbox 166 3520 2335 3619">
    <p class='ocr_par' dir='ltr' id='par_1_5' title="bbox 166 3520 2335 3619">
     <span class='ocr_line' id='line_1_33' title="bbox 166 3520 2335 3619; baseline 0.005 -30"><span class='ocrx_word' id='word_1_448' title='bbox 166 3543 254 3613; x_wconf 91' lang='lat' dir='ltr'><strong>pum</strong></span> <span class='ocrx_word' id='word_1_449' title='bbox 270 3531 390 3588; x_wconf 92' lang='lat' dir='ltr'><strong>tamen</strong></span> <span class='ocrx_word' id='word_1_450' title='bbox 403 3520 564 3606; x_wconf 90' lang='lat' dir='ltr'><strong>videbat,</strong></span> <span class='ocrx_word' id='word_1_451' title='bbox 587 3522 635 3592; x_wconf 89' lang='lat' dir='ltr'><strong>ita</strong></span> <span class='ocrx_word' id='word_1_452' title='bbox 649 3546 715 3593; x_wconf 92' lang='lat' dir='ltr'><strong>nos</strong></span> <span class='ocrx_word' id='word_1_453' title='bbox 731 3525 769 3592; x_wconf 92' lang='grc'><strong>11</strong></span> <span class='ocrx_word' id='word_1_454' title='bbox 784 3521 852 3595; x_wconf 92' lang='lat' dir='ltr'><strong>boc</strong></span> <span class='ocrx_word' id='word_1_455' title='bbox 867 3526 992 3596; x_wconf 90' lang='lat' dir='ltr'><strong>demus</strong></span> <span class='ocrx_word' id='word_1_456' title='bbox 1004 3551 1160 3618; x_wconf 92' lang='lat' dir='ltr'><strong>operam,</strong></span> <span class='ocrx_word' id='word_1_457' title='bbox 1208 3527 1359 3599; x_wconf 91' lang='lat' dir='ltr'><strong>cundius</strong></span> <span class='ocrx_word' id='word_1_458' title='bbox 1374 3530 1566 3600; x_wconf 90' lang='lat' dir='ltr'><strong>dicendum</strong></span> <span class='ocrx_word' id='word_1_459' title='bbox 1585 3542 1648 3602; x_wconf 92' lang='lat' dir='ltr'><strong>est.</strong></span> <span class='ocrx_word' id='word_1_460' title='bbox 1694 3526 1765 3599; x_wconf 88' lang='lat' dir='ltr'><strong>Sed</strong></span> <span class='ocrx_word' id='word_1_461' title='bbox 1780 3521 1935 3595; x_wconf 90' lang='lat' dir='ltr'><strong>hocnon</strong></span> <span class='ocrx_word' id='word_1_462' title='bbox 1950 3540 2025 3597; x_wconf 89' lang='lat' dir='ltr'><strong>erat</strong></span> <span class='ocrx_word' id='word_1_463' title='bbox 2041 3541 2199 3619; x_wconf 83' lang='lat' dir='ltr'><strong>praeter·</strong></span> <span class='ocrx_word' id='word_1_464' title='bbox 2331 3602 2335 3609; x_wconf 80' lang='grc'><em>,</em></span> 
     </span>
    </p>
   </div>
   <div class='ocr_carea' id='block_1_6' title="bbox 157 3620 2206 5342">
    <p class='ocr_par' dir='ltr' id='par_1_6' title="bbox 157 3620 2206 5342">
     <span class='ocr_line' id='line_1_34' title="bbox 167 3620 2199 3722; baseline 0.004 -31"><span class='ocrx_word' id='word_1_465' title='bbox 167 3642 314 3714; x_wconf 89' lang='lat' dir='ltr'><strong>scopum</strong></span> <span class='ocrx_word' id='word_1_466' title='bbox 335 3634 376 3690; x_wconf 92' lang='lat' dir='ltr'><strong>ut</strong></span> <span class='ocrx_word' id='word_1_467' title='bbox 395 3623 618 3715; x_wconf 79' lang='lat' dir='ltr'><strong>requiramus</strong></span> <span class='ocrx_word' id='word_1_468' title='bbox 644 3638 678 3695; x_wconf 91' lang='grc'><strong>11</strong></span> <span class='ocrx_word' id='word_1_469' title='bbox 700 3626 739 3694; x_wconf 92' lang='grc'><strong>11</strong></span> <span class='ocrx_word' id='word_1_470' title='bbox 763 3620 861 3695; x_wconf 87' lang='lat' dir='ltr'><strong>huuc</strong></span> <span class='ocrx_word' id='word_1_471' title='bbox 886 3627 1017 3697; x_wconf 91' lang='lat' dir='ltr'><strong>intenti</strong></span> <span class='ocrx_word' id='word_1_472' title='bbox 1038 3629 1159 3699; x_wconf 85' lang='lat' dir='ltr'><strong>oeulos</strong></span> <span class='ocrx_word' id='word_1_473' title='bbox 1207 3631 1441 3715; x_wconf 87' lang='lat' dir='ltr'><strong>mittendum,</strong></span> <span class='ocrx_word' id='word_1_474' title='bbox 1474 3629 1571 3722; x_wconf 93' lang='lat' dir='ltr'><strong>quod</strong></span> <span class='ocrx_word' id='word_1_475' title='bbox 1598 3641 1766 3699; x_wconf 88' lang='lat' dir='ltr'><strong>nontam</strong></span> <span class='ocrx_word' id='word_1_476' title='bbox 1791 3629 1835 3697; x_wconf 91' lang='lat' dir='ltr'><strong>ad</strong></span> <span class='ocrx_word' id='word_1_477' title='bbox 1861 3627 1998 3717; x_wconf 91' lang='lat' dir='ltr'><strong>ipsum,</strong></span> <span class='ocrx_word' id='word_1_478' title='bbox 2029 3653 2137 3722; x_wconf 92' lang='lat' dir='ltr'><strong>quam</strong></span> <span class='ocrx_word' id='word_1_479' title='bbox 2153 3631 2199 3700; x_wconf 92' lang='lat' dir='ltr'><strong>ad</strong></span> 
     </span>
     <span class='ocr_line' id='line_1_35' title="bbox 167 3724 2198 3818; baseline 0.002 -25"><span class='ocrx_word' id='word_1_480' title='bbox 167 3746 209 3793; x_wconf 90' lang='lat' dir='ltr'><strong>ac</strong></span> <span class='ocrx_word' id='word_1_481' title='bbox 239 3733 397 3793; x_wconf 88' lang='lat' dir='ltr'><strong>mentem</strong></span> <span class='ocrx_word' id='word_1_482' title='bbox 424 3724 634 3813; x_wconf 87' lang='lat' dir='ltr'><strong>deligamus,</strong></span> <span class='ocrx_word' id='word_1_483' title='bbox 666 3741 702 3797; x_wconf 90' lang='lat' dir='ltr'><strong>et</strong></span> <span class='ocrx_word' id='word_1_484' title='bbox 735 3739 852 3797; x_wconf 87' lang='lat' dir='ltr'><strong>tamen</strong></span> <span class='ocrx_word' id='word_1_485' title='bbox 885 3729 1160 3801; x_wconf 87' lang='lat' dir='ltr'><strong>memineremns</strong></span> <span class='ocrx_word' id='word_1_486' title='bbox 1208 3732 1295 3800; x_wconf 84' lang='lat' dir='ltr'><strong>alios</strong></span> <span class='ocrx_word' id='word_1_487' title='bbox 1311 3733 1554 3800; x_wconf 90' lang='lat' dir='ltr'><strong>admonendos</strong></span> <span class='ocrx_word' id='word_1_488' title='bbox 1571 3729 1734 3818; x_wconf 90' lang='lat' dir='ltr'><strong>pertinet,</strong></span> <span class='ocrx_word' id='word_1_489' title='bbox 1756 3740 1797 3799; x_wconf 90' lang='lat' dir='ltr'><strong>ut</strong></span> <span class='ocrx_word' id='word_1_490' title='bbox 1811 3728 1923 3800; x_wconf 88' lang='lat' dir='ltr'><strong>sciant</strong></span> <span class='ocrx_word' id='word_1_491' title='bbox 1936 3725 2053 3798; x_wconf 90' lang='lat' dir='ltr'><strong>Deum</strong></span> <span class='ocrx_word' id='word_1_492' title='bbox 2068 3744 2104 3800; x_wconf 88' lang='grc'><strong>11</strong></span> <span class='ocrx_word' id='word_1_493' title='bbox 2118 3730 2198 3797; x_wconf 93' lang='lat' dir='ltr'><strong>viu-</strong></span> 
     </span>
     <span class='ocr_line' id='line_1_36' title="bbox 167 3824 2199 3921; baseline 0.002 -28"><span class='ocrx_word' id='word_1_494' title='bbox 167 3824 292 3919; x_wconf 89' lang='lat' dir='ltr'><strong>procul</strong></span> <span class='ocrx_word' id='word_1_495' title='bbox 310 3845 377 3893; x_wconf 92' lang='lat' dir='ltr'><strong>nos</strong></span> <span class='ocrx_word' id='word_1_496' title='bbox 398 3825 443 3894; x_wconf 90' lang='lat' dir='ltr'><strong>ab</strong></span> <span class='ocrx_word' id='word_1_497' title='bbox 466 3825 528 3894; x_wconf 91' lang='lat' dir='ltr'><strong>illa</strong></span> <span class='ocrx_word' id='word_1_498' title='bbox 551 3840 643 3896; x_wconf 90' lang='lat' dir='ltr'><strong>meta</strong></span> <span class='ocrx_word' id='word_1_499' title='bbox 663 3829 831 3921; x_wconf 90' lang='lat' dir='ltr'><strong>adquam</strong></span> <span class='ocrx_word' id='word_1_500' title='bbox 855 3830 1072 3901; x_wconf 88' lang='lat' dir='ltr'><strong>tendendum</strong></span> <span class='ocrx_word' id='word_1_501' title='bbox 1095 3843 1158 3915; x_wconf 86' lang='lat' dir='ltr'><strong>est,</strong></span> <span class='ocrx_word' id='word_1_502' title='bbox 1208 3832 1320 3901; x_wconf 91' lang='lat' dir='ltr'><strong>dicem</strong></span> <span class='ocrx_word' id='word_1_503' title='bbox 1337 3833 1496 3921; x_wconf 83' lang='lat' dir='ltr'><strong>futurum</strong></span> <span class='ocrx_word' id='word_1_504' title='bbox 1518 3825 1626 3921; x_wconf 83' lang='lat' dir='ltr'><strong>huius</strong></span> <span class='ocrx_word' id='word_1_505' title='bbox 1641 3829 1877 3911; x_wconf 87' lang='lat' dir='ltr'><strong>crudelitatis,</strong></span> <span class='ocrx_word' id='word_1_506' title='bbox 1902 3841 1939 3897; x_wconf 93' lang='lat' dir='ltr'><strong>et</strong></span> <span class='ocrx_word' id='word_1_507' title='bbox 1951 3829 2128 3899; x_wconf 81' lang='lat' dir='ltr'><strong>cumulate</strong></span> <span class='ocrx_word' id='word_1_508' title='bbox 2141 3852 2199 3897; x_wconf 90' lang='lat' dir='ltr'><strong>re·</strong></span> 
     </span>
     <span class='ocr_line' id='line_1_37' title="bbox 166 3922 2198 4023; baseline 0.002 -26"><span class='ocrx_word' id='word_1_509' title='bbox 166 3926 349 4010; x_wconf 81' lang='lat' dir='ltr'><strong>abesse,et</strong></span> <span class='ocrx_word' id='word_1_510' title='bbox 364 3922 705 4014; x_wconf 83' lang='lat' dir='ltr'><strong>oremusChristum,</strong></span> <span class='ocrx_word' id='word_1_511' title='bbox 722 3941 763 3999; x_wconf 90' lang='lat' dir='ltr'><strong>ut</strong></span> <span class='ocrx_word' id='word_1_512' title='bbox 778 3929 852 4021; x_wconf 91' lang='lat' dir='ltr'><strong>ipse</strong></span> <span class='ocrx_word' id='word_1_513' title='bbox 865 3933 1066 4001; x_wconf 89' lang='lat' dir='ltr'><strong>nosdocere</strong></span> <span class='ocrx_word' id='word_1_514' title='bbox 1079 3956 1161 4023; x_wconf 87' lang='lat' dir='ltr'><strong>per·</strong></span> <span class='ocrx_word' id='word_1_515' title='bbox 1208 3945 1475 4000; x_wconf 90' lang='lat' dir='ltr'><strong>muneraturum</strong></span> <span class='ocrx_word' id='word_1_516' title='bbox 1509 3931 1644 4013; x_wconf 90' lang='lat' dir='ltr'><strong>bonos,</strong></span> <span class='ocrx_word' id='word_1_517' title='bbox 1683 3928 1748 4017; x_wconf 93' lang='lat' dir='ltr'><strong>qui</strong></span> <span class='ocrx_word' id='word_1_518' title='bbox 1777 3939 1901 4015; x_wconf 91' lang='lat' dir='ltr'><strong>tegunt</strong></span> <span class='ocrx_word' id='word_1_519' title='bbox 1928 3950 1969 3997; x_wconf 89' lang='lat' dir='ltr'><strong>ac</strong></span> <span class='ocrx_word' id='word_1_520' title='bbox 1999 3928 2198 4001; x_wconf 82' lang='lat' dir='ltr'><strong>defenduut</strong></span> 
     </span>
     <span class='ocr_line' id='line_1_38' title="bbox 167 4024 2196 4122; baseline 0.003 -28"><span class='ocrx_word' id='word_1_521' title='bbox 167 4038 249 4116; x_wconf 88' lang='lat' dir='ltr'><strong>gat,</strong></span> <span class='ocrx_word' id='word_1_522' title='bbox 279 4029 579 4118; x_wconf 88' lang='lat' dir='ltr'><strong>quemadmodum</strong></span> <span class='ocrx_word' id='word_1_523' title='bbox 601 4042 652 4099; x_wconf 89' lang='lat' dir='ltr'><strong>est</strong></span> <span class='ocrx_word' id='word_1_524' title='bbox 673 4029 864 4122; x_wconf 89' lang='lat' dir='ltr'><strong>pollicitus.</strong></span> <span class='ocrx_word' id='word_1_525' title='bbox 902 4030 1074 4102; x_wconf 90' lang='lat' dir='ltr'><strong>Libenter</strong></span> <span class='ocrx_word' id='word_1_526' title='bbox 1095 4055 1160 4100; x_wconf 90' lang='lat' dir='ltr'><strong>au·</strong></span> <span class='ocrx_word' id='word_1_527' title='bbox 1208 4029 1395 4119; x_wconf 86' lang='lat' dir='ltr'><strong>Evangelii</strong></span> <span class='ocrx_word' id='word_1_528' title='bbox 1427 4031 1600 4101; x_wconf 88' lang='lat' dir='ltr'><strong>doctores.</strong></span> <span class='ocrx_word' id='word_1_529' title='bbox 1651 4026 1713 4100; x_wconf 87' lang='lat' dir='ltr'><strong>Sic</strong></span> <span class='ocrx_word' id='word_1_530' title='bbox 1744 4026 1841 4098; x_wconf 89' lang='lat' dir='ltr'><strong>euim</strong></span> <span class='ocrx_word' id='word_1_531' title='bbox 1872 4027 1993 4121; x_wconf 88' lang='lat' dir='ltr'><strong>inquit</strong></span> <span class='ocrx_word' id='word_1_532' title='bbox 2016 4024 2196 4101; x_wconf 87' lang='lat' dir='ltr'><strong>Christus:</strong></span> 
     </span>
     <span class='ocr_line' id='line_1_39' title="bbox 169 4126 2198 4224; baseline 0.002 -27"><span class='ocrx_word' id='word_1_533' title='bbox 169 4127 311 4197; x_wconf 89' lang='lat' dir='ltr'><strong>diamus</strong></span> <span class='ocrx_word' id='word_1_534' title='bbox 325 4131 410 4220; x_wconf 89' lang='lat' dir='ltr'><strong>quid</strong></span> <span class='ocrx_word' id='word_1_535' title='bbox 429 4129 491 4198; x_wconf 93' lang='lat' dir='ltr'><strong>alii</strong></span> <span class='ocrx_word' id='word_1_536' title='bbox 506 4131 683 4201; x_wconf 82' lang='lat' dir='ltr'><strong>exercitati</strong></span> <span class='ocrx_word' id='word_1_537' title='bbox 698 4130 868 4212; x_wconf 90' lang='lat' dir='ltr'><strong>iudicent,</strong></span> <span class='ocrx_word' id='word_1_538' title='bbox 895 4131 982 4224; x_wconf 91' lang='lat' dir='ltr'><strong>quid</strong></span> <span class='ocrx_word' id='word_1_539' title='bbox 996 4133 1160 4223; x_wconf 88' lang='lat' dir='ltr'><strong>probent,</strong></span> <span class='ocrx_word' id='word_1_540' title='bbox 1208 4128 1325 4201; x_wconf 85' lang='lat' dir='ltr'><strong>Arnen</strong></span> <span class='ocrx_word' id='word_1_541' title='bbox 1352 4128 1432 4199; x_wconf 88' lang='lat' dir='ltr'><strong>dico</strong></span> <span class='ocrx_word' id='word_1_542' title='bbox 1454 4129 1577 4214; x_wconf 92' lang='lat' dir='ltr'><strong>vobis,</strong></span> <span class='ocrx_word' id='word_1_543' title='bbox 1604 4128 1635 4197; x_wconf 88' lang='lat' dir='ltr'><strong>si</strong></span> <span class='ocrx_word' id='word_1_544' title='bbox 1658 4126 1738 4221; x_wconf 89' lang='lat' dir='ltr'><strong>quis</strong></span> <span class='ocrx_word' id='word_1_545' title='bbox 1761 4129 1900 4200; x_wconf 90' lang='lat' dir='ltr'><strong>dederit</strong></span> <span class='ocrx_word' id='word_1_546' title='bbox 1922 4142 2060 4199; x_wconf 85' lang='lat' dir='ltr'><strong>tantum</strong></span> <span class='ocrx_word' id='word_1_547' title='bbox 2085 4154 2198 4224; x_wconf 89' lang='lat' dir='ltr'><strong>aquae</strong></span> 
     </span>
     <span class='ocr_line' id='line_1_40' title="bbox 167 4226 2198 4327; baseline 0.002 -30"><span class='ocrx_word' id='word_1_548' title='bbox 167 4228 325 4297; x_wconf 88' lang='lat' dir='ltr'><strong>libenter</strong></span> <span class='ocrx_word' id='word_1_549' title='bbox 339 4244 374 4300; x_wconf 91' lang='lat' dir='ltr'><strong>et</strong></span> <span class='ocrx_word' id='word_1_550' title='bbox 387 4230 525 4323; x_wconf 88' lang='lat' dir='ltr'><strong>placide</strong></span> <span class='ocrx_word' id='word_1_551' title='bbox 542 4232 636 4301; x_wconf 95' lang='grc'><strong>11111</strong></span> <span class='ocrx_word' id='word_1_552' title='bbox 652 4255 718 4301; x_wconf 92' lang='lat' dir='ltr'><strong>uos</strong></span> <span class='ocrx_word' id='word_1_553' title='bbox 740 4233 962 4304; x_wconf 73' lang='lat' dir='ltr'><strong>conferamus</strong></span> <span class='ocrx_word' id='word_1_554' title='bbox 978 4234 1023 4303; x_wconf 90' lang='lat' dir='ltr'><strong>de</strong></span> <span class='ocrx_word' id='word_1_555' title='bbox 1038 4228 1159 4303; x_wconf 86' lang='lat' dir='ltr'><strong>Evan-</strong></span> <span class='ocrx_word' id='word_1_556' title='bbox 1207 4246 1331 4327; x_wconf 93' lang='lat' dir='ltr'><strong>potum</strong></span> <span class='ocrx_word' id='word_1_557' title='bbox 1353 4232 1418 4301; x_wconf 94' lang='lat' dir='ltr'><strong>uni</strong></span> <span class='ocrx_word' id='word_1_558' title='bbox 1443 4255 1483 4301; x_wconf 80' lang='lat' dir='ltr'><strong>ex</strong></span> <span class='ocrx_word' id='word_1_559' title='bbox 1506 4231 1668 4301; x_wconf 92' lang='lat' dir='ltr'><strong>minimis</strong></span> <span class='ocrx_word' id='word_1_560' title='bbox 1688 4226 1840 4317; x_wconf 84' lang='lat' dir='ltr'><strong>horum,</strong></span> <span class='ocrx_word' id='word_1_561' title='bbox 1865 4232 1904 4301; x_wconf 91' lang='lat' dir='ltr'><strong>iu</strong></span> <span class='ocrx_word' id='word_1_562' title='bbox 1928 4232 2073 4301; x_wconf 89' lang='lat' dir='ltr'><strong>nomine</strong></span> <span class='ocrx_word' id='word_1_563' title='bbox 2088 4234 2198 4305; x_wconf 88' lang='lat' dir='ltr'><strong>disci·</strong></span> 
     </span>
     <span class='ocr_line' id='line_1_41' title="bbox 161 4328 2198 4427; baseline 0.004 -30"><span class='ocrx_word' id='word_1_564' title='bbox 161 4329 282 4421; x_wconf 74' lang='lat' dir='ltr'><strong>¹gebo,</strong></span> <span class='ocrx_word' id='word_1_565' title='bbox 305 4340 341 4399; x_wconf 87' lang='lat' dir='ltr'><strong>et</strong></span> <span class='ocrx_word' id='word_1_566' title='bbox 355 4333 525 4423; x_wconf 89' lang='lat' dir='ltr'><strong>gratulari</strong></span> <span class='ocrx_word' id='word_1_567' title='bbox 541 4335 646 4403; x_wconf 90' lang='lat' dir='ltr'><strong>uobis</strong></span> <span class='ocrx_word' id='word_1_568' title='bbox 659 4331 726 4403; x_wconf 90' lang='lat' dir='ltr'><strong>Dei</strong></span> <span class='ocrx_word' id='word_1_569' title='bbox 742 4333 969 4419; x_wconf 89' lang='lat' dir='ltr'><strong>beneficium,</strong></span> <span class='ocrx_word' id='word_1_570' title='bbox 991 4358 1058 4405; x_wconf 87' lang='lat' dir='ltr'><strong>nos</strong></span> <span class='ocrx_word' id='word_1_571' title='bbox 1069 4358 1160 4427; x_wconf 91' lang='lat' dir='ltr'><strong>quo-</strong></span> <span class='ocrx_word' id='word_1_572' title='bbox 1206 4335 1303 4427; x_wconf 89' lang='lat' dir='ltr'><strong>puli,</strong></span> <span class='ocrx_word' id='word_1_573' title='bbox 1329 4358 1403 4403; x_wconf 90' lang='lat' dir='ltr'><strong>non</strong></span> <span class='ocrx_word' id='word_1_574' title='bbox 1419 4334 1540 4424; x_wconf 90' lang='lat' dir='ltr'><strong>perdet</strong></span> <span class='ocrx_word' id='word_1_575' title='bbox 1557 4334 1753 4402; x_wconf 87' lang='lat' dir='ltr'><strong>mercedem</strong></span> <span class='ocrx_word' id='word_1_576' title='bbox 1770 4355 1883 4405; x_wconf 87' lang='lat' dir='ltr'><strong>suam.</strong></span> <span class='ocrx_word' id='word_1_577' title='bbox 1932 4328 1982 4404; x_wconf 87' lang='lat' dir='ltr'><strong>Et</strong></span> <span class='ocrx_word' id='word_1_578' title='bbox 2002 4333 2041 4402; x_wconf 92' lang='grc'><strong>11</strong></span> <span class='ocrx_word' id='word_1_579' title='bbox 2056 4330 2198 4406; x_wconf 89' lang='lat' dir='ltr'><strong>Psalmo</strong></span> 
     </span>
     <span class='ocr_line' id='line_1_42' title="bbox 166 4426 2198 4529; baseline 0.003 -30"><span class='ocrx_word' id='word_1_580' title='bbox 166 4430 293 4525; x_wconf 87' lang='lat' dir='ltr'><strong>quein</strong></span> <span class='ocrx_word' id='word_1_581' title='bbox 307 4426 374 4502; x_wconf 90' lang='lat' dir='ltr'><strong>hac</strong></span> <span class='ocrx_word' id='word_1_582' title='bbox 389 4430 840 4520; x_wconf 86' lang='lat' dir='ltr'><strong>scholamerito&#39;debemus,</strong></span> <span class='ocrx_word' id='word_1_583' title='bbox 857 4436 896 4504; x_wconf 92' lang='grc'><strong>11</strong></span> <span class='ocrx_word' id='word_1_584' title='bbox 911 4458 993 4529; x_wconf 90' lang='lat' dir='ltr'><strong>qua,</strong></span> <span class='ocrx_word' id='word_1_585' title='bbox 1013 4449 1054 4507; x_wconf 91' lang='lat' dir='ltr'><strong>ut</strong></span> <span class='ocrx_word' id='word_1_586' title='bbox 1067 4432 1159 4509; x_wconf 91' lang='lat' dir='ltr'><strong>nihil</strong></span> <span class='ocrx_word' id='word_1_587' title='bbox 1208 4437 1377 4526; x_wconf 87' lang='lat' dir='ltr'><strong>scripturn</strong></span> <span class='ocrx_word' id='word_1_588' title='bbox 1402 4447 1470 4505; x_wconf 85' lang='lat' dir='ltr'><strong>est:</strong></span> <span class='ocrx_word' id='word_1_589' title='bbox 1501 4432 1632 4504; x_wconf 88' lang='lat' dir='ltr'><strong>Beatus</strong></span> <span class='ocrx_word' id='word_1_590' title='bbox 1652 4432 1714 4527; x_wconf 92' lang='lat' dir='ltr'><strong>qni</strong></span> <span class='ocrx_word' id='word_1_591' title='bbox 1735 4433 1903 4522; x_wconf 79' lang='lat' dir='ltr'><strong>intelligit</strong></span> <span class='ocrx_word' id='word_1_592' title='bbox 1922 4457 2029 4526; x_wconf 87' lang='lat' dir='ltr'><strong>super</strong></span> <span class='ocrx_word' id='word_1_593' title='bbox 2048 4460 2198 4528; x_wconf 88' lang='lat' dir='ltr'><strong>egenum</strong></span> 
     </span>
     <span class='ocr_line' id='line_1_43' title="bbox 157 4532 2199 4630; baseline 0.003 -26"><span class='ocrx_word' id='word_1_594' title='bbox 157 4532 267 4605; x_wconf 82' lang='lat' dir='ltr'><strong>-aliud</strong></span> <span class='ocrx_word' id='word_1_595' title='bbox 283 4532 410 4621; x_wconf 90' lang='lat' dir='ltr'><strong>dicam,</strong></span> <span class='ocrx_word' id='word_1_596' title='bbox 428 4538 490 4606; x_wconf 90' lang='lat' dir='ltr'><strong>ille</strong></span> <span class='ocrx_word' id='word_1_597' title='bbox 504 4532 690 4627; x_wconf 82' lang='lat' dir='ltr'><strong>Evangelii</strong></span> <span class='ocrx_word' id='word_1_598' title='bbox 703 4560 828 4629; x_wconf 91' lang='lat' dir='ltr'><strong>scopus</strong></span> <span class='ocrx_word' id='word_1_599' title='bbox 843 4538 1032 4627; x_wconf 86' lang='lat' dir='ltr'><strong>diligenter</strong></span> <span class='ocrx_word' id='word_1_600' title='bbox 1046 4538 1160 4630; x_wconf 84' lang='lat' dir='ltr'><strong>espli-</strong></span> <span class='ocrx_word' id='word_1_601' title='bbox 1208 4552 1242 4609; x_wconf 91' lang='lat' dir='ltr'><strong>et</strong></span> <span class='ocrx_word' id='word_1_602' title='bbox 1256 4561 1465 4629; x_wconf 89' lang='lat' dir='ltr'><strong>pauperem,</strong></span> <span class='ocrx_word' id='word_1_603' title='bbox 1490 4536 1528 4604; x_wconf 93' lang='grc'><strong>11</strong></span> <span class='ocrx_word' id='word_1_604' title='bbox 1544 4537 1603 4606; x_wconf 86' lang='grc'><strong>(111</strong></span> <span class='ocrx_word' id='word_1_605' title='bbox 1621 4536 1714 4605; x_wconf 91' lang='lat' dir='ltr'><strong>mala</strong></span> <span class='ocrx_word' id='word_1_606' title='bbox 1732 4535 1900 4607; x_wconf 88' lang='lat' dir='ltr'><strong>liberabit</strong></span> <span class='ocrx_word' id='word_1_607' title='bbox 1921 4560 2002 4606; x_wconf 89' lang='lat' dir='ltr'><strong>eum</strong></span> <span class='ocrx_word' id='word_1_608' title='bbox 2020 4539 2199 4611; x_wconf 89' lang='lat' dir='ltr'><strong>domiuus.</strong></span> 
     </span>
     <span class='ocr_line' id='line_1_44' title="bbox 158 4632 2200 4731; baseline 0.001 -25"><span class='ocrx_word' id='word_1_609' title='bbox 158 4646 273 4706; x_wconf 83' lang='lat' dir='ltr'><strong>catur</strong></span> <span class='ocrx_word' id='word_1_610' title='bbox 299 4647 336 4705; x_wconf 87' lang='lat' dir='ltr'><strong>et</strong></span> <span class='ocrx_word' id='word_1_611' title='bbox 362 4638 580 4721; x_wconf 88' lang='lat' dir='ltr'><strong>ostenditur,</strong></span> <span class='ocrx_word' id='word_1_612' title='bbox 610 4662 675 4708; x_wconf 94' lang='lat' dir='ltr'><strong>nec</strong></span> <span class='ocrx_word' id='word_1_613' title='bbox 705 4640 801 4709; x_wconf 87' lang='lat' dir='ltr'><strong>deest</strong></span> <span class='ocrx_word' id='word_1_614' title='bbox 826 4640 976 4709; x_wconf 80' lang='lat' dir='ltr'><strong>facultas</strong></span> <span class='ocrx_word' id='word_1_615' title='bbox 1000 4640 1158 4708; x_wconf 90' lang='lat' dir='ltr'><strong>discendi</strong></span> <span class='ocrx_word' id='word_1_616' title='bbox 1211 4639 1251 4709; x_wconf 93' lang='grc'><strong>11</strong></span> <span class='ocrx_word' id='word_1_617' title='bbox 1271 4636 1326 4709; x_wconf 89' lang='lat' dir='ltr'><strong>his</strong></span> <span class='ocrx_word' id='word_1_618' title='bbox 1351 4637 1535 4708; x_wconf 88' lang='lat' dir='ltr'><strong>sententiis</strong></span> <span class='ocrx_word' id='word_1_619' title='bbox 1551 4637 1705 4706; x_wconf 89' lang='lat' dir='ltr'><strong>ostendit</strong></span> <span class='ocrx_word' id='word_1_620' title='bbox 1722 4632 1837 4722; x_wconf 90' lang='lat' dir='ltr'><strong>Deus,</strong></span> <span class='ocrx_word' id='word_1_621' title='bbox 1861 4638 1989 4731; x_wconf 89' lang='lat' dir='ltr'><strong>quanti</strong></span> <span class='ocrx_word' id='word_1_622' title='bbox 2007 4639 2113 4709; x_wconf 87' lang='lat' dir='ltr'><strong>faciat</strong></span> <span class='ocrx_word' id='word_1_623' title='bbox 2136 4641 2200 4709; x_wconf 86' lang='lat' dir='ltr'><strong>be·</strong></span> 
     </span>
     <span class='ocr_line' id='line_1_45' title="bbox 166 4734 2200 4830; baseline 0.001 -23"><span class='ocrx_word' id='word_1_624' title='bbox 166 4735 285 4809; x_wconf 89' lang='lat' dir='ltr'><strong>bouis.</strong></span> <span class='ocrx_word' id='word_1_625' title='bbox 338 4734 502 4811; x_wconf 90' lang='lat' dir='ltr'><strong>Christus</strong></span> <span class='ocrx_word' id='word_1_626' title='bbox 525 4740 698 4830; x_wconf 88' lang='lat' dir='ltr'><strong>gubernet</strong></span> <span class='ocrx_word' id='word_1_627' title='bbox 730 4740 846 4810; x_wconf 88' lang='lat' dir='ltr'><strong>studia</strong></span> <span class='ocrx_word' id='word_1_628' title='bbox 881 4753 1019 4823; x_wconf 80' lang='lat' dir='ltr'><strong>nostra,</strong></span> <span class='ocrx_word' id='word_1_629' title='bbox 1052 4754 1088 4811; x_wconf 94' lang='lat' dir='ltr'><strong>et</strong></span> <span class='ocrx_word' id='word_1_630' title='bbox 1114 4743 1156 4809; x_wconf 91' lang='lat' dir='ltr'><strong>ad</strong></span> <span class='ocrx_word' id='word_1_631' title='bbox 1209 4741 1330 4810; x_wconf 86' lang='lat' dir='ltr'><strong>neficia</strong></span> <span class='ocrx_word' id='word_1_632' title='bbox 1349 4740 1517 4809; x_wconf 89' lang='lat' dir='ltr'><strong>collocata</strong></span> <span class='ocrx_word' id='word_1_633' title='bbox 1533 4738 1571 4806; x_wconf 85' lang='lat' dir='ltr'><strong>in</strong></span> <span class='ocrx_word' id='word_1_634' title='bbox 1584 4735 1770 4828; x_wconf 87' lang='lat' dir='ltr'><strong>Evangelii</strong></span> <span class='ocrx_word' id='word_1_635' title='bbox 1785 4740 1961 4811; x_wconf 88' lang='lat' dir='ltr'><strong>doctores:</strong></span> <span class='ocrx_word' id='word_1_636' title='bbox 1987 4762 2028 4808; x_wconf 91' lang='lat' dir='ltr'><strong>ac</strong></span> <span class='ocrx_word' id='word_1_637' title='bbox 2041 4740 2200 4810; x_wconf 89' lang='lat' dir='ltr'><strong>vicissim</strong></span> 
     </span>
     <span class='ocr_line' id='line_1_46' title="bbox 165 4833 2201 4934; baseline 0.001 -24"><span class='ocrx_word' id='word_1_638' title='bbox 165 4833 358 4927; x_wconf 82' lang='lat' dir='ltr'><strong>Evangelii</strong></span> <span class='ocrx_word' id='word_1_639' title='bbox 373 4840 539 4929; x_wconf 89' lang='lat' dir='ltr'><strong>gloriam,</strong></span> <span class='ocrx_word' id='word_1_640' title='bbox 565 4843 659 4911; x_wconf 89' lang='lat' dir='ltr'><strong>etad</strong></span> <span class='ocrx_word' id='word_1_641' title='bbox 674 4856 831 4911; x_wconf 90' lang='lat' dir='ltr'><strong>nostram</strong></span> <span class='ocrx_word' id='word_1_642' title='bbox 854 4856 886 4912; x_wconf 89' lang='lat' dir='ltr'><strong>et</strong></span> <span class='ocrx_word' id='word_1_643' title='bbox 916 4842 1076 4912; x_wconf 91' lang='lat' dir='ltr'><strong>omnium</strong></span> <span class='ocrx_word' id='word_1_644' title='bbox 1092 4838 1160 4912; x_wconf 90' lang='lat' dir='ltr'><strong>ho-</strong></span> <span class='ocrx_word' id='word_1_645' title='bbox 1207 4842 1380 4932; x_wconf 83' lang='lat' dir='ltr'><strong>significat</strong></span> <span class='ocrx_word' id='word_1_646' title='bbox 1391 4853 1561 4934; x_wconf 86' lang='lat' dir='ltr'><strong>tyrannos</strong></span> <span class='ocrx_word' id='word_1_647' title='bbox 1576 4842 1721 4909; x_wconf 89' lang='lat' dir='ltr'><strong>daturos</strong></span> <span class='ocrx_word' id='word_1_648' title='bbox 1736 4862 1810 4908; x_wconf 87' lang='lat' dir='ltr'><strong>esse</strong></span> <span class='ocrx_word' id='word_1_649' title='bbox 1825 4862 1954 4931; x_wconf 89' lang='lat' dir='ltr'><strong>poenas</strong></span> <span class='ocrx_word' id='word_1_650' title='bbox 1972 4860 2055 4910; x_wconf 90' lang='lat' dir='ltr'><strong>suae</strong></span> <span class='ocrx_word' id='word_1_651' title='bbox 2072 4843 2201 4911; x_wconf 89' lang='lat' dir='ltr'><strong>crude·</strong></span> 
     </span>
     <span class='ocr_line' id='line_1_47' title="bbox 166 4935 2203 5036; baseline 0.002 -28"><span class='ocrx_word' id='word_1_652' title='bbox 166 4936 309 5011; x_wconf 88' lang='lat' dir='ltr'><strong>minum</strong></span> <span class='ocrx_word' id='word_1_653' title='bbox 323 4942 483 5015; x_wconf 89' lang='lat' dir='ltr'><strong>salutem.</strong></span> <span class='ocrx_word' id='word_1_654' title='bbox 515 4940 606 5013; x_wconf 88' lang='lat' dir='ltr'><strong>Cum</strong></span> <span class='ocrx_word' id='word_1_655' title='bbox 622 4938 709 5012; x_wconf 91' lang='lat' dir='ltr'><strong>haec</strong></span> <span class='ocrx_word' id='word_1_656' title='bbox 722 4944 816 5013; x_wconf 90' lang='lat' dir='ltr'><strong>bona</strong></span> <span class='ocrx_word' id='word_1_657' title='bbox 832 4942 945 5014; x_wconf 92' lang='lat' dir='ltr'><strong>inslnt</strong></span> <span class='ocrx_word' id='word_1_658' title='bbox 959 4943 997 5011; x_wconf 93' lang='lat' dir='ltr'><strong>in</strong></span> <span class='ocrx_word' id='word_1_659' title='bbox 1014 4967 1159 5036; x_wconf 89' lang='lat' dir='ltr'><strong>promo·</strong></span> <span class='ocrx_word' id='word_1_660' title='bbox 1207 4944 1325 5013; x_wconf 89' lang='lat' dir='ltr'><strong>litatis.</strong></span> <span class='ocrx_word' id='word_1_661' title='bbox 1376 4935 1430 5011; x_wconf 80' lang='lat' dir='ltr'><strong>Ac</strong></span> <span class='ocrx_word' id='word_1_662' title='bbox 1443 4966 1500 5010; x_wconf 90' lang='lat' dir='ltr'><strong>me</strong></span> <span class='ocrx_word' id='word_1_663' title='bbox 1515 4940 1658 5035; x_wconf 91' lang='lat' dir='ltr'><strong>quidem</strong></span> <span class='ocrx_word' id='word_1_664' title='bbox 1676 4940 1855 5010; x_wconf 90' lang='lat' dir='ltr'><strong>interdum</strong></span> <span class='ocrx_word' id='word_1_665' title='bbox 1873 4941 2085 5030; x_wconf 87' lang='lat' dir='ltr'><strong>cogitantem</strong></span> <span class='ocrx_word' id='word_1_666' title='bbox 2103 4957 2138 5013; x_wconf 90' lang='lat' dir='ltr'><strong>et</strong></span> <span class='ocrx_word' id='word_1_667' title='bbox 2156 4945 2203 5013; x_wconf 89' lang='lat' dir='ltr'><strong>de</strong></span> 
     </span>
     <span class='ocr_line' id='line_1_48' title="bbox 167 5038 2204 5141; baseline 0.001 -29"><span class='ocrx_word' id='word_1_668' title='bbox 167 5038 291 5127; x_wconf 88' lang='lat' dir='ltr'><strong>tione,</strong></span> <span class='ocrx_word' id='word_1_669' title='bbox 315 5043 523 5135; x_wconf 89' lang='lat' dir='ltr'><strong>praesertim</strong></span> <span class='ocrx_word' id='word_1_670' title='bbox 541 5044 582 5113; x_wconf 92' lang='lat' dir='ltr'><strong>in</strong></span> <span class='ocrx_word' id='word_1_671' title='bbox 596 5039 662 5115; x_wconf 92' lang='lat' dir='ltr'><strong>hac</strong></span> <span class='ocrx_word' id='word_1_672' title='bbox 682 5040 822 5130; x_wconf 90' lang='lat' dir='ltr'><strong>schola,</strong></span> <span class='ocrx_word' id='word_1_673' title='bbox 847 5068 952 5114; x_wconf 91' lang='lat' dir='ltr'><strong>nemo</strong></span> <span class='ocrx_word' id='word_1_674' title='bbox 967 5068 1093 5130; x_wconf 90' lang='lat' dir='ltr'><strong>sanus,</strong></span> <span class='ocrx_word' id='word_1_675' title='bbox 1119 5059 1161 5115; x_wconf 91' lang='lat' dir='ltr'><strong>ut</strong></span> <span class='ocrx_word' id='word_1_676' title='bbox 1207 5042 1399 5138; x_wconf 91' lang='lat' dir='ltr'><strong>principis,</strong></span> <span class='ocrx_word' id='word_1_677' title='bbox 1424 5058 1459 5114; x_wconf 90' lang='lat' dir='ltr'><strong>et</strong></span> <span class='ocrx_word' id='word_1_678' title='bbox 1473 5045 1518 5113; x_wconf 92' lang='lat' dir='ltr'><strong>de</strong></span> <span class='ocrx_word' id='word_1_679' title='bbox 1535 5056 1651 5113; x_wconf 89' lang='lat' dir='ltr'><strong>vestro</strong></span> <span class='ocrx_word' id='word_1_680' title='bbox 1677 5044 1855 5136; x_wconf 89' lang='lat' dir='ltr'><strong>totiusque</strong></span> <span class='ocrx_word' id='word_1_681' title='bbox 1873 5044 2013 5141; x_wconf 87' lang='lat' dir='ltr'><strong>reipub.</strong></span> <span class='ocrx_word' id='word_1_682' title='bbox 2027 5045 2204 5136; x_wconf 91' lang='lat' dir='ltr'><strong>periculo,</strong></span> 
     </span>
     <span class='ocr_line' id='line_1_49' title="bbox 165 5140 2205 5238; baseline 0.001 -27"><span class='ocrx_word' id='word_1_683' title='bbox 165 5163 295 5235; x_wconf 86' lang='lat' dir='ltr'><strong>spero,</strong></span> <span class='ocrx_word' id='word_1_684' title='bbox 320 5146 509 5216; x_wconf 88' lang='lat' dir='ltr'><strong>consilium</strong></span> <span class='ocrx_word' id='word_1_685' title='bbox 526 5158 688 5217; x_wconf 91' lang='lat' dir='ltr'><strong>nostrum</strong></span> <span class='ocrx_word' id='word_1_686' title='bbox 704 5146 742 5215; x_wconf 87' lang='grc'><strong>11</strong></span> <span class='ocrx_word' id='word_1_687' title='bbox 763 5140 820 5215; x_wconf 90' lang='lat' dir='ltr'><strong>his</strong></span> <span class='ocrx_word' id='word_1_688' title='bbox 835 5148 1087 5238; x_wconf 90' lang='lat' dir='ltr'><strong>promovendis</strong></span> <span class='ocrx_word' id='word_1_689' title='bbox 1102 5170 1160 5216; x_wconf 90' lang='lat' dir='ltr'><strong>re-</strong></span> <span class='ocrx_word' id='word_1_690' title='bbox 1206 5148 1310 5216; x_wconf 89' lang='lat' dir='ltr'><strong>valde</strong></span> <span class='ocrx_word' id='word_1_691' title='bbox 1324 5146 1553 5215; x_wconf 88' lang='lat' dir='ltr'><strong>consolantur</strong></span> <span class='ocrx_word' id='word_1_692' title='bbox 1574 5140 1640 5215; x_wconf 88' lang='lat' dir='ltr'><strong>hae</strong></span> <span class='ocrx_word' id='word_1_693' title='bbox 1662 5146 1874 5233; x_wconf 88' lang='lat' dir='ltr'><strong>sententiae,</strong></span> <span class='ocrx_word' id='word_1_694' title='bbox 1894 5158 1928 5216; x_wconf 94' lang='lat' dir='ltr'><strong>et</strong></span> <span class='ocrx_word' id='word_1_695' title='bbox 1950 5144 1989 5215; x_wconf 93' lang='lat' dir='ltr'><strong>in</strong></span> <span class='ocrx_word' id='word_1_696' title='bbox 2013 5168 2110 5237; x_wconf 93' lang='lat' dir='ltr'><strong>spem</strong></span> <span class='ocrx_word' id='word_1_697' title='bbox 2127 5146 2205 5214; x_wconf 89' lang='lat' dir='ltr'><strong>eri-</strong></span> 
     </span>
     <span class='ocr_line' id='line_1_50' title="bbox 163 5239 2206 5342; baseline -0 -28"><span class='ocrx_word' id='word_1_698' title='bbox 163 5239 379 5335; x_wconf 81' lang='lat' dir='ltr'><strong>prebendet.</strong></span> <span class='ocrx_word' id='word_1_699' title='bbox 438 5244 486 5318; x_wconf 79' lang='lat' dir='ltr'><strong>Et</strong></span> <span class='ocrx_word' id='word_1_700' title='bbox 512 5248 719 5342; x_wconf 83' lang='lat' dir='ltr'><strong>intelligunt</strong></span> <span class='ocrx_word' id='word_1_701' title='bbox 750 5247 804 5317; x_wconf 91' lang='lat' dir='ltr'><strong>illi</strong></span> <span class='ocrx_word' id='word_1_702' title='bbox 829 5248 916 5339; x_wconf 89' lang='lat' dir='ltr'><strong>ipsi,</strong></span> <span class='ocrx_word' id='word_1_703' title='bbox 947 5249 1077 5341; x_wconf 90' lang='lat' dir='ltr'><strong>quibus</strong></span> <span class='ocrx_word' id='word_1_704' title='bbox 1100 5244 1159 5318; x_wconf 91' lang='grc'><strong>1111</strong></span> <span class='ocrx_word' id='word_1_705' title='bbox 1208 5263 1313 5336; x_wconf 79' lang='lat' dir='ltr'><strong>gram,</strong></span> <span class='ocrx_word' id='word_1_706' title='bbox 1335 5261 1376 5318; x_wconf 91' lang='lat' dir='ltr'><strong>ut</strong></span> <span class='ocrx_word' id='word_1_707' title='bbox 1392 5248 1566 5316; x_wconf 83' lang='lat' dir='ltr'><strong>confidam</strong></span> <span class='ocrx_word' id='word_1_708' title='bbox 1581 5247 1678 5331; x_wconf 88' lang='lat' dir='ltr'><strong>fore,</strong></span> <span class='ocrx_word' id='word_1_709' title='bbox 1702 5261 1743 5316; x_wconf 93' lang='lat' dir='ltr'><strong>ut</strong></span> <span class='ocrx_word' id='word_1_710' title='bbox 1759 5244 1855 5317; x_wconf 90' lang='lat' dir='ltr'><strong>Deus</strong></span> <span class='ocrx_word' id='word_1_711' title='bbox 1872 5246 2064 5318; x_wconf 90' lang='lat' dir='ltr'><strong>clementer</strong></span> <span class='ocrx_word' id='word_1_712' title='bbox 2079 5248 2206 5316; x_wconf 87' lang='lat' dir='ltr'><strong>defen-</strong></span> 
     </span>
    </p>
   </div>
   <div class='ocr_carea' id='block_1_7' title="bbox 162 5338 2204 5521">
    <p class='ocr_par' dir='ltr' id='par_1_7' title="bbox 162 5338 2204 5521">
     <span class='ocr_line' id='line_1_51' title="bbox 162 5338 2204 5521; baseline -0.002 -104"><span class='ocrx_word' id='word_1_713' title='bbox 162 5338 284 5419; x_wconf 81' lang='lat' dir='ltr'><strong>bouos</strong></span> <span class='ocrx_word' id='word_1_714' title='bbox 305 5350 526 5432; x_wconf 88' lang='lat' dir='ltr'><strong>decernitur,</strong></span> <span class='ocrx_word' id='word_1_715' title='bbox 551 5344 648 5420; x_wconf 91' lang='lat' dir='ltr'><strong>huuc</strong></span> <span class='ocrx_word' id='word_1_716' title='bbox 668 5372 742 5421; x_wconf 90' lang='lat' dir='ltr'><strong>esse</strong></span> <span class='ocrx_word' id='word_1_717' title='bbox 758 5350 894 5421; x_wconf 90' lang='lat' dir='ltr'><strong>aditum</strong></span> <span class='ocrx_word' id='word_1_718' title='bbox 909 5372 984 5420; x_wconf 91' lang='lat' dir='ltr'><strong>nou</strong></span> <span class='ocrx_word' id='word_1_719' title='bbox 997 5351 1041 5421; x_wconf 91' lang='lat' dir='ltr'><strong>ad</strong></span> <span class='ocrx_word' id='word_1_720' title='bbox 1065 5373 1160 5442; x_wconf 90' lang='lat' dir='ltr'><strong>opes,</strong></span> <span class='ocrx_word' id='word_1_721' title='bbox 1208 5352 1269 5422; x_wconf 87' lang='lat' dir='ltr'><strong>dat</strong></span> <span class='ocrx_word' id='word_1_722' title='bbox 1291 5349 1507 5445; x_wconf 88' lang='lat' dir='ltr'><strong>principem,</strong></span> <span class='ocrx_word' id='word_1_723' title='bbox 1539 5372 1580 5418; x_wconf 90' lang='lat' dir='ltr'><strong>ac</strong></span> <span class='ocrx_word' id='word_1_724' title='bbox 1599 5361 1711 5521; x_wconf 60' lang='lat' dir='ltr'><strong>qqtpm</strong></span> <span class='ocrx_word' id='word_1_725' title='bbox 1733 5346 1861 5442; x_wconf 85' lang='lat' dir='ltr'><strong>Remp.</strong></span> <span class='ocrx_word' id='word_1_726' title='bbox 1912 5345 1962 5421; x_wconf 88' lang='lat' dir='ltr'><strong>Et</strong></span> <span class='ocrx_word' id='word_1_727' title='bbox 1983 5349 2013 5419; x_wconf 91' lang='lat' dir='ltr'><strong>si</strong></span> <span class='ocrx_word' id='word_1_728' title='bbox 2036 5349 2204 5417; x_wconf 88' lang='lat' dir='ltr'><strong>volumus</strong></span> 
     </span>
    </p>
   </div>
   <div class='ocr_carea' id='block_1_8' title="bbox 0 0 2371 6026">
    <p class='ocr_par' dir='ltr' id='par_1_8' title="bbox 0 0 2371 6026">
     <span class='ocr_line' id='line_1_52' title="bbox 0 0 2371 6026; baseline 0 0"><span class='ocrx_word' id='word_1_729' title='bbox 0 0 2371 6026; x_wconf 95' lang='lat' dir='ltr'><strong> </strong></span> 
     </span>
    </p>
   </div>
  </div>
 </body>
</html>
