4732 6030
232 233 305 308 14⁷

167 460 172 467 -
229 410 291 479 sed
316 420 489 501 quantum
515 407 664 500 quisque
690 416 822 496 potest,
855 419 1097 476 monstrosum
1126 405 1222 479 tacit.

230 508 284 581 Ac
301 524 378 581 tum
395 512 536 581 demum
552 509 618 576 sibi
632 510 739 577 sortes
754 508 842 591 viri,
868 521 944 578 tum
962 522 1133 600 satrapae,
1159 509 1223 577 de-

230 613 341 706 nique
363 614 466 704 plane
486 610 578 678 beati
601 610 787 695 videntur,
812 633 892 680 cum
914 611 1066 680 maxime
1087 634 1222 679 novum

230 711 393 785 habitum
420 713 639 804 maximeque
669 708 919 782 abhorrentem
950 713 996 783 ab
1023 713 1135 782 oculis
1155 713 1222 781 bo-

230 839 358 887 norum
382 815 539 883 virorum
566 815 820 904 excogitarunt.
874 811 1054 902 Quasdam
1079 816 1222 896 formas,

230 918 313 1013 quia
337 941 411 985 non
431 938 576 1007 possum
597 920 794 986 verecunde
827 918 1033 1001 nominare,
1066 929 1221 1007 praeter-

229 1021 345 1089 mitto.
384 1016 485 1088 Esset
500 1019 594 1086 enim
611 1021 807 1110 optandum
828 1034 870 1088 ut
883 1021 1054 1089 abderent
1072 1042 1112 1088 ac
1128 1034 1223 1107 tege-

229 1135 309 1191 rent
327 1121 532 1210 diligentius
546 1142 602 1189 eas
616 1134 750 1212 partes,
778 1144 865 1214 quas
882 1135 1009 1191 natura
1024 1122 1099 1212 ipsa
1119 1121 1223 1190 abdi-

229 1226 301 1308 dit,
326 1247 371 1292 ne
387 1223 425 1291 in
444 1237 610 1315 promptu
626 1225 778 1314 positae,
805 1223 989 1294 ambitiose
1004 1247 1039 1292 se
1056 1224 1222 1292 ostende-

229 1340 320 1400 rent.
366 1323 448 1397 Non
463 1325 694 1413 neglexerunt
711 1320 803 1394 hanc
820 1341 955 1416 partem
972 1324 1222 1417 sapientissimi

229 1428 477 1519 legumlatores
496 1428 535 1494 in
554 1423 700 1496 Graecis
717 1427 933 1497 civitatibus.
975 1426 1110 1498 Scribit
1124 1427 1221 1496 enim

228 1525 434 1621 Xenophon
452 1528 489 1596 in
505 1528 679 1600 institutis
688 1528 1062 1614 Lacedaemoniorum,
1087 1528 1222 1622 Lycur-

228 1656 312 1723 gum
337 1630 571 1722 praecepisse,
599 1645 638 1701 ut
655 1632 753 1724 pueri
774 1632 812 1699 in
836 1632 999 1723 publico,
1024 1655 1151 1701 manus
1165 1632 1223 1698 in-

228 1753 282 1807 tra
298 1748 409 1803 vestes
423 1734 663 1819 continerent,
688 1747 728 1804 ut
743 1734 843 1803 taciti
857 1735 1071 1817 incederent,
1090 1757 1136 1802 ne
1152 1733 1222 1801 cir-

228 1848 524 1927 cumspectarem,
550 1859 615 1904 nec
639 1837 832 1905 deiicerent
853 1836 973 1905 oculos
991 1836 1036 1904 ab
1060 1831 1222 1928 hisquae

228 1954 312 2011 ante
339 1940 444 2030 pedes
466 1951 592 2007 essent.
650 1933 699 2008 Et
720 1938 864 2030 quidem
894 1933 980 2006 haec
1013 1959 1221 2026 magnarum

228 2043 403 2114 virtutum
427 2040 602 2134 tyrocinia
619 2040 791 2132 quaedam
814 2063 887 2108 esse
905 2038 1122 2110 existimant:
1158 2038 1222 2108 Ait

228 2145 324 2214 enim
349 2137 553 2234 Xenophon
578 2141 659 2212 ideo
689 2137 777 2211 haec
800 2141 962 2212 instituta
990 2164 1082 2224 esse,
1115 2153 1156 2210 ut
1176 2141 1222 2209 ad

227 2246 489 2329 verecundiam,
516 2247 689 2337 pudorem
706 2267 745 2314 ac
760 2245 968 2314 modestiam
983 2266 1002 2312 a
1019 2242 1134 2334 prima
1149 2255 1223 2312 sta-

227 2349 292 2419 tim
317 2347 466 2439 pueritia
487 2347 730 2416 adsueberent.
781 2344 926 2435 Quanto
942 2346 1052 2434 magis
1075 2367 1141 2413 nos
1159 2342 1243 2436 qui.

226 2452 264 2519 in
280 2445 418 2520 scholas
440 2448 540 2517 missi
563 2471 701 2531 sumus,
726 2461 856 2517 utnon
879 2449 987 2517 modo
1005 2447 1125 2516 literas
1140 2469 1221 2536 per-

227 2554 441 2644 ciperemus,
466 2552 527 2618 sed
550 2562 590 2621 ut
612 2548 801 2619 adomnia
823 2544 969 2619 honesta
987 2549 1101 2618 officia
1117 2548 1222 2617 insti-

227 2653 432 2724 tueremur?
464 2648 560 2721 Haec
576 2651 792 2721 incunabula
806 2653 1008 2736 modestiae,
1036 2651 1075 2745 in
1089 2652 1221 2721 vestitu

227 2770 333 2848 atque
355 2756 495 2824 incessu
518 2775 658 2822 servare
674 2739 842 2844 oportuit.
894 2752 1030 2823 Verum
1047 2754 1131 2846 quid
1153 2748 1221 2822 hoc

226 2858 377 2928 monstri
398 2870 469 2940 est,
500 2856 597 2925 aliud
619 2856 732 2925 oratio
754 2852 1064 2939 scholasticorum,
1096 2855 1221 2945 dispu-

225 2961 378 3031 tantium
393 2961 437 3028 de
459 2952 617 3028 honestis
637 2958 782 3043 officiis,
805 2958 904 3027 aliud
919 2958 1025 3047 vestis
1050 2956 1220 3051 loquitur,

227 3086 316 3157 quae
333 3085 506 3130 summam
531 3060 787 3150 impudentiam
810 3061 1037 3151 praesefert
1090 3058 1221 3129 Plane-

226 3188 296 3258 que
317 3163 430 3231 miror
446 3162 531 3254 quid
556 3163 629 3231 illis
649 3162 688 3230 in
710 3176 864 3232 mentem
886 3164 1027 3247 veniat,
1053 3186 1134 3232 cum
1159 3186 1219 3231 co-

225 3268 340 3357 gitant
363 3276 536 3357 qnantum
562 3287 582 3331 a
606 3286 643 3331 se
664 3264 733 3354 ipsi
753 3264 980 3345 dissentiant,
1012 3288 1118 3357 quam
1144 3288 1219 3333 nou

226 3368 415 3440 conveniat
432 3367 476 3435 ad
494 3365 689 3435 orationem
707 3388 824 3450 suam,
850 3367 894 3434 ad
918 3366 1055 3450 studia,
1079 3362 1136 3436 hie
1154 3360 1219 3434 ha-

226 3472 333 3543 bitus.
385 3467 425 3539 si
449 3468 488 3536 in
509 3491 611 3537 scena
637 3467 797 3558 prodiret
824 3492 904 3537 cum
929 3462 1054 3537 habitu
1078 3489 1219 3538 scurrae

227 3572 492 3662 Agamemnon,
524 3594 629 3639 nemo
652 3592 726 3639 non
751 3570 1005 3641 vociferaretur
1024 3569 1129 3640 illum
1150 3568 1218 3639 Hi-

225 3675 397 3751 strionem
414 3673 534 3742 decori
547 3673 697 3742 oblitum
714 3694 800 3756 esse,
823 3673 957 3741 nescire
971 3694 1107 3753 scenae,
1122 3673 1218 3766 quod

104 3842 106 3847 .
225 3779 346 3859 aiunt,
380 3775 528 3845 servire:
561 3788 634 3846 tam
663 3797 803 3844 morose
831 3775 1027 3844 iudicamus
1049 3774 1217 3845 inludis.

226 3878 325 3969 Quid
342 3878 473 3970 putatis
489 3900 611 3967 graves
625 3876 721 3948 viros
745 3877 900 3948 iudicare
915 3878 952 3945 in
977 3877 1076 3945 seriis
1100 3879 1218 3962 rebus,

225 3996 398 4077 quantum
415 3976 499 4051 huic
520 4003 643 4050 scenae
656 4003 722 4050 nos
744 3980 876 4049 servire
892 3981 1022 4065 velint,
1047 3981 1086 4048 in
1100 4005 1218 4075 quam,

199 4082 308 4179 ,quia
326 4084 451 4153 ludum
470 4077 567 4151 hunc
581 4105 672 4164 csse,
698 4105 772 4149 non
795 4084 903 4151 modo
929 4083 1132 4177 literarum,
1157 4084 1217 4153 sed

225 4185 387 4256 omnium
425 4182 598 4252 virtutum
640 4182 946 4273 percipiendarum
988 4185 1218 4269 arbitrantur,

97 4348 101 4355 .
225 4287 307 4356 ideo
323 4283 465 4354 deducti
480 4306 618 4369 sumus,
644 4297 684 4354 nt
700 4278 784 4352 hinc
799 4283 932 4374 optima
949 4284 1138 4376 disciplina
1153 4289 1217 4354 ad-

225 4387 370 4461 suefacti
384 4387 497 4455 bonos
514 4409 630 4455 mores
646 4386 689 4453 ad
703 4383 881 4478 Rempub.
899 4384 1094 4456 afferamus.
1145 4386 1216 4458 Sed

225 4493 345 4587 quales
363 4511 478 4558 mores
493 4488 652 4557 adferent
670 4487 723 4555 illi
740 4489 782 4556 ad
799 4484 958 4579 Respub.
970 4487 1033 4581 qui
1048 4501 1216 4581 tanquam

224 4595 263 4665 in
286 4591 526 4683 impudentiae
542 4591 629 4660 ludo
647 4591 775 4660 versati
793 4605 928 4674 essent,
954 4590 1086 4662 iudicia
1101 4592 1216 4663 bono-

225 4722 304 4768 rum
325 4697 493 4764 virorum·
507 4706 736 4764 contemnere
757 4708 1036 4778 consueverunt,
1062 4694 1125 4788 qui
1150 4718 1218 4785 pu·

225 4802 348 4870 dorem
364 4812 398 4868 et
407 4797 658 4868 verecundiam
672 4795 813 4887 penitus
827 4821 868 4865 ex
882 4795 1012 4866 animis
1028 4797 1217 4879 eiecerunt,

224 4902 287 4996 qui
298 4902 417 4991 legum
433 4913 530 4970 metu
546 4897 718 4990 deposito,
735 4899 841 4968 licere
856 4899 925 4967 sibi
939 4898 1113 4992 quidquid
1130 4900 1218 4972 libet

224 5003 451 5075 existimant?
502 4999 620 5074 Multa
643 5001 756 5086 enim,
786 5015 825 5072 ut
847 5000 940 5085 dixi,
965 5001 1051 5069 vitia
1068 5002 1131 5072 alit
1154 5003 1216 5073 illa

223 5108 437 5199 ineptiarum
455 5104 654 5177 adfectatio.
687 5101 806 5192 Quam
825 5126 921 5193 spem
934 5105 979 5171 de
995 5127 1031 5172 se
1048 5105 1217 5195 praebere

222 5211 328 5282 bonis
345 5206 430 5276 viris
445 5219 557 5296 potest
573 5206 625 5290 is,
651 5204 713 5298 qui
733 5206 772 5273 in
787 5205 900 5296 prima
913 5206 1065 5297 pueritia
1079 5207 1217 5297 legibus

224 5339 260 5384 se
282 5308 464 5386 coherceri
484 5323 592 5401 atque
613 5307 803 5398 gubernari
826 5331 900 5378 non
916 5323 968 5380 est
990 5330 1131 5399 passus,
1154 5311 1215 5380 sed

220 5419 288 5510 qui
317 5431 488 5509 tanquam
520 5406 747 5506 tyrannidem
777 5423 930 5498 teneret,
971 5433 1037 5482 sno
1063 5411 1215 5483 arbitrio

914 320 917 325 ,
956 228 1230 308 onennn
1262 205 1538 308 vnsrrru

2197 238 2271 315 tte

1275 407 1422 488 vestire,
1453 431 1517 478 suo
1540 430 1639 475 more
1660 405 1780 473 vivere
1803 403 1943 476 voluit?
1974 404 2089 477 Nemo
2108 410 2268 501 profecto

1275 508 1376 577 illum
1403 509 1442 577 in
1466 510 1538 578 ulla
1560 510 1652 578 vitae
1674 520 1773 598 parte
1797 509 2040 594 moderatum,
2066 525 2127 581 aut
2152 514 2269 603 legum

1275 624 1490 682 metuentem
1506 613 1582 680 fore
1596 612 1726 682 credet.
1776 605 1826 679 Et
1843 604 1909 679 hac
1926 612 2147 703 impudentia
2163 618 2273 705 pleri-

1275 737 1343 806 que
1366 726 1449 784 sunt
1465 715 1527 805 qui
1551 738 1593 784 ex
1618 707 1748 782 scholis
1772 725 1913 801 postea,
1945 736 2021 783 non
2038 730 2176 786 tantum
2194 743 2270 787 am-

1274 815 1379 883 biunt
1402 815 1745 886 administrationem
1768 813 1971 900 civitatum,
1995 819 2055 885 sed
2072 816 2268 890 multoho-

1274 918 1465 986 nestiorem
1504 917 1726 1008 provinciam
1765 917 1946 985 docendae
1984 920 2186 1008 religionis,
2226 927 2272 991 ad

1275 1042 1380 1112 quam
1408 1019 1547 1088 adferre
1580 1019 1795 1107 singularem
1829 1021 2037 1089 modestiam
2071 1025 2271 1113 oportebat.

1273 1121 1410 1191 Audivi
1433 1120 1471 1189 in
1497 1134 1589 1190 terra
1606 1119 1755 1191 Sueviea
1777 1119 1980 1213 Principem
2003 1123 2110 1192 fuisse
2133 1149 2271 1198 summa

1274 1223 1462 1315 prudentia
1479 1247 1518 1292 ac
1532 1224 1660 1315 pietate
1673 1222 1884 1314 praeditum,
1904 1220 2127 1296 Eberardum
2136 1225 2273 1298 Barba-

1274 1338 1368 1410 tum,
1395 1326 1444 1394 sic
1466 1326 1561 1394 enim
1586 1338 1731 1411 vocant3
1758 1319 1917 1395 adhunc
1939 1328 2041 1398 aiunt
2054 1329 2192 1399 venisse
2214 1331 2272 1401 iu-

1274 1451 1399 1496 venem
1417 1429 1594 1522 quendam
1610 1440 1787 1518 petentem
1804 1429 2053 1513 sacerdotium,
2078 1431 2171 1502 forte
2187 1427 2273 1504 huic

1274 1544 1400 1600 ventus
1416 1532 1554 1621 aperuit
1576 1543 1726 1616 vestem,
1750 1542 1790 1599 ut
1806 1529 1942 1600 videret
1955 1529 2126 1623 Princeps
2147 1534 2272 1605 scissas

1275 1631 1423 1703 militari
1446 1656 1546 1701 more
1570 1632 1710 1721 caligas.
1763 1628 1805 1698 ld
1827 1655 1923 1700 nunc
1937 1656 2043 1703 nemo
2059 1649 2175 1725 tegere
2195 1651 2272 1707 stu-

1275 1735 1351 1819 det,
1376 1747 1475 1805 tanta
1490 1749 1541 1805 est
1558 1733 1798 1823 impudentia,
1825 1733 1862 1801 in
1879 1734 1942 1804 illo
1965 1758 2065 1805 casus
2080 1751 2271 1809 retexerat:

1275 1836 1327 1904 ibi
1341 1834 1529 1926 Princeps,
1551 1848 1592 1906 ut
1612 1849 1687 1906 erat
1709 1834 1901 1906 acerrimus
1919 1850 2061 1908 exactor
2081 1853 2270 1933 custosque

1274 1938 1486 2029 disciplinae
1507 1961 1669 2022 morum,
1702 1938 1752 2007 ita
1775 1951 1973 2008 commotus
1996 1954 2067 2025 est,
2090 1955 2131 2012 ut
2152 1966 2271 2035 quan-

1275 2064 1380 2133 quam
1396 2041 1498 2133 loqui
1512 2039 1640 2109 Latine
1662 2062 1735 2108 non
1758 2040 1903 2124 soleret,
1928 2053 2046 2111 tamen
2062 2042 2115 2112 ira
2132 2045 2165 2112 ei
2182 2037 2269 2114 haec

1274 2145 1382 2210 verba
1408 2141 1630 2233 expresserit:
1659 2139 1755 2211 Vade
1779 2142 1843 2214 ira.
1895 2141 1955 2212 Sic
1979 2144 2101 2226 illum,
2129 2146 2212 2239 quia
2237 2148 2270 2215 ei

1274 2258 1494 2314 succenseret
1509 2268 1528 2313 e
1543 2258 1736 2336 conspectu
1748 2267 1813 2312 suo
1829 2245 1929 2314 abire
1948 2247 2064 2320 iussit,
2112 2245 2166 2318 Ae
2189 2264 2270 2322 tan-

1274 2360 1349 2417 tum
1372 2347 1502 2430 abfuit,
1534 2360 1575 2416 ut
1599 2346 1835 2417 sacerdotium
1859 2349 2056 2433 conferret,
2094 2364 2135 2420 ut
2160 2352 2269 2420 etiam

1273 2444 1502 2519 vehementer
1523 2447 1751 2538 obiurgatum
1769 2448 1964 2537 dimiserit,
1986 2452 2082 2545 quod
2104 2451 2142 2519 in
2158 2450 2269 2522 Prin-

1274 2550 1363 2642 cipis
1378 2563 1603 2642 conspectum
1623 2552 1745 2620 venire
1762 2576 1843 2621 cum
1858 2575 1999 2623 scurrae
2014 2549 2149 2637 habitu,
2171 2556 2268 2646 quod

1272 2653 1408 2723 ambire
1423 2653 1658 2723 sacerdotium
1673 2676 1780 2724 ausus
1796 2668 1894 2736 esset,
1913 2679 1994 2725 cum
2009 2650 2074 2724 hac
2091 2656 2268 2744 significa·

1272 2756 1371 2827 tione
1388 2754 1647 2847 impudentiae,
1673 2780 1714 2826 ae
1735 2756 1905 2841 levitatis,
1931 2782 1950 2825 a
1971 2779 2041 2849 qua
2061 2757 2267 2846 longissime

1274 2858 1392 2927 abesse
1408 2860 1606 2928 sacerdotes
1623 2860 1733 2929 dccet.
1770 2853 1807 2929 0
1822 2881 2004 2929 censuram
2021 2859 2166 2948 dignam
2185 2859 2266 2928 lau-

1273 2960 1335 3040 de,
1379 2961 1595 3055 dignamque
1629 2963 1800 3031 memoria
1838 2974 1953 3032 vestra
1993 2960 2264 3035 commilitones.

1273 3060 1406 3133 Merito
1429 3063 1524 3131 enim
1546 3063 1637 3134 tanti
1654 3064 1741 3147 viri,
1767 3064 1825 3132 cui
1849 3065 1941 3133 fama
1965 3074 2018 3132 est
2038 3063 2077 3131 in
2096 3056 2165 3131 hoc
2188 3076 2265 3133 toto

1273 3161 1487 3234 Germaniae
1509 3165 1679 3255 imperio,
1708 3187 1883 3232 summam
1909 3164 2102 3255 sapientiae
2123 3164 2267 3234 laudern

1271 3266 1442 3337 tributam
1459 3289 1546 3348 esse,
1572 3265 1787 3333 commoveri
1805 3263 1940 3332 iudicio
1954 3265 2139 3337 debemus.
2173 3264 2269 3336 Huic

1271 3368 1367 3436 enim
1391 3388 1514 3437 omnes
1537 3365 1683 3457 populi,
1717 3388 1798 3435 cum
1822 3387 1945 3433 omnes
1967 3366 2110 3435 ordines
2125 3368 2164 3436 in
2181 3393 2268 3437 eon-

1271 3470 1362 3540 ciliis
1394 3464 1609 3560 populorum
1645 3465 1861 3536 Germaniae
1891 3468 1935 3535 de
1966 3467 2130 3538 maximis
2159 3472 2268 3542 rebus

1270 3595 1374 3663 saepe
1394 3572 1533 3640 adsensi
1554 3570 1644 3655 sint,
1668 3570 1911 3642 adsentiamur
1932 3583 1967 3639 et
1989 3593 2055 3639 nos
2070 3564 2135 3639 hae
2152 3584 2267 3661 parte,

1272 3688 1305 3744 et
1321 3687 1516 3744 statuamus
1531 3674 1566 3741 id
1586 3675 1680 3766 quod
1697 3696 1754 3741 res
1768 3686 1836 3758 est,
1863 3672 1956 3741 nulli
1973 3695 2045 3740 non
2061 3671 2180 3741 ordini
2195 3668 2267 3742 ho-

1270 3778 1409 3846 minum
1435 3772 1498 3845 has
1517 3776 1689 3865 ineptias,
1715 3778 1774 3844 sed
1796 3772 1949 3843 maxime
1971 3769 2189 3844 scholasticis
2206 3775 2269 3843 in-

1271 3882 1416 3948 decoras
1440 3900 1526 3947 esse.
1578 3874 1702 3971 Neque
1720 3901 1805 3947 vero
1829 3878 1878 3946 sic
1902 3878 1964 3946 ille
1983 3877 2112 3960 sensit,
2137 3892 2172 3948 et
2188 3901 2265 3947 non

1270 3982 1428 4051 sentiunt
1444 3981 1540 4049 idem
1556 4003 1680 4049 omnes
1694 3982 1781 4050 boni
1798 3981 1882 4064 viri,
1908 3979 2070 4049 omniurn
2095 3972 2268 4049 honesto-

1270 4109 1349 4154 rum
1367 4079 1555 4154 hominum
1572 4077 1746 4154 haedere
1762 4083 1889 4152 calculi
1904 4080 2141 4155 consentiunt.
2173 4079 2269 4170 Quis

1271 4187 1366 4255 enim
1382 4200 1556 4270 vestrum,
1580 4184 1643 4277 qui
1664 4185 1771 4252 modo
1790 4184 1984 4254 liberaliter
2003 4183 2187 4255 institutus
2201 4199 2266 4272 est,

1270 4289 1334 4382 qui
1349 4288 1420 4355 nisi
1435 4287 1482 4356 sit
1496 4286 1843 4376 impudentissimus,
1869 4287 1961 4356 ausit
1981 4286 2020 4353 in
2037 4298 2265 4377 conspectum

1270 4391 1325 4461 sui
1349 4389 1459 4482 patris
1480 4412 1560 4458 cum
1581 4387 1749 4458 inusitata
1767 4403 1863 4460 veste
1878 4387 2025 4459 venire?
2056 4386 2165 4477 Quod
2182 4412 2264 4458 cum

1269 4494 1317 4564 ita
1341 4493 1403 4576 sit,
1429 4505 1550 4584 putate
1571 4488 1658 4559 haec
1679 4489 1765 4560 vitia
1783 4491 1821 4560 in
1843 4488 2024 4562 communi
2042 4490 2127 4560 odio
2147 4491 2267 4562 bono-

1269 4619 1349 4664 rum
1372 4595 1532 4664 virorum
1562 4592 1724 4662 omnium
1752 4616 1837 4663 esse.
1903 4590 2121 4685 Quanquam
2145 4587 2266 4663 autem

1269 4695 1397 4767 merito
1414 4721 1479 4787 pro
1494 4694 1632 4784 legibus
1646 4689 1771 4766 haberi
1788 4697 1924 4778 debeat,
1944 4695 2127 4791 ‘quidquid
2140 4718 2267 4766 omnes

1269 4799 1357 4870 boni
1372 4798 1442 4867 viri
1464 4798 1641 4878 sentiunt,
1667 4811 1785 4869 tamen
1804 4799 1835 4866 si
1856 4797 1975 4866 minus
1989 4799 2084 4890 apud
2098 4820 2161 4866 vos
2175 4799 2266 4867 alie-

1270 4926 1397 4972 norum
1413 4899 1584 4970 autoritas
1599 4901 1709 4986 valet,
1734 4903 1849 4973 valeat
1861 4902 1955 4991 apud
1971 4923 2266 4996 unumquemque

1269 5003 1450 5095 sui‘patris
1465 5003 1654 5089 autoritas,
1680 5027 1786 5098 quam
1805 5018 1857 5075 est
1871 5003 1983 5094 pietas
1996 5003 2169 5095 quaedam
2186 5027 2266 5073 ma-

1267 5105 1398 5175 ximam
1415 5119 1449 5176 et
1463 5107 1704 5196 gravissimam
1719 5106 1859 5180 ducere.
1894 5102 2015 5194 Quare
2028 5105 2057 5173 si
2074 5119 2265 5196 parentum

1268 5207 1378 5291 animi
1393 5209 1437 5279 ab
1454 5202 1511 5278 his
1525 5209 1669 5300 ineptiis
1685 5208 1724 5276 in
1741 5209 1869 5281 vestitu
1889 5203 2103 5287 abhorrent,
2129 5202 2267 5278 abhor-

1267 5323 1348 5380 rent
1371 5326 1489 5383 autem
1510 5307 1605 5383 haud
1626 5310 1754 5398 dubie,
1783 5313 2004 5383 voluntatem
2029 5309 2174 5380 illorum
2197 5335 2268 5403 pro

1267 5412 1344 5503 lege
1360 5408 1563 5490 habeamus.
1608 5411 1735 5508 Neque
1755 5414 1851 5484 enim
1874 5413 2075 5484 existimare
2092 5414 2268 5486 debemus
