4732 6030
90 340 167 417 887
211 331 225 343 ”
588 339 748 415 DECL.
787 338 863 415 ott
895 335 1381 415 INGRATITUDINE
1413 335 1640 418 CUCULI.
2051 349 2128 422 888

93 537 388 601 commemorare,
415 515 453 583 in
477 514 608 609 quibus
632 527 792 607 apparet,
819 512 992 584 divinitus
1020 508 1085 582 has
1136 524 1278 582 notatus
1299 511 1364 591 sit,
1400 525 1432 581 et
1454 536 1559 605 quem
1581 511 1721 582 oderint
1742 537 1780 582 ac
1807 513 1944 604 fugiant
1968 517 2125 610 reliquae

92 616 263 704 imagines
283 619 482 708 propositas
499 639 592 701 esse,
618 631 657 687 ut
671 619 715 685 de
734 616 856 686 multis
873 615 1009 706 maguis
1027 638 1084 683 rc-
1135 637 1215 683 aves
1230 638 1294 683 ceu
1311 615 1429 683 dirtrm
1445 626 1660 706 portentum.
1713 611 1764 684 lta
1789 617 1884 684 euim
1907 631 2032 687 natura
2053 621 2125 690 fer-

93 719 160 788 hus
182 718 221 786 iu
238 719 311 789 vita
332 742 398 789 nos
419 720 646 792 admoneant.
696 715 749 788 Ac
765 718 952 809 praecipue
970 741 1011 785 eo
1027 741 1083 784 me
1135 729 1193 784 tur
1210 716 1313 784 illurn
1331 719 1515 785 damnasse
1537 715 1745 806 impietatis,
1771 729 1810 786 ut
1826 741 1906 786 vere
1927 733 2018 788 erret
2034 722 2124 793 sicut

94 818 243 890 delectat
276 821 421 891 istarum
459 844 577 889 rerum
608 818 791 909 cogitatio,
838 822 933 912 quod
960 818 1083 888 videor
1135 818 1280 907 polluti,
1321 819 1398 886 sine
1431 819 1517 887 nido
1550 832 1584 886 ct
1613 818 1689 886 sine
1721 818 1793 887 ulla
1818 820 1998 902 societate,
2033 823 2129 895 sicut

93 914 183 989 milti
197 921 318 991 videre
336 922 535 992 testimonia
550 923 723 991 divinitus
739 921 907 1011 impressa
925 935 1082 998 naturae,
1134 921 1227 1010 apud
1250 917 1444 988 Homerum
1470 923 1514 989 de
1535 931 1648 1011 p'oena
1672 919 1864 1011 impiorum
1888 920 2018 990 dicitur
2039 920 2124 994 ἀνέ-

93 1045 184 1115 quac
196 1025 388 1093 ostendunt
407 1026 581 1094 muudum
596 1046 670 1093 nou
692 1022 845 1092 extitisse
867 1048 967 1107 casu,
993 1046 1082 1114 quae
1135 1042 1233 1101 στιος
1254 1016 1316 1091 καὶ
1339 1014 1529 1116 ἀφρήτωρ.
1581 1019 1796 1090 Solnsenim
1821 1021 1897 1090 siue
1921 1024 2122 1094 ullasocie-

93 1123 237 1218 quidem
253 1125 302 1195 ita
327 1139 409 1195 sunt
424 1126 595 1209 illustria,
621 1137 660 1195 ut
683 1137 816 1193 veteres
839 1127 941 1194 etiam
956 1120 1082 1192 Philo·
1136 1137 1203 1192 tate
1218 1124 1273 1192 sui
1290 1124 1428 1210 generis
1445 1139 1504 1193 aut
1517 1122 1666 1190 aliarum
1692 1125 1810 1192 avium
1828 1137 1988 1219 vagatur.
2039 1125 2122 1196 Non

93 1220 225 1316 sophos
255 1227 442 1298 moverint.
514 1224 598 1297 ldeo
629 1226 723 1295 enim
756 1228 931 1317 praeclare
963 1225 1081 1317 inquit
1134 1226 1242 1312 igitur
1258 1226 1407 1293 obscura
1423 1237 1473 1292 est
1487 1223 1710 1313 significatio:
1738 1225 1853 1314 imago
1877 1228 2054 1316 proposita
2072 1245 2123 1303 est

96 1324 312 1412 Aristoteles,
327 1329 366 1397 in
384 1330 497 1419 primo
513 1332 557 1398 de
571 1329 731 1419 partibus
745 1330 972 1399 animalium:
990 1324 1079 1398 Cum
1135 1328 1171 1393 in
1193 1340 1280 1396 tetra
1304 1326 1463 1408 volucre,
1488 1339 1528 1395 ut
1552 1326 1751 1408 videamus,
1777 1329 1997 1418 turpissimae
2018 1344 2122 1399 natu·
2212 1328 2235 1363 ·’

92 1427 133 1494 in
161 1431 325 1499 omnibus
352 1431 511 1521 partibus
544 1446 690 1499 naturae
717 1431 801 1501 insit
833 1431 1080 1500 admirandum
1133 1453 1191 1496 rae
1208 1427 1478 1496 similitudinem
1501 1422 1631 1495 habere
1652 1427 1817 1515 ingratos.
1869 1429 2020 1498 Sicutin
2043 1432 2122 1501 aliis

93 1529 283 1621 quiddam,
314 1532 398 1601 satis
420 1556 609 1625 apparere,
639 1546 803 1602 naturam
831 1557 903 1602 non
930 1531 1080 1601 extitisse
1132 1531 1246 1599 foedis
1279 1528 1492 1599 animalibus
1532 1527 1684 1598 aliorum
1719 1529 1888 1597 vitiorum
1924 1530 2121 1603 similitudo

93 1653 184 1698 casu.
219 1631 327 1703 Stoici
346 1634 450 1705 etiarn
470 1630 536 1704 hoc
554 1634 702 1704 consilio
719 1648 880 1704 naturam
895 1634 1080 1711 deliniunt,
1133 1631 1311 1723 proposita
1326 1645 1394 1714 est,
1417 1643 1456 1700 ut
1473 1629 1612 1721 cognita
1637 1629 1857 1720 turpitudine
1879 1632 2028 1715 bestiae,
2055 1630 2122 1704 ho-

93 1731 164 1798 vim
187 1749 260 1803 arte
281 1738 562 1826 progredientem
587 1738 630 1806 ad
655 1740 913 1826 generandum3
941 1751 974 1804 et
995 1758 1080 1824 pro·

92 1830 236 1903 litentur
258 1860 293 1905 se
317 1837 355 1906 in
376 1838 581 1907 delinitione
602 1840 732 1907 addere
754 1851 885 1920 artem,
911 1848 948 1906 ut
970 1834 1080 1921 signi-

91 1934 196 2005 licent
228 1952 390 2008 naturam
424 1954 539 2007 mente
565 1942 716 2030 quadam
743 1939 817 2027 regi
852 1939 889 2005 iu
916 1936 1082 2004 omuibus

91 2036 311 2122 actionibus,
337 2063 427 2132 quae
443 2040 539 2110 velut
555 2041 677 2109 artifex
694 2055 744 2110 est
763 2040 922 2109 omnium
937 2061 1081 2128 genera·

90 2135 233 2207 tionum
254 2153 288 2209 et
305 2153 465 2209 motuum
488 2141 525 2209 iu
543 2154 681 2215 natura.
731 2140 901 2211 Libenter
918 2141 1027 2229 igitur
1041 2164 1082 2209 ex

91 2231 299 2308 huiusmodi
315 2243 470 2310 materiis
488 2245 619 2333 sumpsi
635 2237 703 2312 hoc
725 2244 802 2312 loco
822 2257 1081 2333 argumentum,

92 2354 133 2408 ut
154 2340 304 2431 iuvenes
323 2338 515 2428 admoniti,
532 2360 574 2413 ,et
598 2345 664 2434 ipsi
687 2339 772 2414 haec
790 2346 932 2433 vestigia
954 2343 1020 2414 Dei
1042 2343 1081 2410 iu

90 2454 219 2509 natura
252 2445 488 2517 considerent.
541 2445 610 2514 Sed
642 2446 746 2513 video
767 2472 830 2514 me
863 2448 900 2514 iu
935 2445 1080 2514 exordio

92 2541 234 2632 lougius
247 2561 429 2636 evagatum
445 2570 637 2641 essequam
653 2548 827 2632 volebam,
848 2551 910 2619 etsi
927 2547 1083 2616 arbitror

92 2645 194 2713 vobis
217 2646 382 2737 quidem,
417 2650 478 2742 qui
501 2665 535 2718 et
556 2645 807 2739 Philosophiae
838 2665 872 2720 et
898 2648 1082 2738 religionis

92 2760 325 2817 amantisstmt
341 2750 543 2834 estis,'nou
559 2751 666 2818 fuisse
686 2752 858 2839 ingratam
875 2747 968 2820 han'c
985 2774 1082 2819 com·

91 2850 394 2919 memorationem.
453 2849 557 2919 Nunc
597 2851 701 2917 venio
740 2854 785 2918 ad
825 2864 1083 2938 argumentum,

93 2951 189 3040 quod
212 2945 281 3019 huc
304 2951 431 3018 afferre
452 2949 639 3037 praecipue
662 2949 841 3022 constitui.
893 2948 948 3019 De
964 2953 1083 3039 ingra-

10 3115 12 3119 ,
93 3052 267 3130 titudine,
304 3049 501 3139 impietate,
539 3063 572 3118 et
601 3051 728 3118 scelere
761 3049 890 3121 Cuculi
923 3052 1082 3121 dicturus

91 3174 189 3232 sum;
233 3149 295 3240 qui
329 3150 434 3242 quale
469 3146 654 3219 hominum
689 3172 799 3240 genus
831 3165 1080 3243 repraesentet,

91 3263 213 3340 postea
229 3249 419 3339 explicabo,
436 3253 532 3340 prins
549 3252 645 3320 enim
660 3257 839 3323 narranda
854 3270 905 3324 est
922 3250 1080 3328 historia.

92 3350 301 3421 Aristoteles
327 3351 365 3418 in
394 3376 489 3422 nouo
516 3353 609 3423 libro
643 3356 687 3422 de
718 3369 845 3426 natura
873 3357 1080 3425 animalium

91 3451 227 3536 scribit,
241 3453 403 3522 cuculum
415 3466 559 3545 propter
574 3455 810 3544 timiditatem,
827 3482 933 3551 quam
947 3458 985 3526 in
1004 3457 1080 3549 ipso

91 3552 266 3643 insignem
281 3575 353 3622 esse
369 3570 587 3647 compertum
602 3570 664 3640 est,
677 3582 750 3627 non
765 3559 880 3628 facere
895 3560 1079 3651 proprium

92 3655 241 3730 nidum,
267 3677 331 3723 uec
355 3679 437 3725 satos
459 3658 576 3748 pullos
598 3658 800 3754 excludere,
825 3663 885 3729 sed
905 3661 1081 3750 deponere

93 3778 199 3825 ovum
216 3756 253 3825 in
268 3757 384 3826 alieno
402 3758 500 3843 nido,
518 3783 557 3827 ac
572 3761 768 3853 plerunque
785 3785 961 3829 cnrnrcae.
984 3759 1080 3828 Haec

93 3881 173 3927 cnm
191 3858 324 3949 reperit
338 3884 445 3929 ovum
464 3860 556 3930 inter
571 3883 652 3942 sua,
675 3862 781 3930 simul
798 3857 880 3931 huic
896 3863 999 3931 etiam
1024 3862 1079 3929 in-

94 3960 211 4031 cubat.
262 3957 401 4029 Deinde
426 3963 533 4050 pullis
552 3961 717 4044 exclusis,
740 3963 823 4054 quia
845 3964 989 4031 cuculus
1004 3986 1080 4028 ma-

93 4060 283 4150 gnitudine
308 4078 341 4131 ct
370 4063 504 4131 viribus
531 4077 672 4154 superat
699 4063 872 4156 reliquos,
905 4061 1079 4155 quidquid

91 4161 217 4232 sedula
232 4180 342 4235 mater
356 4164 425 4232 cibi
441 4165 573 4248 adfert,
598 4164 848 4255 suppositicius
862 4165 927 4233 iste
948 4164 1079 4254 praeri-

92 4263 162 4356 pit.
215 4261 266 4333 lta
281 4267 336 4349 fit,
362 4279 399 4334 ut
415 4267 541 4337 caeteri
559 4266 648 4357 pulli
666 4269 757 4335 lame
771 4266 986 4350 moriantur3
1011 4290 1080 4359 pu·

93 4379 173 4437 tant
193 4365 298 4434 etiam
320 4381 468 4436 matrem
496 4392 537 4436 eo
565 4368 699 4437 maiore
722 4392 804 4437 cura
827 4362 924 4436 hunc
952 4368 1081 4449 lovere,

93 4467 180 4561 qnia
198 4469 307 4558 magis
324 4493 402 4537 eum
424 4468 573 4538 miratur
589 4482 622 4538 et
640 4483 732 4538 amat
745 4484 889 4560 propter
903 4469 1079 4558 magnitu-

93 4568 217 4639 dinem
233 4570 400 4660 corporis.
450 4568 629 4638 luterdum
644 4571 718 4662 ipse
735 4571 880 4640 cuculus
894 4571 1006 4640 factus
1022 4594 1083 4639 ro-

1134 1734 1247 1800 miues
1266 1733 1375 1820 magis
1397 1727 1612 1801 abhorreant
1632 1755 1651 1798 a
1678 1730 1855 1799 similibus
1881 1734 1993 1817 vitiis3
2019 1748 2059 1803 nt
2083 1736 2122 1804 iu

1135 1835 1218 1924 lupo
1236 1834 1327 1902 inest
1345 1833 1517 1922 rapacitas
1531 1833 1791 1915 et··crudelitas,
1817 1833 1854 1900 iu
1873 1835 2004 1928 polypo
2026 1849 2122 1906 tanta

1134 1929 1260 2019 libido,
1281 1948 1321 2005 ut
1336 1934 1561 2025 extinguatur
1575 1935 1613 2001 in
1630 1935 1832 2007 concubitu.
1865 1933 2000 2005 Noctua
2019 1938 2124 2029 piscis

1134 2052 1204 2107 tam
1223 2060 1331 2106 vorax
1344 2051 1406 2116 est,
1431 2050 1559 2106 utnon
1578 2035 1714 2105 desinat
1728 2059 1764 2105 se
1780 2060 1927 2106 onerare
1943 2039 2033 2123 cibo,
2055 2043 2122 2109 do·

1135 2164 1198 2209 nec
1216 2152 1413 2228 rumpatur.
2103 2212 2107 2217 Ι

1234 2240 1302 2311 Sed
1321 2241 1465 2331 longum
1482 2252 1570 2309 esset
1592 2243 1746 2332 exempla
1764 2242 1936 2334 persequi.
1989 2238 2045 2312 Ad
2064 2243 2123 2312 in-

1134 2344 1295 2413 stitutum
1326 2354 1572 2429 argumentum
1605 2347 1722 2416 redeo.
1785 2342 1946 2412 Adfectat
1977 2346 2122 2415 cuculus

1134 2447 1238 2514 etiam
1263 2444 1421 2513 Musicae
1446 2443 1606 2531 laudem,
1634 2466 1742 2534 quare
1764 2445 1826 2512 ubi
1851 2444 2035 2513 lusciniam
2057 2470 2123 2515 au-

1134 2547 1235 2631 divit,
1261 2570 1302 2615 eo
1319 2546 1474 2625 advolat,
1501 2557 1536 2614 et
1551 2547 1720 2614 excitatus
1734 2558 1837 2613 cantu
1853 2544 1959 2627 illius,
1985 2570 2063 2613 cnm
2083 2570 2122 2615 ea

1134 2663 1266 2718 certare
1281 2649 1408 2720 studet.
1441 2644 1536 2714 Hinc
1549 2645 1702 2736 intelligi
1717 2646 1826 2735 magis
1843 2659 1969 2737 potest,
1995 2647 2032 2714 in
2049 2672 2120 2740 quo
2155 2697 2160 2701 -
2236 2686 2238 2691 ·

1134 2774 1260 2841 genere
1274 2744 1474 2834 hominum,
1500 2749 1657 2836 ingratos
1670 2748 1859 2839 significet,
1885 2772 2011 2839 nempe
2027 2749 2121 2818 iuter

1135 2875 1205 2936 eos,
1231 2850 1293 2946 qui
1311 2852 1523 2940 obstrepunt
1536 2849 1744 2919 melioribus
1761 2849 1798 2917 in
1815 2850 1962 2918 dicenda
1978 2865 2123 2921 senten·

1134 2955 1204 3037 tia,
1228 2954 1267 3021 in
1291 2951 1416 3020 studiis
1440 2948 1698 3037 ecclesiasticis,
1723 2966 1784 3020 aut
1798 2951 1896 3035 aliis,
1923 2953 2122 3043 quaesitae

1134 3055 1347 3125 conducunt.
1389 3051 1458 3120 Hic
1471 3065 1602 3144 quamn
1618 3052 1824 3122 cuculorum
1841 3054 1979 3140 agmina
1997 3079 2124 3124 urame-

1133 3157 1206 3226 rari
1229 3166 1396 3248 possunt,
1421 3176 1495 3221 non
1517 3153 1624 3222 modo
1639 3154 1669 3221 si
1686 3167 1819 3223 veteres
1839 3149 2003 3224 historias
2021 3180 2122 3248 repe-

1134 3273 1269 3341 tamus,
1293 3255 1475 3325 sedetiam
1499 3255 1528 3323 si
1545 3255 1737 3346 praesentia
1761 3257 1905 3344 negocia
1924 3259 2124 3327 considere-

1134 3359 1237 3429 mus?
1274 3356 1432 3427 Homero
1454 3357 1671 3427 obtrectabat
1691 3356 1830 3438 Zoilus,
1865 3382 1928 3426 cen
1951 3359 2123 3428 lusciniae

1133 3455 1620 3538 cuculusCiceroniClodius,
1637 3458 1749 3526 etalii
1766 3458 1882 3530 multi.
1909 3457 2123 3532 Habuerunt

1133 3585 1216 3632 suos
1235 3562 1379 3631 cuculos
1401 3573 1435 3628 et
1458 3554 1590 3628 heroici
1608 3558 1692 3626 viri:
1726 3557 1886 3650 Scipioni
1905 3561 2124 3633 obtrectabat

1132 3662 1267 3747 Carbo,
1299 3659 1479 3731 Alcibiadi
1502 3656 1739 3753 Hyperbolus.
1789 3658 2004 3753 Quanquam
2034 3663 2121 3754 quid

1133 3788 1221 3854 opus
1237 3776 1288 3832 cst
1303 3763 1460 3852 exempla
1479 3760 1667 3847 colligere?
1692 3761 1796 3849 plena
1813 3774 1863 3828 est
1885 3758 2013 3830 horum
2031 3786 2123 3854 quo-

1133 3866 1266 3934 tidiana
1285 3863 1378 3944 vita,
1404 3862 1465 3928 sed
1487 3862 1637 3926 maxime
1659 3860 1696 3924 in
1710 3856 1886 3943 Ecclesia3
1912 3877 1944 3930 et
1965 3865 2008 3930 ad
2031 3859 2123 3934 hanc

1134 3980 1245 4034 totum
1263 3957 1330 4030 hoc
1343 3959 1543 4055 symbolum
1564 3958 1715 4027 maxime
1731 3962 1910 4032 convenit.
1962 3962 2122 4036 Curruca

1134 4063 1280 4135 Graecis
1306 4076 1358 4132 est
1382 4059 1574 4156 Hypolais,
1611 4084 1700 4152 quae
1733 4085 1865 4131 nomen
1892 4064 1977 4134 inde
2004 4063 2122 4148 habet,

1134 4167 1228 4260 quod
1247 4160 1347 4234 humi
1368 4166 1412 4230 ad
1431 4185 1511 4231 saxa
1533 4162 1706 4242 nidificet,
1733 4164 1814 4233 talis
1831 4180 1882 4236 est
1901 4191 1981 4236 vcra
1998 4164 2122 4238 Eccle-
2160 4184 2165 4191 '

1133 4270 1195 4352 sia,
1218 4279 1332 4358 spreta
1349 4278 1383 4333 et
1399 4264 1532 4334 abiecta
1548 4264 1587 4332 iu
1603 4266 1749 4336 mundo.
1784 4263 1881 4337 Haec
1894 4271 1980 4337 dum
1997 4293 2121 4340 omues

1133 4373 1251 4440 lovere
1276 4381 1308 4437 et
1331 4367 1454 4436 iuvare
1472 4378 1641 4450 conatur,
1664 4367 1769 4436 etiam
1784 4372 2031 4460 suppositicios
2045 4373 2122 4443 loe-

1133 4487 1189 4544 tus
1204 4470 1336 4554 nutrit,
1355 4468 1417 4561 qui
1435 4492 1515 4538 cum
1532 4480 1677 4560 propter
1692 4463 1894 4561 hypocrisin
1913 4475 2058 4543 veniant
2081 4475 2121 4544 in

1134 4573 1423 4651 admirationem,
1452 4570 1555 4638 facile
1574 4569 1742 4638 beneficio
1763 4568 1959 4654 Ecclesiae,
1986 4576 2121 4645 autori-

94 4672 254 4756 bustior,
280 4684 434 4740 caeteros
448 4672 565 4763 pullos
581 4673 742 4756 devorat,
766 4672 946 4741 interdum
963 4671 1082 4740 senior
1134 4691 1240 4746 tatem
1262 4688 1295 4743 et
1317 4669 1510 4763 potentiam
1531 4683 1807 4762 consequuntur.
1867 4672 1969 4744 Hauc
1989 4677 2121 4768 adepti,

94 4774 243 4844 cuculus
264 4775 407 4842 exorbet
429 4798 495 4842 ova
517 4797 702 4858 currucae3
728 4774 815 4842 adeo
830 4773 1014 4865 multiplex
1031 4787 1082 4841 est
1133 4778 1263 4847 deinde
1278 4786 1480 4862 grassantur
1493 4772 1531 4838 in
1547 4772 1657 4864 ipsam
1672 4786 1838 4859 matrem,
1864 4799 2010 4871 eamque
2028 4780 2121 4849 dila.

94 4874 135 4945 iu
153 4869 221 4943 hoc
243 4898 369 4965 genere
390 4877 589 4948 crudelitas.
640 4872 823 4944 Postremo
841 4877 904 4945 ubi
927 4874 1083 4944 adolevit
1134 4890 1269 4959 cecant,
1293 4889 1327 4944 et
1348 4872 1483 4943 crudeli
1505 4873 1692 4966 tyrannide
1711 4875 1929 4964 opprimunt.
1980 4878 2120 4952 Deinde

94 4978 286 5048 sceleratus
301 4990 335 5046 et
349 4975 478 5066 impius
491 4978 622 5067 pullus,
635 4975 735 5045 addit
750 4976 918 5046 nelariam
936 4990 969 5046 et
983 4977 1083 5067 plns-
1134 4981 1235 5049 illum
1258 4977 1402 5046 feralem
1428 4989 1461 5045 et
1486 4974 1679 5045 iufaustum
1710 4998 1837 5046 sonum
1860 4983 1970 5052 cdttnt
1990 4984 2028 5052 iu
2049 4980 2120 5054 Ec-

94 5078 383 5174 quamtragicam
401 5073 660 5169 catastrophen3
688 5102 769 5145 narn
786 5102 989 5162 currucam,
1012 5102 1081 5171 qua
1135 5081 1250 5164 clesia,
1271 5091 1397 5148 sonant
1410 5076 1519 5168 impia
1534 5091 1568 5146 et
1581 5075 1779 5167 peruiciosa
1793 5080 1966 5170 dogmata.
1989 5081 2118 5155 Arium

95 5180 290 5251 incubante
305 5194 408 5248 natus
424 5180 495 5260 est,
516 5204 535 5248 a
553 5204 622 5274 qua
639 5202 764 5270 magna
788 5180 992 5250 assiduitate
1013 5205 1084 5248 nu-
1135 5181 1249 5253 evexit
1271 5182 1314 5249 ad
1332 5175 1486 5248 honores
1501 5174 1656 5247 Ecclesia
1670 5173 1929 5269 Alexandrina,
1954 5188 2015 5279 qui
2037 5211 2118 5256 curn

96 5284 203 5357 tritus
218 5298 280 5367 est,
303 5281 494 5351 crudeliter
508 5283 693 5353 laceratam
712 5284 868 5355 devorat.
902 5278 1083 5372 Hancpro
1134 5296 1222 5354 esset
1244 5281 1492 5374 suppositicius
1514 5281 1644 5360 fuctus,
1670 5295 1788 5371 postea
1805 5282 1999 5356 Ecclesiam
2021 5287 2118 5357 orbis

95 5384 265 5455 maternis
279 5383 470 5467 benefieiis,
495 5398 529 5454 et
544 5408 609 5476 pro
624 5381 861 5454 nutricatione
874 5382 998 5468 vicem,
1019 5383 1084 5452 iste
1134 5399 1308 5456 terrarum
1331 5378 1554 5454 horribiliter
1567 5382 1762 5475 dissipavit.
1815 5384 1911 5474 Quid
1934 5389 1972 5455 in
1988 5382 2119 5458 scholis

97 5485 282 5585 ἄστοργος
305 5485 488 5578 rependit,
528 5485 657 5576 diguus
676 5485 739 5579 qui
770 5496 939 5576 perpetua
968 5485 1084 5556 scabie
1134 5487 1271 5573 accidit,
1297 5510 1386 5580 quae
1402 5508 1482 5556 cum
1497 5497 1581 5556 sunt
1595 5485 1685 5556 bene
1698 5486 1929 5572 constitutae,
1943 5511 2021 5579 pars
2036 5504 2120 5564 snut

146 5592 326 5659 blusters.
351 5591 456 5665 Orsa.
482 5580 567 5660 Vos.
594 5590 660 5659 Xl.
1462 5586 1513 5657 22
