4732 6030
196 253 268 329 aar
513 246 679 325 naen
711 246 786 322 un
819 244 1018 322 orceo:
1059 242 1665 333 ianuamianuaim
1696 247 1920 331 nosne
2123 218 2244 332 'sse

198 428 269 502 tari
284 425 494 517 significatio
511 423 641 494 summi
655 422 788 493 amoris
803 444 885 512 erga
906 443 972 490 nos
990 420 1064 507 tui,
1089 443 1196 515 qnam
1248 433 1323 490 turn
1340 435 1501 494 sanctum
1516 423 1554 491 in
1573 437 1714 515 pectora
1727 419 1928 514 hominum,
1952 440 1994 498 ut
2007 428 2047 497 in
2063 428 2113 498 eis
2127 427 2251 500 lucem
2341 476 2350 484 -

199 525 289 602 haec
306 529 382 622 ipsa
399 524 716 598 commemoratio?
741 549 852 619 quam
863 523 1008 618 quidem
1027 535 1145 614 postea
1162 536 1196 592 ct
1246 535 1282 592 ct
1298 522 1502 609 veritatem,
1527 524 1566 594 id
1583 538 1657 611 est,
1682 525 1901 599 intellectum
1927 530 2102 601 sermonis
2126 531 2253 601 divini

132 618 136 628 ¹
200 634 374 724 sanguine
391 643 452 700 tuo
471 627 681 716 obsignasti.
1246 626 1424 694 accendat.
1458 624 1560 698 Sicut
1574 627 1664 698 alibi
1677 628 1826 699 dicitur:
1851 625 2093 722 Evangeliurn
2109 646 2162 704 est
2179 659 2251 725 po-

300 733 453 823 Superat
466 731 628 800 omnium
643 729 851 821 angelorum
867 741 900 800 et
917 721 1104 800 hominnm
1120 727 1196 796 elo·
1246 726 1357 796 tentia
1366 725 1433 799 Dei
1448 729 1492 797 ad
1508 728 1658 799 salutem
1674 731 1776 801 omni
1790 732 1962 809 credenti.
1990 731 2097 805 Item:
2119 731 2251 807 Evan-

198 835 381 933 qucntiam
412 832 598 924 explicatio
628 826 756 902 harum
786 831 1021 915 maximarum
1057 852 1193 900 rerum:
1245 826 1378 917 gelium
1405 842 1458 900 est
1480 830 1717 901 ministerium
1739 832 1897 924 spiritua.
1949 832 2113 906 Primum
2134 838 2251 929 igitur

199 961 308 1036 quare
331 930 423 1005 mihi
446 934 588 1004 veniam
610 935 711 1017 date,
743 927 816 1002 tam
839 932 996 1003 tenuiter
1014 934 1060 1002 de
1085 932 1192 1001 rebus
1245 926 1305 1000 hic
1319 931 1364 999 de
1381 930 1572 1015 ministrii
1586 933 1740 1004 efficacia
1757 957 1825 1004 nos
1842 936 1962 1007 doceri
1977 938 2115 1014 scitote.

198 1039 307 1114 ”⁰²5⁸
322 1038 468 1109 dicenti·
520 1033 574 1107 Ac
590 1059 699 1128 Ρθῦθ,
737 1049 778 1106 ul
804 1035 866 1105 illi
891 1036 1021 1105 mulier
1044 1033 1084 1103 ln
1100 1032 1193 1103 Tra·
1347 1025 1612 1124 Comprehensa
1627 1048 1679 1106 est
1695 1028 1899 1108 hiedeinde
1915 1052 1950 1110 et
1966 1032 2053 1110 haec
2069 1043 2246 1113 doctrina.

198 1141 324 1235 goedia
338 1138 442 1211 dicit:
465 1137 563 1209 Haec
577 1140 684 1208 unica
700 1150 752 1207 est
767 1161 844 1207 mea
857 1136 1060 1230 eloquentia
1073 1135 1113 1204 in
1126 1130 1194 1205 hac
1244 1129 1403 1204 Ecclesia
1421 1134 1472 1204 sie
1485 1138 1530 1206 ad
1549 1159 1746 1207 sermonem
1756 1135 1824 1208 Dei
1840 1140 1981 1230 alligata
1998 1154 2070 1226 est,
2097 1158 2138 1216 ut
2152 1145 2245 1216 nulli

197 1242 482 1317 consideratione
498 1240 722 1314 miseriarum
741 1235 921 1309 Ecclesiae
945 1251 980 1309 et
1000 1236 1131 1308 amoris
1152 1260 1193 1306 ac
1245 1235 1361 1305 cultus
1377 1248 1474 1307 extra
1489 1232 1584 1309 hrrnc
1604 1262 1805 1310 sermonem
1831 1241 2008 1330 instituti,
2043 1246 2138 1314 nulli
2164 1271 2248 1316 coe-

198 1345 437 1419 solicitudinis
458 1344 525 1413 filii
537 1343 623 1424 Dei,
646 1343 783 1413 adferre
806 1335 1005 1434 lachrymas
1026 1352 1061 1410 et
1081 1339 1194 1429 gemi·
1246 1350 1302 1407 tus
1323 1339 1398 1407 sine
1422 1334 1491 1409 hoc
1511 1364 1673 1411 sermone
1694 1342 1851 1428 collecti,
1876 1346 1954 1414 Deo
1975 1348 2154 1438 placeant:
2183 1355 2247 1420 sed

196 1464 267 1525 tus.
319 1445 393 1516 Vos
410 1459 527 1516 autem
546 1445 647 1514 valde
667 1468 731 1513 oro
748 1456 784 1513 et
797 1444 972 1527 obtestor,
995 1458 1036 1512 nt
1050 1435 1119 1512 hoc
1134 1465 1193 1510 ca-
1247 1435 1284 1508 lri
1307 1453 1428 1511 coetus
1452 1455 1591 1513 tantum
1614 1444 1685 1513 sint
1700 1467 1783 1514 vcra
1798 1442 1866 1514 Dei
1883 1442 2062 1530 Ecclesia,
2088 1451 2249 1523 ubicun.

196 1565 263 1647 put
277 1551 316 1620 in
330 1547 536 1620 narratione
551 1547 695 1616 loannis
719 1567 822 1635 saepe
845 1545 987 1634 legatis,
1012 1557 1046 1614 et
1070 1545 1193 1614 crebra
1246 1566 1314 1635 quc
1336 1557 1437 1629 sunt,
1475 1544 1515 1612 in
1538 1545 1669 1638 quibus
1692 1570 1760 1615 vox
1785 1542 1972 1638 Evangelii
1996 1568 2098 1623 sonat
2123 1555 2249 1625 ineos.

196 1652 409 1746 repetitione
427 1649 643 1720 confirmetis
666 1648 706 1715 in
721 1646 824 1717 vobis
842 1645 967 1732 fidem,
992 1670 1063 1740 qua
1086 1648 1195 1716 bene-
1246 1658 1360 1738 rupta.
1424 1644 1509 1716 Non
1530 1660 1614 1719 sunt
1637 1647 1746 1738 igitur
1768 1643 1927 1720 Ecclesia
1951 1648 2040 1739 Dei,
2079 1650 2248 1728 homine,

197 1756 275 1827 ficia
307 1754 373 1822 filii
395 1749 464 1822 Dei
498 1751 609 1840 accipi
636 1761 796 1841 oportet,
831 1770 963 1842 vosque
992 1747 1193 1820 exuscitetis
1247 1747 1380 1836 ignari,
1405 1761 1466 1819 aut
1489 1743 1606 1820 hostes
1621 1745 1828 1841 Evangelii,
1854 1777 2067 1848 quocunque
2089 1759 2242 1828 nomine

199 1860 245 1930 ad
272 1854 522 1946 cogitationem
550 1854 594 1921 dc
620 1852 769 1922 summis
794 1851 920 1936 rebus,
958 1862 993 1921 et
1017 1852 1062 1920 ad
1088 1850 1194 1920 invo-
1245 1849 1481 1942 adpellantur.
1535 1849 1657 1921 Palam
1673 1846 1791 1925 hostes
1805 1848 1941 1927 Christi
1954 1855 2237 1931 suntMahome-

92 1976 104 1993 .
197 1959 383 2031 canonem·
1245 1951 1364 2036 tistae,
1406 1953 1489 2045 quia
1520 1978 1596 2025 non
1627 1954 1890 2026 sanctificantur
1919 1981 2079 2035 sermone
2102 1962 2242 2039 divino.

300 2054 439 2128 Accede
457 2070 575 2128 autem
590 2080 688 2127 nunc
704 2058 750 2128 ad
771 2051 863 2126 hanc
881 2067 1036 2146 partem,
1061 2055 1107 2123 de
1123 2077 1194 2147 qna
1244 2050 1300 2124 De
1322 2048 1399 2141 his,
1433 2078 1516 2125 cum
1539 2070 1658 2148 aperte
1682 2057 1916 2148 profiteantur
1941 2082 1978 2129 se
2008 2056 2125 2133 ho‘stes
2158 2089 2246 2147 esse,

197 2165 238 2233 in
252 2161 451 2258 praesentia
469 2159 656 2250 praecipue
670 2160 787 2229 dicere
803 2158 913 2229 volui.
960 2155 1084 2242 Pater,
1110 2178 1194 2225 san·
1245 2179 1320 2227 non
1337 2167 1388 2226 est
1403 2181 1494 2249 opus
1509 2157 1614 2249 longa
1628 2158 1800 2229 oratione.
1847 2157 1906 2230 Illi
1925 2155 2046 2233 hostes
2061 2165 2246 2239 difficilius

196 2267 310 2350 ctifica
324 2261 438 2333 cosin
453 2262 602 2332 veritate
626 2276 706 2344 tua,
732 2284 848 2329 sermo
873 2271 954 2328 tuus
977 2272 1030 2329 cst
1051 2257 1192 2331 veritas.
1246 2272 1498 2349 agnoscuntur,
1525 2261 1588 2355 qni
1606 2261 1643 2330 in
1653 2256 1812 2331 Ecclesia
1828 2263 2073 2354 dominantur,
2099 2270 2163 2363 qni
2177 2271 2248 2342 sibi

102 2378 106 2383 '
130 2372 148 2377 ”
194 2365 318 2440 Verba
333 2379 474 2458 sumpta
488 2377 572 2435 sunt
594 2387 635 2431 ex
655 2363 729 2433 ritu
754 2362 818 2456 qui
840 2360 1053 2431 describitur
1073 2359 1113 2428 in
1135 2384 1193 2429 ca-
1245 2366 1537 2433 commendatum
1548 2386 1623 2434 esse
1636 2363 1874 2434 ministerium
1890 2366 2043 2440 docendi
2054 2367 2245 2464 Evangelii

195 2472 269 2564 pite
284 2482 408 2539 octavo
426 2467 511 2536 libri
529 2465 645 2560 quarti
661 2463 800 2558 Moysi,
828 2463 891 2534 ubi
910 2462 1009 2534 iubet
1023 2459 1121 2532 Dens
1137 2485 1193 2531 se-
1245 2464 1429 2535 ordinario
1457 2464 1536 2535 loco
1568 2465 1748 2550 iactitant,
1787 2469 2055 2562 quodquidam
2080 2499 2161 2546 vere
2183 2476 2242 2546 di·

194 2570 331 2668 pacati,
370 2568 581 2639 sanctificari
602 2579 637 2637 et
661 2566 784 2635 offerri
807 2565 995 2636 Levitasa
1027 2564 1193 2656 pontifice
1245 2579 1349 2636 cunt:
1372 2567 1433 2635 sed
1448 2566 1545 2647 illam
1561 2567 1673 2661 ipsam
1690 2592 1813 2638 vocem
1829 2575 2111 2647 commendatam
2130 2579 2242 2648 mini-

193 2670 374 2748 Aharone.
438 2669 499 2741 Aa
531 2663 628 2739 hunc
660 2682 785 2763 typum
813 2666 979 2758 congruit
1009 2667 1082 2735 iam
1105 2660 1192 2737 haee
1245 2666 1354 2739 sterio
1385 2669 1607 2759 evangelico,
1639 2664 1898 2763 sophismatum
1927 2678 2143 2770 praestigiis·
2161 2705 2269 2763 ποι·-Ι

194 2778 286 2849 actio
309 2775 375 2844 filii
391 2773 477 2843 Dei.
529 2765 649 2841 Offert
669 2764 729 2840 hic
748 2792 907 2840 summus
930 2771 1093 2838 sacerdos
1116 2768 1193 2861 pri·
1244 2783 1434 2861 rumpunt,
1459 2785 1494 2842 et
1517 2770 1556 2841 in
1571 2767 1730 2842 Ecclesia
1753 2797 1910 2862 errores,
1944 2777 2068 2850 salsam
2093 2782 2242 2854 invoca-

195 2903 295 2950 mum
325 2900 399 2948 sese
430 2889 575 2946 aeterno
595 2873 708 2966 patri:
744 2872 874 2942 deinde
899 2870 933 2941 ei
955 2886 989 2943 ct
1011 2871 1192 2941 ministros
1245 2871 1399 2953 tionem,
1441 2885 1476 2943 et
1501 2873 1599 2944 idola
1622 2873 1827 2947 stabiliunt:
1868 2892 1909 2951 ut
1928 2879 2062 2969 faciunt
2083 2883 2145 2976 qui
2169 2879 2239 2956 hoc

192 2977 382 3071 Evangelii
411 3002 451 3048 ac
485 2976 690 3048 universam
723 2970 919 3045 Ecclesiam
957 2975 1192 3045 commendat.
1245 2988 1403 3066 tempore
1435 2977 1548 3046 edunt
1574 2975 1713 3047 fucosas
1737 2978 2024 3056 confirmationes
2046 2986 2238 3057 marltorum

194 3080 299 3152 Hanc
315 3081 525 3150 sanctificari
539 3092 634 3158 orat,
661 3079 699 3147 id
721 3092 793 3158 est,
821 3103 841 3145 a
866 3071 1063 3168 prophanis
1085 3077 1192 3146 rebus
1246 3089 1405 3147 veterum
1445 3078 1640 3163 abusuum,
1681 3082 1950 3154 commenticiac
1987 3087 2242 3181 adplicationes

195 3182 322 3267 eximi,
347 3182 441 3249 etad
456 3203 542 3249 usus
565 3181 708 3249 divinos
730 3179 933 3263 transferri,
953 3158 1085 3270 recipi,
1110 3202 1193 3270 per·
1245 3203 1374 3250 coenae
1399 3174 1549 3250 Domini
1574 3205 1639 3272 pro
1668 3181 1769 3268 aliis,
1810 3183 2056 3262 invocationes
2081 3205 2244 3264 mortno-

194 3284 299 3358 lnndi
316 3281 438 3352 divina
454 3280 554 3363 lucc,
578 3293 620 3348 ut
642 3295 736 3349 recte
757 3292 940 3367 agnoscat,
967 3280 1130 3364 invocet,
1156 3295 1191 3352 et
1243 3305 1343 3368 rum,
1379 3293 1413 3351 et
1435 3282 1629 3354 multarum
1653 3283 1800 3353 aliarum
1822 3288 2132 3374 superstitionum.
2191 3292 2243 3365 Hi

194 3386 359 3458 doctrina
375 3396 409 3454 et
425 3380 572 3453 caeteris
586 3379 711 3450 officiis
726 3376 844 3450 Deum
860 3380 1029 3464 celebret,
1053 3395 1094 3451 ut
1110 3405 1191 3451 vera
1245 3408 1310 3475 pro
1326 3406 1417 3476 aqua
1433 3383 1571 3457 lustrali
1586 3384 1762 3474 conspersi
1776 3399 1859 3457 sunt
1870 3382 2078 3477 sophistica,
2101 3410 2138 3467 et
2151 3398 2244 3470 alios

195 3489 328 3561 noticia
344 3485 421 3557 eius
436 3485 506 3554 late
522 3496 716 3574 spargatur.
1245 3486 1369 3555 eadem
1384 3507 1475 3579 aqua
1491 3487 1632 3559 lustrali
1652 3502 1899 3579 conspergunt.
1951 3487 2091 3565 Nolunt
2109 3501 2243 3570 sancti-

297 3588 394 3661 Petit
407 3601 526 3658 autem
540 3599 582 3656 ut
598 3586 862 3657 sanctificentur
882 3608 958 3656 non
971 3583 1119 3673 ‚umbris
1141 3584 1192 3655 ri·
1244 3586 1345 3659 ficari
1357 3588 1520 3671 veritate,
1546 3613 1608 3660 sen
1625 3612 1787 3660 sermone
1800 3590 1936 3663 divino.
1986 3592 2063 3665 lmo
2081 3598 2151 3690 ipsi
2163 3623 2242 3670 ser-

192 3708 295 3766 tuum
310 3684 510 3773 Aharonis,
535 3712 611 3759 non
631 3711 725 3782 aqua
744 3687 904 3770 lustrali,
930 3709 1006 3757 non
1023 3687 1193 3757 radendis
1245 3688 1343 3759 moni
1359 3690 1483 3762 divino
1499 3690 1611 3786 impia
1628 3691 1775 3762 audacia
1787 3680 1941 3765 miscent
1955 3717 2017 3767 sna
2035 3721 2181 3771 venena.

192 3795 296 3889 pilis,
338 3791 502 3865 lavandis
528 3790 701 3876 vestibus,
740 3812 817 3860 non
840 3789 1054 3861 mactatione
1078 3789 1192 3875 bovis,
1346 3791 1453 3861 Tales
1470 3793 1500 3863 si
1516 3788 1587 3864 huc
1604 3794 1811 3886 irruperint,
1836 3794 2001 3868 vitandos
2015 3822 2085 3869 esse
2101 3800 2231 3871 sciatis:

192 3921 268 3968 non
282 3896 456 3966 libatione
471 3907 506 3965 et
523 3893 697 3985 placenta.
749 3889 833 3963 Non
848 3894 920 3962 iarn
944 3893 990 3963 de
1011 3884 1070 3960 his
1090 3892 1192 3983 fuga·
1244 3906 1278 3963 et
1294 3906 1336 3964 ut
1357 3894 1470 3964 vitare
1485 3896 1643 3988 possitis,
1668 3898 1785 3968 fontes
1800 3897 1983 3970 doctrinae
1997 3915 2088 3972 recte
2104 3925 2237 3993 eogno-
2311 3926 2321 3941 ·

194 4001 295 4072 cibus
311 4012 348 4071 et
364 3996 657 4069 evanescentibus
668 3994 806 4066 umbris
820 3993 984 4088 loquitur
996 3986 1057 4064 hic
1069 4007 1192 4066 noster
1243 3995 1363 4065 scendi
1379 4010 1473 4071 sunt.
1523 3994 1615 4069 Nam
1633 3994 1701 4068 hoc
1722 4014 1947 4092 praeceptum
1964 4002 2069 4072 etiam
2084 4003 2124 4072 in
2139 4005 2241 4077 dicto

192 4103 367 4183 sacerdos,
393 4100 510 4172 iturus
526 4100 571 4168 ad
589 4119 755 4188 agonem,
781 4121 855 4189 qrro
871 4097 993 4167 nullus
1010 4097 1192 4186 ingerere
1243 4092 1394 4170 Christi:
1421 4098 1545 4171 Sermo
1570 4113 1653 4172 tuus
1675 4115 1726 4172 est
1743 4090 2244 4197 veritas,'comprehenditur,

192 4200 353 4277 humano
373 4203 443 4273 fnit
466 4200 582 4270 maior
605 4213 640 4270 et
654 4198 867 4270 terribilior:
893 4200 953 4269 sed
969 4198 1059 4289 petit
1070 4213 1111 4271 ut
1129 4222 1191 4268 ve·
1242 4211 1283 4270 ut
1298 4194 1395 4270 hunc
1409 4196 1607 4272 sermonem
1622 4203 1796 4294 legamus,
1824 4205 2031 4291 audiamus,
2052 4209 2245 4287 discamus.

191 4308 253 4392 ris,
278 4304 504 4375 durabilibus
524 4315 558 4371 et
573 4299 725 4370 aeternis
742 4299 848 4370 bonis
864 4295 1191 4389 orneturEcclcsia,
1242 4297 1292 4371 Hi
1318 4302 1458 4374 labores
1481 4304 1635 4394 pueriles
1656 4307 1798 4397 legendi
1818 4321 1853 4378 et
1867 4309 2048 4394 discendi,
2074 4305 2133 4381 hic
2148 4336 2244 4405 qno·

190 4431 274 4480 vera
288 4407 369 4475 lnce
384 4418 418 4474 et
432 4400 607 4493 sapientia
624 4415 717 4471 recte
731 4415 941 4490 agnoscente
955 4402 1088 4477 Deum.
1243 4427 1312 4498 que
1327 4404 1611 4498 praecipiuntur:
1638 4431 1707 4502 qua
1728 4408 1767 4478 in
1794 4432 1833 4478 re
1855 4411 1965 4480 nimis
1981 4435 2109 4503 magna
2123 4417 2245 4504 negli-

294 4505 347 4579 Ac
370 4528 455 4576 mox
477 4501 582 4575 addit
597 4502 947 4594 interpretationem,
970 4503 1059 4597 qnid
1084 4516 1191 4596 petat,
1242 4506 1359 4595 gentia
1383 4521 1436 4579 est
1459 4510 1676 4595 multorum,
1704 4510 1766 4602 qui
1789 4510 1846 4581 vel
1871 4536 1936 4604 per
1958 4513 2158 4603 ignaviam,
2186 4521 2244 4589 vel

190 4624 225 4682 et
245 4632 337 4707 qnae
362 4609 408 4680 sit
430 4605 547 4678 multo
560 4605 800 4698 praestantior
814 4628 907 4699 aqua
922 4605 1078 4677 lustrali:
1104 4603 1190 4677 Ser·
1241 4622 1386 4700 propter
1410 4633 1511 4681 curas
1536 4613 1587 4683 rei
1607 4611 1812 4696 familiaris,
1838 4615 2011 4686 omittunt
2032 4616 2244 4690 lectionem:

190 4736 252 4784 mo
281 4726 364 4785 tuns
389 4724 443 4783 est
463 4710 607 4784 veritas.
674 4706 790 4780 Breve
809 4710 995 4780 oraculum
1020 4722 1089 4780 est:
1127 4711 1188 4779 sed
1243 4724 1276 4781 et
1292 4712 1389 4804 quod
1407 4713 1655 4785 stultissimum
1671 4730 1744 4801 est,
1769 4717 1951 4789 somniant
1967 4740 2005 4787 se
2020 4720 2165 4809 penitus
2181 4748 2245 4795 ex-

189 4815 290 4887 nulla
320 4827 417 4886 tanta
447 4826 498 4884 est
529 4810 733 4907 eloquentia
755 4813 965 4902 angelorum
989 4825 1052 4883 aut
1071 4805 1190 4883 homi·
1241 4808 1400 4883 hausisse
1429 4826 1540 4885 totam
1570 4817 1778 4908 sapientiam
1806 4818 1981 4889 librorum
2012 4816 2245 4913 prophetico·

190 4942 298 4998 num,
340 4941 431 5009 quae
460 4912 568 4987 huius
601 4915 688 4986 dicti
719 4915 992 5005 amplitudinem
1023 4916 1189 4985 evolvere
1240 4938 1319 4985 rum
1336 4930 1372 4986 ct
1385 4916 1674 5009 apostolicorum.
1726 4918 1823 4991 llaec
1837 4924 2038 5014 arrogantia
2048 4926 2160 4996 'valde
2176 4931 2247 4999 de-

188 5020 311 5116 possit.
348 5015 517 5088 Dicemus
531 5031 649 5088 autern
665 5019 709 5087 ad
726 5041 792 5087 nos
807 5015 1188 5099 commonefaciendos,
1239 5020 1401 5088 testanda
1440 5030 1503 5101 cst.
1577 5018 1716 5092 Deinde
1750 5036 1786 5093 ct
1820 5016 1890 5091 hoc
1924 5026 2246 5119 considerandum,

190 5136 365 5220 quantum
383 5139 580 5213 possumus.
1240 5124 1345 5213 quain
1363 5120 1491 5191 multas
1513 5123 1559 5191 ob
1584 5148 1704 5196 causas
1725 5124 1829 5195 lectio
1853 5149 1913 5194 scu
1940 5128 2151 5202 auscultatio
2178 5159 2247 5206 ne-

290 5223 452 5295 Primum
476 5216 671 5290 Ecclesiam
698 5221 806 5290 condi
834 5219 997 5291 adfirmat
1025 5242 1187 5291 sermone
1238 5222 1457 5293 cessariasit.

189 5328 328 5401 divino.
379 5320 447 5396 Est
464 5322 574 5413 igitur
591 5320 712 5389 efficax
730 5322 830 5392 Deus
846 5322 885 5391 in
901 5322 1122 5406 ministerio,
1148 5324 1187 5392 in
1341 5321 1504 5396 Primum
1526 5351 1663 5399 summa
1682 5327 1868 5396 doctrinae
1890 5331 2018 5403 ordine
2042 5348 2077 5405 et
2101 5336 2246 5431 integre

192 5454 264 5524 quo
280 5454 348 5499 vox
361 5428 484 5501 divina
502 5435 625 5510 sonat,
652 5417 717 5493 hac
735 5445 821 5494 voce
836 5425 1054 5499 transfundit
1069 5423 1187 5519 Spiri-
1237 5427 1326 5498 disci
1342 5440 1376 5499 et
1393 5424 1647 5522 comprehendi
1666 5453 1740 5500 non
1756 5443 1888 5521 potest,
1922 5433 2058 5507 nisiex
2083 5437 2248 5518 lectione
