<?xml version="1.0" encoding="UTF-8"?>
<!DOCTYPE html PUBLIC "-//W3C//DTD XHTML 1.0 Transitional//EN"
    "http://www.w3.org/TR/xhtml1/DTD/xhtml1-transitional.dtd">
<html xmlns="http://www.w3.org/1999/xhtml" xml:lang="en" lang="en">
 <head>
  <title>
</title>
<meta http-equiv="Content-Type" content="text/html;charset=utf-8" />
  <meta name='ocr-system' content='tesseract 3.04.00' />
  <meta name='ocr-capabilities' content='ocr_page ocr_carea ocr_par ocr_line ocrx_word'/>
</head>
<body>
  <div class='ocr_page' id='page_1' title='image "./philippimelanth21melagoog_0047.png"; bbox 0 0 4756 6022; ppageno 0'>
   <div class='ocr_carea' id='block_1_1' title="bbox 109 330 2197 478">
    <p class='ocr_par' dir='ltr' id='par_1_1' title="bbox 109 330 2197 478">
     <span class='ocr_line' id='line_1_1' title="bbox 109 330 2197 478; baseline 0.001 -23"><span class='ocrx_word' id='word_1_1' title='bbox 109 462 112 467; x_wconf 17' lang='lat' dir='ltr'>f</span> <span class='ocrx_word' id='word_1_2' title='bbox 158 379 211 478; x_wconf 81' lang='lat' dir='ltr'>sa</span> <span class='ocrx_word' id='word_1_3' title='bbox 711 396 715 401; x_wconf 95' lang='lat'>·</span> <span class='ocrx_word' id='word_1_4' title='bbox 894 330 1154 460; x_wconf 69' lang='lat' dir='ltr'>uacans</span> <span class='ocrx_word' id='word_1_5' title='bbox 1186 374 1453 457; x_wconf 75' lang='lat' dir='ltr'>sacrans</span> <span class='ocrx_word' id='word_1_6' title='bbox 2146 385 2197 458; x_wconf 85' lang='lat' dir='ltr'>ss</span> 
     </span>
    </p>
   </div>
   <div class='ocr_carea' id='block_1_2' title="bbox 127 549 2204 5624">
    <p class='ocr_par' dir='ltr' id='par_1_2' title="bbox 127 549 2204 5624">
     <span class='ocr_line' id='line_1_2' title="bbox 161 549 2196 649; baseline 0 -25"><span class='ocrx_word' id='word_1_7' title='bbox 161 552 248 649; x_wconf 93' lang='lat' dir='ltr'>quid</span> <span class='ocrx_word' id='word_1_8' title='bbox 273 568 324 626; x_wconf 90' lang='lat' dir='ltr'>est</span> <span class='ocrx_word' id='word_1_9' title='bbox 345 575 489 645; x_wconf 84' lang='lat' dir='ltr'>operae,</span> <span class='ocrx_word' id='word_1_10' title='bbox 520 573 541 619; x_wconf 85' lang='lat' dir='ltr'>a</span> <span class='ocrx_word' id='word_1_11' title='bbox 564 573 622 622; x_wconf 93' lang='lat' dir='ltr'>me</span> <span class='ocrx_word' id='word_1_12' title='bbox 646 563 825 639; x_wconf 80' lang='lat' dir='ltr'><strong>sumatur,</strong></span> <span class='ocrx_word' id='word_1_13' title='bbox 851 551 1009 624; x_wconf 90' lang='lat' dir='ltr'>studium</span> <span class='ocrx_word' id='word_1_14' title='bbox 1032 579 1152 625; x_wconf 90' lang='lat' dir='ltr'>meum</span> <span class='ocrx_word' id='word_1_15' title='bbox 1203 551 1337 622; x_wconf 87' lang='lat' dir='ltr'><strong>docebo</strong></span> <span class='ocrx_word' id='word_1_16' title='bbox 1352 549 1518 636; x_wconf 89' lang='lat' dir='ltr'>breviter,</span> <span class='ocrx_word' id='word_1_17' title='bbox 1542 550 1650 621; x_wconf 90' lang='lat' dir='ltr'>sacris</span> <span class='ocrx_word' id='word_1_18' title='bbox 1667 551 1791 639; x_wconf 89' lang='lat' dir='ltr'>literis,</span> <span class='ocrx_word' id='word_1_19' title='bbox 1816 576 1891 623; x_wconf 93' lang='lat' dir='ltr'>non</span> <span class='ocrx_word' id='word_1_20' title='bbox 1908 553 2016 624; x_wconf 92' lang='lat' dir='ltr'>modo</span> <span class='ocrx_word' id='word_1_21' title='bbox 2032 578 2108 626; x_wconf 91' lang='lat' dir='ltr'>non</span> <span class='ocrx_word' id='word_1_22' title='bbox 2124 554 2196 625; x_wconf 90' lang='lat' dir='ltr'>im-</span> 
     </span>
     <span class='ocr_line' id='line_1_3' title="bbox 162 652 2197 749; baseline 0 -23"><span class='ocrx_word' id='word_1_23' title='bbox 162 680 291 749; x_wconf 91' lang='lat' dir='ltr'>quaeso</span> <span class='ocrx_word' id='word_1_24' title='bbox 313 655 401 725; x_wconf 92' lang='lat' dir='ltr'>honi</span> <span class='ocrx_word' id='word_1_25' title='bbox 424 652 609 727; x_wconf 88' lang='lat' dir='ltr'>consulite.</span> <span class='ocrx_word' id='word_1_26' title='bbox 660 653 751 723; x_wconf 89' lang='lat' dir='ltr'>Nam</span> <span class='ocrx_word' id='word_1_27' title='bbox 775 679 853 725; x_wconf 92' lang='lat' dir='ltr'>cum</span> <span class='ocrx_word' id='word_1_28' title='bbox 878 680 958 745; x_wconf 88' lang='lat' dir='ltr'>pars</span> <span class='ocrx_word' id='word_1_29' title='bbox 978 658 1152 749; x_wconf 79' lang='lat' dir='ltr'>quaedam</span> <span class='ocrx_word' id='word_1_30' title='bbox 1204 654 1350 747; x_wconf 90' lang='lat' dir='ltr'>probari</span> <span class='ocrx_word' id='word_1_31' title='bbox 1363 653 1487 723; x_wconf 90' lang='lat' dir='ltr'>civiles</span> <span class='ocrx_word' id='word_1_32' title='bbox 1506 654 1616 744; x_wconf 90' lang='lat' dir='ltr'>leges,</span> <span class='ocrx_word' id='word_1_33' title='bbox 1641 656 1704 724; x_wconf 90' lang='lat' dir='ltr'>sed</span> <span class='ocrx_word' id='word_1_34' title='bbox 1723 655 1879 749; x_wconf 81' lang='lat' dir='ltr'>praecipi</span> <span class='ocrx_word' id='word_1_35' title='bbox 1897 655 2022 741; x_wconf 89' lang='lat' dir='ltr'>etiarn,</span> <span class='ocrx_word' id='word_1_36' title='bbox 2047 671 2087 729; x_wconf 93' lang='lat' dir='ltr'>ut</span> <span class='ocrx_word' id='word_1_37' title='bbox 2108 656 2197 727; x_wconf 89' lang='lat' dir='ltr'>reli-</span> 
     </span>
     <span class='ocr_line' id='line_1_4' title="bbox 162 749 2197 850; baseline 0 -23"><span class='ocrx_word' id='word_1_38' title='bbox 162 758 298 850; x_wconf 92' lang='lat' dir='ltr'>publici</span> <span class='ocrx_word' id='word_1_39' title='bbox 319 754 478 825; x_wconf 89' lang='lat' dir='ltr'>muneris</span> <span class='ocrx_word' id='word_1_40' title='bbox 506 753 545 822; x_wconf 94' lang='lat' dir='ltr'>in</span> <span class='ocrx_word' id='word_1_41' title='bbox 573 749 639 824; x_wconf 91' lang='lat' dir='ltr'>hac</span> <span class='ocrx_word' id='word_1_42' title='bbox 662 749 781 825; x_wconf 91' lang='lat' dir='ltr'>schola</span> <span class='ocrx_word' id='word_1_43' title='bbox 804 752 895 825; x_wconf 91' lang='lat' dir='ltr'>mihi</span> <span class='ocrx_word' id='word_1_44' title='bbox 917 758 1074 848; x_wconf 88' lang='lat' dir='ltr'>delegata</span> <span class='ocrx_word' id='word_1_45' title='bbox 1098 760 1155 843; x_wconf 92' lang='lat' dir='ltr'>sit,</span> <span class='ocrx_word' id='word_1_46' title='bbox 1205 755 1302 846; x_wconf 86' lang='lat' dir='ltr'>giose</span> <span class='ocrx_word' id='word_1_47' title='bbox 1322 769 1511 847; x_wconf 81' lang='lat' dir='ltr'>sancteque</span> <span class='ocrx_word' id='word_1_48' title='bbox 1532 756 1713 842; x_wconf 80' lang='lat' dir='ltr'>colantur,</span> <span class='ocrx_word' id='word_1_49' title='bbox 1739 780 1809 849; x_wconf 91' lang='lat' dir='ltr'>qua</span> <span class='ocrx_word' id='word_1_50' title='bbox 1829 757 1935 827; x_wconf 90' lang='lat' dir='ltr'>laude</span> <span class='ocrx_word' id='word_1_51' title='bbox 1958 758 2058 827; x_wconf 91' lang='lat' dir='ltr'>nulla</span> <span class='ocrx_word' id='word_1_52' title='bbox 2084 771 2197 850; x_wconf 87' lang='lat' dir='ltr'>potest</span> 
     </span>
     <span class='ocr_line' id='line_1_5' title="bbox 163 854 2197 951; baseline 0 -24"><span class='ocrx_word' id='word_1_53' title='bbox 163 882 290 950; x_wconf 92' lang='lat' dir='ltr'>parum</span> <span class='ocrx_word' id='word_1_54' title='bbox 302 857 506 926; x_wconf 74' lang='lat' dir='ltr'>meminisse</span> <span class='ocrx_word' id='word_1_55' title='bbox 523 857 679 940; x_wconf 89' lang='lat' dir='ltr'>viderer,</span> <span class='ocrx_word' id='word_1_56' title='bbox 704 881 811 950; x_wconf 89' lang='lat' dir='ltr'>quam</span> <span class='ocrx_word' id='word_1_57' title='bbox 827 859 1017 928; x_wconf 90' lang='lat' dir='ltr'>sustineam</span> <span class='ocrx_word' id='word_1_58' title='bbox 1032 884 1154 951; x_wconf 89' lang='lat' dir='ltr'>perso·</span> <span class='ocrx_word' id='word_1_59' title='bbox 1206 857 1358 946; x_wconf 87' lang='lat' dir='ltr'>amplior</span> <span class='ocrx_word' id='word_1_60' title='bbox 1372 856 1510 945; x_wconf 89' lang='lat' dir='ltr'>legibus</span> <span class='ocrx_word' id='word_1_61' title='bbox 1526 857 1649 931; x_wconf 87' lang='lat' dir='ltr'>tribui.</span> <span class='ocrx_word' id='word_1_62' title='bbox 1684 854 1756 928; x_wconf 91' lang='lat' dir='ltr'>Ubi</span> <span class='ocrx_word' id='word_1_63' title='bbox 1773 858 1879 928; x_wconf 85' lang='lat' dir='ltr'>fidem</span> <span class='ocrx_word' id='word_1_64' title='bbox 1898 860 2030 945; x_wconf 83' lang='lat' dir='ltr'>fecero,</span> <span class='ocrx_word' id='word_1_65' title='bbox 2055 858 2197 928; x_wconf 89' lang='lat' dir='ltr'>civilem</span> 
     </span>
     <span class='ocr_line' id='line_1_6' title="bbox 163 954 2200 1056; baseline 0 -28"><span class='ocrx_word' id='word_1_66' title='bbox 163 983 265 1044; x_wconf 90' lang='lat' dir='ltr'>nam,</span> <span class='ocrx_word' id='word_1_67' title='bbox 295 959 366 1028; x_wconf 90' lang='lat' dir='ltr'>nisi</span> <span class='ocrx_word' id='word_1_68' title='bbox 389 961 433 1028; x_wconf 93' lang='lat' dir='ltr'>de</span> <span class='ocrx_word' id='word_1_69' title='bbox 456 957 731 1028; x_wconf 89' lang='lat' dir='ltr'>adulescentium</span> <span class='ocrx_word' id='word_1_70' title='bbox 756 958 873 1029; x_wconf 87' lang='lat' dir='ltr'>officio</span> <span class='ocrx_word' id='word_1_71' title='bbox 896 956 1154 1056; x_wconf 84' lang='lat' dir='ltr'>nonnunquam</span> <span class='ocrx_word' id='word_1_72' title='bbox 1206 960 1350 1028; x_wconf 90' lang='lat' dir='ltr'>urbium</span> <span class='ocrx_word' id='word_1_73' title='bbox 1375 960 1503 1028; x_wconf 84' lang='lat' dir='ltr'>statrlm</span> <span class='ocrx_word' id='word_1_74' title='bbox 1527 954 1622 1027; x_wconf 89' lang='lat' dir='ltr'>nihil</span> <span class='ocrx_word' id='word_1_75' title='bbox 1643 981 1801 1050; x_wconf 88' lang='lat' dir='ltr'>pugnare</span> <span class='ocrx_word' id='word_1_76' title='bbox 1833 985 1914 1030; x_wconf 91' lang='lat' dir='ltr'>cum</span> <span class='ocrx_word' id='word_1_77' title='bbox 1945 960 2117 1049; x_wconf 92' lang='lat' dir='ltr'>religione</span> <span class='ocrx_word' id='word_1_78' title='bbox 2138 985 2200 1030; x_wconf 81' lang='lat' dir='ltr'>ex-</span> 
     </span>
     <span class='ocr_line' id='line_1_7' title="bbox 164 1058 2199 1158; baseline 0.001 -28"><span class='ocrx_word' id='word_1_79' title='bbox 164 1061 328 1130; x_wconf 84' lang='lat' dir='ltr'>dicerem.</span> <span class='ocrx_word' id='word_1_80' title='bbox 380 1058 488 1148; x_wconf 88' lang='lat' dir='ltr'>Quod</span> <span class='ocrx_word' id='word_1_81' title='bbox 523 1083 603 1129; x_wconf 93' lang='lat' dir='ltr'>cum</span> <span class='ocrx_word' id='word_1_82' title='bbox 636 1083 701 1150; x_wconf 92' lang='lat' dir='ltr'>pro</span> <span class='ocrx_word' id='word_1_83' title='bbox 728 1060 826 1129; x_wconf 88' lang='lat' dir='ltr'>virili</span> <span class='ocrx_word' id='word_1_84' title='bbox 850 1063 995 1148; x_wconf 84' lang='lat' dir='ltr'>faciam,</span> <span class='ocrx_word' id='word_1_85' title='bbox 1029 1087 1155 1158; x_wconf 89' lang='lat' dir='ltr'>easque</span> <span class='ocrx_word' id='word_1_86' title='bbox 1207 1060 1336 1152; x_wconf 78' lang='lat' dir='ltr'>ponam</span> <span class='ocrx_word' id='word_1_87' title='bbox 1367 1084 1472 1153; x_wconf 92' lang='lat' dir='ltr'>quam</span> <span class='ocrx_word' id='word_1_88' title='bbox 1503 1061 1697 1151; x_wconf 75' lang='lat' dir='ltr'>prudenter</span> <span class='ocrx_word' id='word_1_89' title='bbox 1719 1085 1739 1129; x_wconf 93' lang='lat' dir='ltr'>a</span> <span class='ocrx_word' id='word_1_90' title='bbox 1760 1062 1956 1132; x_wconf 91' lang='lat' dir='ltr'>maioribus</span> <span class='ocrx_word' id='word_1_91' title='bbox 1978 1064 2110 1132; x_wconf 83' lang='lat' dir='ltr'>factum</span> <span class='ocrx_word' id='word_1_92' title='bbox 2141 1061 2199 1142; x_wconf 89' lang='lat' dir='ltr'>sit,</span> 
     </span>
     <span class='ocr_line' id='line_1_8' title="bbox 166 1159 2201 1258; baseline -0 -25"><span class='ocrx_word' id='word_1_93' title='bbox 166 1162 372 1253; x_wconf 87' lang='lat' dir='ltr'>disciplinas</span> <span class='ocrx_word' id='word_1_94' title='bbox 394 1163 572 1234; x_wconf 88' lang='lat' dir='ltr'>iuventuti</span> <span class='ocrx_word' id='word_1_95' title='bbox 592 1165 854 1247; x_wconf 88' lang='lat' dir='ltr'>commendem,</span> <span class='ocrx_word' id='word_1_96' title='bbox 883 1165 1013 1258; x_wconf 90' lang='lat' dir='ltr'>quibus</span> <span class='ocrx_word' id='word_1_97' title='bbox 1035 1167 1157 1255; x_wconf 90' lang='lat' dir='ltr'>negle-</span> <span class='ocrx_word' id='word_1_98' title='bbox 1198 1165 1302 1255; x_wconf 50' lang='lat' dir='ltr'>,quod</span> <span class='ocrx_word' id='word_1_99' title='bbox 1319 1159 1499 1232; x_wconf 88' lang='lat' dir='ltr'>Romanas</span> <span class='ocrx_word' id='word_1_100' title='bbox 1514 1161 1607 1252; x_wconf 89' lang='lat' dir='ltr'>leges</span> <span class='ocrx_word' id='word_1_101' title='bbox 1624 1161 1846 1251; x_wconf 90' lang='lat' dir='ltr'>potissimum</span> <span class='ocrx_word' id='word_1_102' title='bbox 1862 1163 2085 1254; x_wconf 89' lang='lat' dir='ltr'>delegerunt,</span> <span class='ocrx_word' id='word_1_103' title='bbox 2111 1185 2201 1256; x_wconf 87' lang='lat' dir='ltr'>quas</span> 
     </span>
     <span class='ocr_line' id='line_1_9' title="bbox 166 1262 2201 1359; baseline 0 -26"><span class='ocrx_word' id='word_1_104' title='bbox 166 1264 242 1348; x_wconf 91' lang='lat' dir='ltr'>ctis,</span> <span class='ocrx_word' id='word_1_105' title='bbox 268 1287 347 1332; x_wconf 93' lang='lat' dir='ltr'>cum</span> <span class='ocrx_word' id='word_1_106' title='bbox 363 1263 582 1351; x_wconf 86' lang='lat' dir='ltr'>religionem,</span> <span class='ocrx_word' id='word_1_107' title='bbox 607 1275 682 1333; x_wconf 92' lang='lat' dir='ltr'>tum</span> <span class='ocrx_word' id='word_1_108' title='bbox 699 1287 755 1332; x_wconf 90' lang='lat' dir='ltr'>res</span> <span class='ocrx_word' id='word_1_109' title='bbox 770 1266 882 1333; x_wconf 91' lang='lat' dir='ltr'>bonas</span> <span class='ocrx_word' id='word_1_110' title='bbox 899 1266 985 1336; x_wconf 89' lang='lat' dir='ltr'>alias</span> <span class='ocrx_word' id='word_1_111' title='bbox 1000 1266 1157 1337; x_wconf 86' lang='lat' dir='ltr'>labefieri</span> <span class='ocrx_word' id='word_1_112' title='bbox 1208 1265 1246 1332; x_wconf 91' lang='lat' dir='ltr'>iu</span> <span class='ocrx_word' id='word_1_113' title='bbox 1261 1262 1518 1334; x_wconf 80' lang='lat' dir='ltr'>constituendis</span> <span class='ocrx_word' id='word_1_114' title='bbox 1539 1263 1740 1334; x_wconf 88' lang='lat' dir='ltr'>civitatibus</span> <span class='ocrx_word' id='word_1_115' title='bbox 1761 1276 1928 1359; x_wconf 91' lang='lat' dir='ltr'>tanquam</span> <span class='ocrx_word' id='word_1_116' title='bbox 1951 1266 2050 1334; x_wconf 88' lang='lat' dir='ltr'>filum</span> <span class='ocrx_word' id='word_1_117' title='bbox 2074 1288 2201 1357; x_wconf 90' lang='lat' dir='ltr'>seque-</span> 
     </span>
     <span class='ocr_line' id='line_1_10' title="bbox 167 1365 2200 1461; baseline 0.001 -28"><span class='ocrx_word' id='word_1_118' title='bbox 167 1387 306 1435; x_wconf 90' lang='lat' dir='ltr'>necesse</span> <span class='ocrx_word' id='word_1_119' title='bbox 324 1378 392 1448; x_wconf 92' lang='lat' dir='ltr'>est,</span> <span class='ocrx_word' id='word_1_120' title='bbox 416 1365 540 1446; x_wconf 82' lang='lat' dir='ltr'>facile,</span> <span class='ocrx_word' id='word_1_121' title='bbox 566 1376 607 1434; x_wconf 91' lang='lat' dir='ltr'>ut</span> <span class='ocrx_word' id='word_1_122' title='bbox 622 1386 743 1454; x_wconf 89' lang='lat' dir='ltr'>spero,</span> <span class='ocrx_word' id='word_1_123' title='bbox 775 1365 992 1457; x_wconf 87' lang='lat' dir='ltr'>impetrabo,</span> <span class='ocrx_word' id='word_1_124' title='bbox 1016 1393 1061 1438; x_wconf 95' lang='lat' dir='ltr'>ne</span> <span class='ocrx_word' id='word_1_125' title='bbox 1078 1393 1156 1438; x_wconf 91' lang='lat' dir='ltr'>mea</span> <span class='ocrx_word' id='word_1_126' title='bbox 1208 1379 1351 1449; x_wconf 90' lang='lat' dir='ltr'>rentur,</span> <span class='ocrx_word' id='word_1_127' title='bbox 1386 1387 1514 1458; x_wconf 89' lang='lat' dir='ltr'>easque</span> <span class='ocrx_word' id='word_1_128' title='bbox 1539 1388 1676 1435; x_wconf 89' lang='lat' dir='ltr'>summa</span> <span class='ocrx_word' id='word_1_129' title='bbox 1711 1389 1795 1436; x_wconf 92' lang='lat' dir='ltr'>cura</span> <span class='ocrx_word' id='word_1_130' title='bbox 1829 1366 1982 1437; x_wconf 89' lang='lat' dir='ltr'>anobis</span> <span class='ocrx_word' id='word_1_131' title='bbox 2007 1366 2200 1461; x_wconf 89' lang='lat' dir='ltr'>studioque</span> 
     </span>
     <span class='ocr_line' id='line_1_11' title="bbox 168 1462 1767 1551; baseline 0.003 -16"><span class='ocrx_word' id='word_1_132' title='bbox 168 1462 259 1535; x_wconf 90' lang='lat' dir='ltr'>mihi</span> <span class='ocrx_word' id='word_1_133' title='bbox 274 1467 442 1536; x_wconf 88' lang='lat' dir='ltr'>sedulitas</span> <span class='ocrx_word' id='word_1_134' title='bbox 455 1465 572 1534; x_wconf 84' lang='lat' dir='ltr'>fraudi</span> <span class='ocrx_word' id='word_1_135' title='bbox 588 1465 646 1536; x_wconf 87' lang='lat' dir='ltr'>sit.</span> <span class='ocrx_word' id='word_1_136' title='bbox 698 1465 791 1537; x_wconf 91' lang='lat' dir='ltr'>Sunt</span> <span class='ocrx_word' id='word_1_137' title='bbox 805 1468 901 1536; x_wconf 91' lang='lat' dir='ltr'>enim</span> <span class='ocrx_word' id='word_1_138' title='bbox 915 1470 1054 1551; x_wconf 85' lang='lat' dir='ltr'>favore,</span> <span class='ocrx_word' id='word_1_139' title='bbox 1080 1484 1156 1541; x_wconf 91' lang='lat' dir='ltr'>stu·</span> <span class='ocrx_word' id='word_1_140' title='bbox 1208 1468 1466 1537; x_wconf 89' lang='lat' dir='ltr'>conservandas</span> <span class='ocrx_word' id='word_1_141' title='bbox 1481 1490 1554 1535; x_wconf 91' lang='lat' dir='ltr'>esse</span> <span class='ocrx_word' id='word_1_142' title='bbox 1571 1469 1767 1541; x_wconf 87' lang='lat' dir='ltr'>ostendam.</span> 
     </span>
     <span class='ocr_line' id='line_1_12' title="bbox 168 1566 2200 1665; baseline 0.001 -28"><span class='ocrx_word' id='word_1_143' title='bbox 168 1569 308 1661; x_wconf 90' lang='lat' dir='ltr'>diisque</span> <span class='ocrx_word' id='word_1_144' title='bbox 322 1567 496 1652; x_wconf 89' lang='lat' dir='ltr'>omnium,</span> <span class='ocrx_word' id='word_1_145' title='bbox 520 1567 669 1636; x_wconf 90' lang='lat' dir='ltr'>iuvandi</span> <span class='ocrx_word' id='word_1_146' title='bbox 684 1592 807 1638; x_wconf 92' lang='lat' dir='ltr'>eorum</span> <span class='ocrx_word' id='word_1_147' title='bbox 822 1584 979 1657; x_wconf 89' lang='lat' dir='ltr'>conatus,</span> <span class='ocrx_word' id='word_1_148' title='bbox 1000 1572 1060 1665; x_wconf 92' lang='lat' dir='ltr'>qui</span> <span class='ocrx_word' id='word_1_149' title='bbox 1077 1573 1157 1643; x_wconf 90' lang='lat' dir='ltr'>lite-</span> <span class='ocrx_word' id='word_1_150' title='bbox 1312 1566 1413 1655; x_wconf 86' lang='lat' dir='ltr'>Quae</span> <span class='ocrx_word' id='word_1_151' title='bbox 1434 1567 1566 1636; x_wconf 91' lang='lat' dir='ltr'>malum</span> <span class='ocrx_word' id='word_1_152' title='bbox 1588 1570 1766 1639; x_wconf 89' lang='lat' dir='ltr'>dementia</span> <span class='ocrx_word' id='word_1_153' title='bbox 1786 1569 1931 1638; x_wconf 91' lang='lat' dir='ltr'>tandem</span> <span class='ocrx_word' id='word_1_154' title='bbox 1945 1580 2013 1656; x_wconf 92' lang='lat' dir='ltr'>est,</span> <span class='ocrx_word' id='word_1_155' title='bbox 2040 1567 2121 1662; x_wconf 91' lang='lat' dir='ltr'>quis</span> <span class='ocrx_word' id='word_1_156' title='bbox 2141 1570 2200 1639; x_wconf 85' lang='lat' dir='ltr'>lu·</span> 
     </span>
     <span class='ocr_line' id='line_1_13' title="bbox 168 1665 2200 1767; baseline 0.001 -30"><span class='ocrx_word' id='word_1_157' title='bbox 168 1670 218 1739; x_wconf 90' lang='lat' dir='ltr'>ris</span> <span class='ocrx_word' id='word_1_158' title='bbox 233 1692 308 1737; x_wconf 92' lang='lat' dir='ltr'>non</span> <span class='ocrx_word' id='word_1_159' title='bbox 330 1669 480 1760; x_wconf 86' lang='lat' dir='ltr'>pessime</span> <span class='ocrx_word' id='word_1_160' title='bbox 501 1669 701 1740; x_wconf 86' lang='lat' dir='ltr'>consultum</span> <span class='ocrx_word' id='word_1_161' title='bbox 717 1671 855 1744; x_wconf 88' lang='lat' dir='ltr'>volunt.</span> <span class='ocrx_word' id='word_1_162' title='bbox 906 1670 1029 1767; x_wconf 86' lang='lat' dir='ltr'>Neque</span> <span class='ocrx_word' id='word_1_163' title='bbox 1051 1674 1156 1743; x_wconf 89' lang='lat' dir='ltr'>aliam</span> <span class='ocrx_word' id='word_1_164' title='bbox 1208 1694 1287 1754; x_wconf 90' lang='lat' dir='ltr'>ror,</span> <span class='ocrx_word' id='word_1_165' title='bbox 1311 1669 1400 1738; x_wconf 86' lang='lat' dir='ltr'>falso</span> <span class='ocrx_word' id='word_1_166' title='bbox 1415 1665 1609 1739; x_wconf 90' lang='lat' dir='ltr'>Christiani</span> <span class='ocrx_word' id='word_1_167' title='bbox 1636 1669 1792 1739; x_wconf 91' lang='lat' dir='ltr'>nominis</span> <span class='ocrx_word' id='word_1_168' title='bbox 1809 1681 2014 1761; x_wconf 84' lang='lat' dir='ltr'>praetextu,</span> <span class='ocrx_word' id='word_1_169' title='bbox 2038 1668 2200 1740; x_wconf 89' lang='lat' dir='ltr'>civilium</span> 
     </span>
     <span class='ocr_line' id='line_1_14' title="bbox 169 1770 2202 1869; baseline 0.001 -29"><span class='ocrx_word' id='word_1_170' title='bbox 169 1772 217 1840; x_wconf 93' lang='lat' dir='ltr'>ob</span> <span class='ocrx_word' id='word_1_171' title='bbox 238 1793 377 1839; x_wconf 90' lang='lat' dir='ltr'>causam</span> <span class='ocrx_word' id='word_1_172' title='bbox 400 1770 647 1869; x_wconf 68' lang='lat' dir='ltr'>mododicere</span> <span class='ocrx_word' id='word_1_173' title='bbox 668 1772 902 1858; x_wconf 89' lang='lat' dir='ltr'>instituimus,</span> <span class='ocrx_word' id='word_1_174' title='bbox 928 1800 1036 1867; x_wconf 89' lang='lat' dir='ltr'>quam</span> <span class='ocrx_word' id='word_1_175' title='bbox 1057 1791 1095 1845; x_wconf 92' lang='lat' dir='ltr'>ut</span> <span class='ocrx_word' id='word_1_176' title='bbox 1114 1776 1158 1844; x_wconf 92' lang='lat' dir='ltr'>iis</span> <span class='ocrx_word' id='word_1_177' title='bbox 1211 1795 1330 1840; x_wconf 88' lang='lat' dir='ltr'>rerum</span> <span class='ocrx_word' id='word_1_178' title='bbox 1345 1785 1474 1841; x_wconf 90' lang='lat' dir='ltr'>statum</span> <span class='ocrx_word' id='word_1_179' title='bbox 1492 1770 1686 1841; x_wconf 80' lang='lat' dir='ltr'>labefacere</span> <span class='ocrx_word' id='word_1_180' title='bbox 1701 1785 1734 1842; x_wconf 91' lang='lat' dir='ltr'>ct</span> <span class='ocrx_word' id='word_1_181' title='bbox 1750 1772 1972 1841; x_wconf 84' lang='lat' dir='ltr'>convellere?</span> <span class='ocrx_word' id='word_1_182' title='bbox 1998 1770 2102 1859; x_wconf 86' lang='lat' dir='ltr'>Quae</span> <span class='ocrx_word' id='word_1_183' title='bbox 2117 1772 2202 1842; x_wconf 85' lang='lat' dir='ltr'>bar·</span> 
     </span>
     <span class='ocr_line' id='line_1_15' title="bbox 169 1861 2202 1968; baseline 0.001 -28"><span class='ocrx_word' id='word_1_184' title='bbox 169 1871 232 1965; x_wconf 92' lang='lat' dir='ltr'>qui</span> <span class='ocrx_word' id='word_1_185' title='bbox 254 1867 311 1940; x_wconf 92' lang='lat' dir='ltr'>hic</span> <span class='ocrx_word' id='word_1_186' title='bbox 331 1897 373 1940; x_wconf 86' lang='lat' dir='ltr'>ex</span> <span class='ocrx_word' id='word_1_187' title='bbox 396 1896 494 1940; x_wconf 88' lang='lat' dir='ltr'>more</span> <span class='ocrx_word' id='word_1_188' title='bbox 516 1861 712 1943; x_wconf 68' lang='lat' dir='ltr'>declamare</span> <span class='ocrx_word' id='word_1_189' title='bbox 731 1873 866 1958; x_wconf 90' lang='lat' dir='ltr'>solent,</span> <span class='ocrx_word' id='word_1_190' title='bbox 899 1874 928 1943; x_wconf 90' lang='lat' dir='ltr'>si</span> <span class='ocrx_word' id='word_1_191' title='bbox 954 1878 1014 1968; x_wconf 93' lang='lat' dir='ltr'>qui</span> <span class='ocrx_word' id='word_1_192' title='bbox 1037 1877 1157 1946; x_wconf 85' lang='lat' dir='ltr'>forsan</span> <span class='ocrx_word' id='word_1_193' title='bbox 1210 1872 1333 1956; x_wconf 89' lang='lat' dir='ltr'>baries,</span> <span class='ocrx_word' id='word_1_194' title='bbox 1360 1873 1421 1965; x_wconf 92' lang='lat' dir='ltr'>qui</span> <span class='ocrx_word' id='word_1_195' title='bbox 1436 1868 1587 1967; x_wconf 90' lang='lat' dir='ltr'>Scythae</span> <span class='ocrx_word' id='word_1_196' title='bbox 1605 1873 1747 1958; x_wconf 86' lang='lat' dir='ltr'>iudicia,</span> <span class='ocrx_word' id='word_1_197' title='bbox 1771 1874 1876 1965; x_wconf 90' lang='lat' dir='ltr'>aequi</span> <span class='ocrx_word' id='word_1_198' title='bbox 1893 1889 1926 1943; x_wconf 90' lang='lat' dir='ltr'>et</span> <span class='ocrx_word' id='word_1_199' title='bbox 1943 1872 2060 1965; x_wconf 89' lang='lat' dir='ltr'>iniqui</span> <span class='ocrx_word' id='word_1_200' title='bbox 2073 1871 2202 1943; x_wconf 84' lang='lat' dir='ltr'>discri-</span> 
     </span>
     <span class='ocr_line' id='line_1_16' title="bbox 170 1969 2201 2069; baseline 0.002 -29"><span class='ocrx_word' id='word_1_201' title='bbox 170 1973 419 2042; x_wconf 87' lang='lat' dir='ltr'>imbecilliores</span> <span class='ocrx_word' id='word_1_202' title='bbox 440 1986 542 2064; x_wconf 89' lang='lat' dir='ltr'>sunt,</span> <span class='ocrx_word' id='word_1_203' title='bbox 569 1998 647 2043; x_wconf 92' lang='lat' dir='ltr'>meo</span> <span class='ocrx_word' id='word_1_204' title='bbox 667 1976 825 2066; x_wconf 81' lang='lat' dir='ltr'>exemplo</span> <span class='ocrx_word' id='word_1_205' title='bbox 844 1999 919 2044; x_wconf 91' lang='lat' dir='ltr'>uon</span> <span class='ocrx_word' id='word_1_206' title='bbox 935 1973 1027 2046; x_wconf 92' lang='lat' dir='ltr'>nihil</span> <span class='ocrx_word' id='word_1_207' title='bbox 1047 1979 1157 2047; x_wconf 92' lang='lat' dir='ltr'>animi</span> <span class='ocrx_word' id='word_1_208' title='bbox 1210 1999 1292 2042; x_wconf 91' lang='lat' dir='ltr'>men</span> <span class='ocrx_word' id='word_1_209' title='bbox 1308 1975 1459 2043; x_wconf 75' lang='lat' dir='ltr'>ensedio</span> <span class='ocrx_word' id='word_1_210' title='bbox 1482 1973 1637 2046; x_wconf 82' lang='lat' dir='ltr'>tollunt?</span> <span class='ocrx_word' id='word_1_211' title='bbox 1668 1969 1718 2044; x_wconf 81' lang='lat' dir='ltr'>Et</span> <span class='ocrx_word' id='word_1_212' title='bbox 1731 1975 1863 2046; x_wconf 88' lang='lat' dir='ltr'>audent</span> <span class='ocrx_word' id='word_1_213' title='bbox 1879 1969 1947 2044; x_wconf 93' lang='lat' dir='ltr'>hoc</span> <span class='ocrx_word' id='word_1_214' title='bbox 1961 1971 2104 2045; x_wconf 87' lang='lat' dir='ltr'>Christo</span> <span class='ocrx_word' id='word_1_215' title='bbox 2119 1974 2201 2069; x_wconf 88' lang='lat' dir='ltr'>qui-</span> 
     </span>
     <span class='ocr_line' id='line_1_17' title="bbox 169 2072 2201 2168; baseline 0.001 -26"><span class='ocrx_word' id='word_1_216' title='bbox 169 2075 316 2154; x_wconf 90' lang='lat' dir='ltr'>addam‚</span> <span class='ocrx_word' id='word_1_217' title='bbox 344 2090 377 2144; x_wconf 85' lang='lat' dir='ltr'>et</span> <span class='ocrx_word' id='word_1_218' title='bbox 392 2089 560 2167; x_wconf 91' lang='lat' dir='ltr'>tanquam</span> <span class='ocrx_word' id='word_1_219' title='bbox 577 2075 759 2144; x_wconf 89' lang='lat' dir='ltr'>classicum</span> <span class='ocrx_word' id='word_1_220' title='bbox 774 2100 914 2146; x_wconf 84' lang='lat' dir='ltr'>canam:</span> <span class='ocrx_word' id='word_1_221' title='bbox 940 2075 1091 2161; x_wconf 81' lang='lat' dir='ltr'>Deinde,</span> <span class='ocrx_word' id='word_1_222' title='bbox 1118 2094 1158 2151; x_wconf 79' lang='lat' dir='ltr'>ut</span> <span class='ocrx_word' id='word_1_223' title='bbox 1210 2077 1311 2153; x_wconf 89' lang='lat' dir='ltr'>dam,</span> <span class='ocrx_word' id='word_1_224' title='bbox 1345 2075 1376 2144; x_wconf 92' lang='lat' dir='ltr'>si</span> <span class='ocrx_word' id='word_1_225' title='bbox 1398 2076 1535 2163; x_wconf 91' lang='lat' dir='ltr'>superis</span> <span class='ocrx_word' id='word_1_226' title='bbox 1560 2077 1690 2168; x_wconf 89' lang='lat' dir='ltr'>placet,</span> <span class='ocrx_word' id='word_1_227' title='bbox 1723 2072 1917 2146; x_wconf 87' lang='lat' dir='ltr'>Christiani</span> <span class='ocrx_word' id='word_1_228' title='bbox 1940 2072 2111 2147; x_wconf 90' lang='lat' dir='ltr'>Doctores</span> <span class='ocrx_word' id='word_1_229' title='bbox 2135 2075 2201 2146; x_wconf 89' lang='lat' dir='ltr'>tri·</span> 
     </span>
     <span class='ocr_line' id='line_1_18' title="bbox 170 2172 2202 2268; baseline 0.001 -22"><span class='ocrx_word' id='word_1_230' title='bbox 170 2177 327 2246; x_wconf 89' lang='lat' dir='ltr'>eruditos</span> <span class='ocrx_word' id='word_1_231' title='bbox 344 2201 468 2246; x_wconf 91' lang='lat' dir='ltr'>omnes</span> <span class='ocrx_word' id='word_1_232' title='bbox 483 2176 626 2268; x_wconf 88' lang='lat' dir='ltr'>publica</span> <span class='ocrx_word' id='word_1_233' title='bbox 643 2201 729 2247; x_wconf 92' lang='lat' dir='ltr'>voce</span> <span class='ocrx_word' id='word_1_234' title='bbox 752 2180 918 2266; x_wconf 83' lang='lat' dir='ltr'>rogitem,</span> <span class='ocrx_word' id='word_1_235' title='bbox 943 2193 984 2251; x_wconf 94' lang='lat' dir='ltr'>ut</span> <span class='ocrx_word' id='word_1_236' title='bbox 1005 2181 1043 2250; x_wconf 92' lang='lat' dir='ltr'>in</span> <span class='ocrx_word' id='word_1_237' title='bbox 1068 2176 1159 2251; x_wconf 89' lang='lat' dir='ltr'>hanc</span> <span class='ocrx_word' id='word_1_238' title='bbox 1209 2175 1343 2246; x_wconf 80' lang='lat' dir='ltr'>huere?</span> <span class='ocrx_word' id='word_1_239' title='bbox 1389 2173 1485 2263; x_wconf 90' lang='lat' dir='ltr'>Quid</span> <span class='ocrx_word' id='word_1_240' title='bbox 1517 2191 1585 2258; x_wconf 87' lang='lat' dir='ltr'>est,</span> <span class='ocrx_word' id='word_1_241' title='bbox 1621 2180 1651 2245; x_wconf 92' lang='lat' dir='ltr'>si</span> <span class='ocrx_word' id='word_1_242' title='bbox 1674 2172 1760 2247; x_wconf 91' lang='lat' dir='ltr'>haec</span> <span class='ocrx_word' id='word_1_243' title='bbox 1782 2200 1856 2246; x_wconf 93' lang='lat' dir='ltr'>non</span> <span class='ocrx_word' id='word_1_244' title='bbox 1881 2191 1932 2247; x_wconf 86' lang='lat' dir='ltr'>est</span> <span class='ocrx_word' id='word_1_245' title='bbox 1961 2177 2202 2248; x_wconf 78' lang='lat' dir='ltr'>contumelia?</span> 
     </span>
     <span class='ocr_line' id='line_1_19' title="bbox 169 2273 2200 2373; baseline 0.001 -25"><span class='ocrx_word' id='word_1_246' title='bbox 169 2301 312 2348; x_wconf 86' lang='lat' dir='ltr'>arenam</span> <span class='ocrx_word' id='word_1_247' title='bbox 331 2294 364 2348; x_wconf 90' lang='lat' dir='ltr'>et</span> <span class='ocrx_word' id='word_1_248' title='bbox 380 2278 447 2369; x_wconf 88' lang='lat' dir='ltr'>ipsi</span> <span class='ocrx_word' id='word_1_249' title='bbox 467 2279 659 2371; x_wconf 86' lang='lat' dir='ltr'>aliquando</span> <span class='ocrx_word' id='word_1_250' title='bbox 676 2281 910 2364; x_wconf 89' lang='lat' dir='ltr'>descendant,</span> <span class='ocrx_word' id='word_1_251' title='bbox 934 2307 1015 2352; x_wconf 91' lang='lat' dir='ltr'>cum</span> <span class='ocrx_word' id='word_1_252' title='bbox 1040 2284 1158 2373; x_wconf 89' lang='lat' dir='ltr'>pueris</span> <span class='ocrx_word' id='word_1_253' title='bbox 1210 2275 1284 2365; x_wconf 88' lang='lat' dir='ltr'>Qui</span> <span class='ocrx_word' id='word_1_254' title='bbox 1315 2301 1357 2346; x_wconf 80' lang='lat' dir='ltr'>ex</span> <span class='ocrx_word' id='word_1_255' title='bbox 1381 2277 1572 2366; x_wconf 90' lang='lat' dir='ltr'>gentilibus</span> <span class='ocrx_word' id='word_1_256' title='bbox 1591 2273 1820 2371; x_wconf 90' lang='lat' dir='ltr'>Philosophis</span> <span class='ocrx_word' id='word_1_257' title='bbox 1842 2279 1881 2347; x_wconf 90' lang='lat' dir='ltr'>iu</span> <span class='ocrx_word' id='word_1_258' title='bbox 1902 2273 2084 2350; x_wconf 88' lang='lat' dir='ltr'>Christum</span> <span class='ocrx_word' id='word_1_259' title='bbox 2106 2279 2200 2373; x_wconf 88' lang='lat' dir='ltr'>stylo</span> 
     </span>
     <span class='ocr_line' id='line_1_20' title="bbox 170 2375 2201 2474; baseline 0 -25"><span class='ocrx_word' id='word_1_260' title='bbox 170 2379 352 2452; x_wconf 87' lang='lat' dir='ltr'>collusuri.</span> <span class='ocrx_word' id='word_1_261' title='bbox 404 2379 585 2450; x_wconf 88' lang='lat' dir='ltr'>Socratem</span> <span class='ocrx_word' id='word_1_262' title='bbox 609 2376 703 2448; x_wconf 89' lang='lat' dir='ltr'>nihil</span> <span class='ocrx_word' id='word_1_263' title='bbox 725 2381 853 2471; x_wconf 89' lang='lat' dir='ltr'>puduit</span> <span class='ocrx_word' id='word_1_264' title='bbox 870 2397 956 2454; x_wconf 90' lang='lat' dir='ltr'>natu</span> <span class='ocrx_word' id='word_1_265' title='bbox 977 2387 1159 2474; x_wconf 82' lang='lat' dir='ltr'>grandem,</span> <span class='ocrx_word' id='word_1_266' title='bbox 1210 2375 1415 2449; x_wconf 90' lang='lat' dir='ltr'>debacchati</span> <span class='ocrx_word' id='word_1_267' title='bbox 1445 2379 1552 2449; x_wconf 79' lang='lat' dir='ltr'>sunt?</span> <span class='ocrx_word' id='word_1_268' title='bbox 1592 2377 1715 2450; x_wconf 92' lang='lat' dir='ltr'>Unum</span> <span class='ocrx_word' id='word_1_269' title='bbox 1744 2375 1813 2450; x_wconf 89' lang='lat' dir='ltr'>boc</span> <span class='ocrx_word' id='word_1_270' title='bbox 1839 2381 1913 2451; x_wconf 83' lang='lat' dir='ltr'>lere</span> <span class='ocrx_word' id='word_1_271' title='bbox 1943 2380 2201 2467; x_wconf 89' lang='lat' dir='ltr'>causilicantur,</span> 
     </span>
     <span class='ocr_line' id='line_1_21' title="bbox 168 2472 2201 2575; baseline 0.003 -25"><span class='ocrx_word' id='word_1_272' title='bbox 168 2505 249 2550; x_wconf 81' lang='lat' dir='ltr'>curn</span> <span class='ocrx_word' id='word_1_273' title='bbox 266 2472 384 2571; x_wconf 84' lang='lat' dir='ltr'>parvis</span> <span class='ocrx_word' id='word_1_274' title='bbox 398 2480 517 2549; x_wconf 81' lang='lat' dir='ltr'>filiolis</span> <span class='ocrx_word' id='word_1_275' title='bbox 532 2480 701 2574; x_wconf 84' lang='lat' dir='ltr'>equitare,</span> <span class='ocrx_word' id='word_1_276' title='bbox 719 2496 759 2552; x_wconf 88' lang='lat' dir='ltr'>ut</span> <span class='ocrx_word' id='word_1_277' title='bbox 772 2484 833 2552; x_wconf 86' lang='lat' dir='ltr'>ille</span> <span class='ocrx_word' id='word_1_278' title='bbox 847 2485 908 2572; x_wconf 85' lang='lat' dir='ltr'>ait,</span> <span class='ocrx_word' id='word_1_279' title='bbox 927 2486 966 2553; x_wconf 80' lang='lat' dir='ltr'>in</span> <span class='ocrx_word' id='word_1_280' title='bbox 981 2488 1158 2556; x_wconf 83' lang='lat' dir='ltr'>arundine</span> <span class='ocrx_word' id='word_1_281' title='bbox 1211 2482 1304 2573; x_wconf 87' lang='lat' dir='ltr'>quod</span> <span class='ocrx_word' id='word_1_282' title='bbox 1329 2481 1501 2573; x_wconf 86' lang='lat' dir='ltr'>quaedam</span> <span class='ocrx_word' id='word_1_283' title='bbox 1531 2481 1624 2571; x_wconf 76' lang='lat' dir='ltr'>leges</span> <span class='ocrx_word' id='word_1_284' title='bbox 1655 2507 1781 2574; x_wconf 85' lang='lat' dir='ltr'>parum</span> <span class='ocrx_word' id='word_1_285' title='bbox 1811 2483 1999 2552; x_wconf 85' lang='lat' dir='ltr'>videantur</span> <span class='ocrx_word' id='word_1_286' title='bbox 2028 2496 2130 2575; x_wconf 88' lang='lat' dir='ltr'>aptae</span> <span class='ocrx_word' id='word_1_287' title='bbox 2154 2483 2201 2553; x_wconf 87' lang='lat' dir='ltr'>ad</span> 
     </span>
     <span class='ocr_line' id='line_1_22' title="bbox 127 2579 2201 2678; baseline 0.001 -28"><span class='ocrx_word' id='word_1_288' title='bbox 127 2591 132 2602; x_wconf 93' lang='lat'>&#39;</span> <span class='ocrx_word' id='word_1_289' title='bbox 169 2583 295 2670; x_wconf 85' lang='lat' dir='ltr'>longa:</span> <span class='ocrx_word' id='word_1_290' title='bbox 327 2597 459 2674; x_wconf 87' lang='lat' dir='ltr'>quanto</span> <span class='ocrx_word' id='word_1_291' title='bbox 483 2583 602 2651; x_wconf 89' lang='lat' dir='ltr'>minus</span> <span class='ocrx_word' id='word_1_292' title='bbox 617 2583 719 2651; x_wconf 87' lang='lat' dir='ltr'>vobis</span> <span class='ocrx_word' id='word_1_293' title='bbox 735 2584 822 2653; x_wconf 90' lang='lat' dir='ltr'>vitio</span> <span class='ocrx_word' id='word_1_294' title='bbox 841 2589 968 2676; x_wconf 90' lang='lat' dir='ltr'>poterit</span> <span class='ocrx_word' id='word_1_295' title='bbox 983 2589 1072 2656; x_wconf 90' lang='lat' dir='ltr'>verti</span> <span class='ocrx_word' id='word_1_296' title='bbox 1093 2584 1160 2657; x_wconf 88' lang='lat' dir='ltr'>ho-</span> <span class='ocrx_word' id='word_1_297' title='bbox 1210 2582 1351 2651; x_wconf 90' lang='lat' dir='ltr'>civilem</span> <span class='ocrx_word' id='word_1_298' title='bbox 1377 2582 1684 2668; x_wconf 89' lang='lat' dir='ltr'>consuetudinem,</span> <span class='ocrx_word' id='word_1_299' title='bbox 1715 2583 1987 2678; x_wconf 88' lang='lat' dir='ltr'>societatemque</span> <span class='ocrx_word' id='word_1_300' title='bbox 2012 2579 2201 2653; x_wconf 89' lang='lat' dir='ltr'>hominum</span> 
     </span>
     <span class='ocr_line' id='line_1_23' title="bbox 169 2680 2202 2778; baseline 0.002 -27"><span class='ocrx_word' id='word_1_301' title='bbox 169 2683 390 2752; x_wconf 90' lang='lat' dir='ltr'>nestissimus</span> <span class='ocrx_word' id='word_1_302' title='bbox 414 2699 580 2768; x_wconf 92' lang='lat' dir='ltr'>conatus,</span> <span class='ocrx_word' id='word_1_303' title='bbox 606 2682 637 2751; x_wconf 89' lang='lat' dir='ltr'>si</span> <span class='ocrx_word' id='word_1_304' title='bbox 659 2709 741 2754; x_wconf 93' lang='lat' dir='ltr'>cum</span> <span class='ocrx_word' id='word_1_305' title='bbox 762 2680 829 2755; x_wconf 92' lang='lat' dir='ltr'>hoc</span> <span class='ocrx_word' id='word_1_306' title='bbox 851 2709 953 2778; x_wconf 86' lang='lat' dir='ltr'>grege</span> <span class='ocrx_word' id='word_1_307' title='bbox 978 2690 1022 2756; x_wconf 92' lang='lat' dir='ltr'>de</span> <span class='ocrx_word' id='word_1_308' title='bbox 1047 2690 1159 2760; x_wconf 90' lang='lat' dir='ltr'>literis</span> <span class='ocrx_word' id='word_1_309' title='bbox 1212 2685 1397 2753; x_wconf 88' lang='lat' dir='ltr'>tuendam:</span> <span class='ocrx_word' id='word_1_310' title='bbox 1442 2706 1558 2776; x_wconf 91' lang='lat' dir='ltr'>neque</span> <span class='ocrx_word' id='word_1_311' title='bbox 1597 2699 1742 2769; x_wconf 83' lang='lat' dir='ltr'>censent</span> <span class='ocrx_word' id='word_1_312' title='bbox 1780 2685 1855 2755; x_wconf 94' lang='lat' dir='ltr'>ullo</span> <span class='ocrx_word' id='word_1_313' title='bbox 1894 2688 2026 2773; x_wconf 92' lang='lat' dir='ltr'>probro</span> <span class='ocrx_word' id='word_1_314' title='bbox 2065 2681 2202 2756; x_wconf 91' lang='lat' dir='ltr'>Christi</span> 
     </span>
     <span class='ocr_line' id='line_1_24' title="bbox 169 2784 2203 2884; baseline 0.001 -31"><span class='ocrx_word' id='word_1_315' title='bbox 169 2809 430 2877; x_wconf 88' lang='lat' dir='ltr'>nonnunquam</span> <span class='ocrx_word' id='word_1_316' title='bbox 447 2785 748 2871; x_wconf 91' lang='lat' dir='ltr'>commentemini,</span> <span class='ocrx_word' id='word_1_317' title='bbox 774 2812 923 2880; x_wconf 91' lang='lat' dir='ltr'>quarum</span> <span class='ocrx_word' id='word_1_318' title='bbox 940 2812 1041 2859; x_wconf 89' lang='lat' dir='ltr'>causa</span> <span class='ocrx_word' id='word_1_319' title='bbox 1058 2792 1159 2884; x_wconf 90' lang='lat' dir='ltr'>quic·</span> <span class='ocrx_word' id='word_1_320' title='bbox 1210 2785 1418 2876; x_wconf 85' lang='lat' dir='ltr'>dignitatern</span> <span class='ocrx_word' id='word_1_321' title='bbox 1439 2785 1582 2874; x_wconf 89' lang='lat' dir='ltr'>gravius</span> <span class='ocrx_word' id='word_1_322' title='bbox 1605 2785 1697 2855; x_wconf 88' lang='lat' dir='ltr'>laedi</span> <span class='ocrx_word' id='word_1_323' title='bbox 1726 2809 1838 2878; x_wconf 85' lang='lat' dir='ltr'>posse.</span> <span class='ocrx_word' id='word_1_324' title='bbox 1888 2784 2028 2857; x_wconf 87' lang='lat' dir='ltr'>Horum</span> <span class='ocrx_word' id='word_1_325' title='bbox 2052 2786 2203 2858; x_wconf 88' lang='lat' dir='ltr'>vincunt</span> 
     </span>
     <span class='ocr_line' id='line_1_25' title="bbox 169 2886 2202 2981; baseline 0 -24"><span class='ocrx_word' id='word_1_326' title='bbox 169 2887 256 2979; x_wconf 91' lang='lat' dir='ltr'>quid</span> <span class='ocrx_word' id='word_1_327' title='bbox 286 2888 498 2978; x_wconf 89' lang='lat' dir='ltr'>susceperis,</span> <span class='ocrx_word' id='word_1_328' title='bbox 532 2887 675 2979; x_wconf 90' lang='lat' dir='ltr'>quando</span> <span class='ocrx_word' id='word_1_329' title='bbox 697 2890 858 2961; x_wconf 88' lang='lat' dir='ltr'>mortalia</span> <span class='ocrx_word' id='word_1_330' title='bbox 887 2886 980 2959; x_wconf 92' lang='lat' dir='ltr'>nihil</span> <span class='ocrx_word' id='word_1_331' title='bbox 1002 2891 1159 2961; x_wconf 92' lang='lat' dir='ltr'>divinius</span> <span class='ocrx_word' id='word_1_332' title='bbox 1211 2886 1400 2956; x_wconf 89' lang='lat' dir='ltr'>amentiam</span> <span class='ocrx_word' id='word_1_333' title='bbox 1420 2886 1553 2970; x_wconf 87' lang='lat' dir='ltr'>nostri,</span> <span class='ocrx_word' id='word_1_334' title='bbox 1578 2887 1641 2979; x_wconf 90' lang='lat' dir='ltr'>qui</span> <span class='ocrx_word' id='word_1_335' title='bbox 1659 2888 1697 2956; x_wconf 93' lang='lat' dir='ltr'>in</span> <span class='ocrx_word' id='word_1_336' title='bbox 1715 2888 1792 2979; x_wconf 91' lang='lat' dir='ltr'>ipso</span> <span class='ocrx_word' id='word_1_337' title='bbox 1814 2902 2016 2981; x_wconf 87' lang='lat' dir='ltr'>contemptu</span> <span class='ocrx_word' id='word_1_338' title='bbox 2038 2889 2202 2978; x_wconf 83' lang='lat' dir='ltr'>publico·</span> 
     </span>
     <span class='ocr_line' id='line_1_26' title="bbox 170 2983 2201 3084; baseline 0 -28"><span class='ocrx_word' id='word_1_339' title='bbox 170 2983 313 3071; x_wconf 90' lang='lat' dir='ltr'>habent,</span> <span class='ocrx_word' id='word_1_340' title='bbox 335 2988 476 3058; x_wconf 88' lang='lat' dir='ltr'>laudem</span> <span class='ocrx_word' id='word_1_341' title='bbox 494 3003 659 3060; x_wconf 89' lang='lat' dir='ltr'>meretur.</span> <span class='ocrx_word' id='word_1_342' title='bbox 687 2987 828 3077; x_wconf 89' lang='lat' dir='ltr'>Quaeso</span> <span class='ocrx_word' id='word_1_343' title='bbox 845 2991 978 3084; x_wconf 90' lang='lat' dir='ltr'>itaque,</span> <span class='ocrx_word' id='word_1_344' title='bbox 1000 3007 1041 3063; x_wconf 93' lang='lat' dir='ltr'>ut</span> <span class='ocrx_word' id='word_1_345' title='bbox 1056 2988 1159 3063; x_wconf 92' lang='lat' dir='ltr'>scho-</span> <span class='ocrx_word' id='word_1_346' title='bbox 1210 3012 1290 3057; x_wconf 91' lang='lat' dir='ltr'>rum</span> <span class='ocrx_word' id='word_1_347' title='bbox 1306 3010 1465 3071; x_wconf 90' lang='lat' dir='ltr'>morum,</span> <span class='ocrx_word' id='word_1_348' title='bbox 1490 2987 1578 3058; x_wconf 89' lang='lat' dir='ltr'>etin</span> <span class='ocrx_word' id='word_1_349' title='bbox 1595 2992 1786 3060; x_wconf 90' lang='lat' dir='ltr'>evertendo</span> <span class='ocrx_word' id='word_1_350' title='bbox 1803 2991 1969 3060; x_wconf 87' lang='lat' dir='ltr'>universo</span> <span class='ocrx_word' id='word_1_351' title='bbox 1984 2989 2079 3058; x_wconf 90' lang='lat' dir='ltr'>civili</span> <span class='ocrx_word' id='word_1_352' title='bbox 2096 3003 2201 3074; x_wconf 90' lang='lat' dir='ltr'>statu,</span> 
     </span>
     <span class='ocr_line' id='line_1_27' title="bbox 165 3085 2201 3186; baseline 0.002 -29"><span class='ocrx_word' id='word_1_353' title='bbox 165 3089 224 3159; x_wconf 52' lang='lat' dir='ltr'>‘lae</span> <span class='ocrx_word' id='word_1_354' title='bbox 249 3111 390 3177; x_wconf 89' lang='lat' dir='ltr'>operam</span> <span class='ocrx_word' id='word_1_355' title='bbox 415 3113 515 3159; x_wconf 91' lang='lat' dir='ltr'>suam</span> <span class='ocrx_word' id='word_1_356' title='bbox 537 3115 577 3159; x_wconf 90' lang='lat' dir='ltr'>ea</span> <span class='ocrx_word' id='word_1_357' title='bbox 602 3090 640 3158; x_wconf 91' lang='lat' dir='ltr'>in</span> <span class='ocrx_word' id='word_1_358' title='bbox 664 3114 702 3160; x_wconf 91' lang='lat' dir='ltr'>re</span> <span class='ocrx_word' id='word_1_359' title='bbox 727 3094 877 3163; x_wconf 90' lang='lat' dir='ltr'>candide</span> <span class='ocrx_word' id='word_1_360' title='bbox 899 3094 1160 3186; x_wconf 88' lang='lat' dir='ltr'>impertiantur,</span> <span class='ocrx_word' id='word_1_361' title='bbox 1213 3089 1374 3180; x_wconf 89' lang='lat' dir='ltr'>pietatem</span> <span class='ocrx_word' id='word_1_362' title='bbox 1393 3089 1578 3162; x_wconf 84' lang='lat' dir='ltr'>collocant.</span> <span class='ocrx_word' id='word_1_363' title='bbox 1631 3086 1732 3159; x_wconf 85' lang='lat' dir='ltr'>Adeo</span> <span class='ocrx_word' id='word_1_364' title='bbox 1754 3093 1799 3158; x_wconf 88' lang='lat' dir='ltr'>de</span> <span class='ocrx_word' id='word_1_365' title='bbox 1812 3085 1949 3161; x_wconf 89' lang='lat' dir='ltr'>Christi</span> <span class='ocrx_word' id='word_1_366' title='bbox 1971 3090 2115 3160; x_wconf 89' lang='lat' dir='ltr'>nomine</span> <span class='ocrx_word' id='word_1_367' title='bbox 2139 3113 2201 3159; x_wconf 89' lang='lat' dir='ltr'>su·</span> 
     </span>
     <span class='ocr_line' id='line_1_28' title="bbox 170 3189 2202 3284; baseline 0.001 -26"><span class='ocrx_word' id='word_1_368' title='bbox 170 3191 374 3284; x_wconf 90' lang='lat' dir='ltr'>quicunque</span> <span class='ocrx_word' id='word_1_369' title='bbox 389 3189 501 3259; x_wconf 90' lang='lat' dir='ltr'>literis</span> <span class='ocrx_word' id='word_1_370' title='bbox 514 3190 605 3259; x_wconf 88' lang='lat' dir='ltr'>bene</span> <span class='ocrx_word' id='word_1_371' title='bbox 622 3194 783 3283; x_wconf 89' lang='lat' dir='ltr'>cupiunt.</span> <span class='ocrx_word' id='word_1_372' title='bbox 833 3193 893 3265; x_wconf 93' lang='lat' dir='ltr'>Sic</span> <span class='ocrx_word' id='word_1_373' title='bbox 915 3197 1011 3264; x_wconf 89' lang='lat' dir='ltr'>enim</span> <span class='ocrx_word' id='word_1_374' title='bbox 1033 3211 1160 3284; x_wconf 90' lang='lat' dir='ltr'>statuo,</span> <span class='ocrx_word' id='word_1_375' title='bbox 1211 3191 1384 3282; x_wconf 88' lang='lat' dir='ltr'>perstili0‚</span> <span class='ocrx_word' id='word_1_376' title='bbox 1409 3191 1520 3282; x_wconf 87' lang='lat' dir='ltr'>peius,</span> <span class='ocrx_word' id='word_1_377' title='bbox 1545 3212 1652 3282; x_wconf 86' lang='lat' dir='ltr'>quam</span> <span class='ocrx_word' id='word_1_378' title='bbox 1668 3190 1783 3281; x_wconf 83' lang='lat' dir='ltr'>quiex</span> <span class='ocrx_word' id='word_1_379' title='bbox 1799 3193 1957 3278; x_wconf 85' lang='lat' dir='ltr'>professo</span> <span class='ocrx_word' id='word_1_380' title='bbox 1973 3194 2202 3276; x_wconf 91' lang='lat' dir='ltr'>insectantur,</span> 
     </span>
     <span class='ocr_line' id='line_1_29' title="bbox 169 3287 2200 3390; baseline 0 -30"><span class='ocrx_word' id='word_1_381' title='bbox 169 3291 346 3384; x_wconf 91' lang='lat' dir='ltr'>praeclare</span> <span class='ocrx_word' id='word_1_382' title='bbox 368 3292 411 3360; x_wconf 93' lang='lat' dir='ltr'>de</span> <span class='ocrx_word' id='word_1_383' title='bbox 432 3294 538 3375; x_wconf 85' lang='lat' dir='ltr'>rebus</span> <span class='ocrx_word' id='word_1_384' title='bbox 559 3287 725 3362; x_wconf 89' lang='lat' dir='ltr'>humanis</span> <span class='ocrx_word' id='word_1_385' title='bbox 749 3299 894 3382; x_wconf 89' lang='lat' dir='ltr'>mereri,</span> <span class='ocrx_word' id='word_1_386' title='bbox 927 3298 988 3390; x_wconf 93' lang='lat' dir='ltr'>qui</span> <span class='ocrx_word' id='word_1_387' title='bbox 1009 3296 1160 3389; x_wconf 90' lang='lat' dir='ltr'>puerilia</span> <span class='ocrx_word' id='word_1_388' title='bbox 1211 3305 1377 3364; x_wconf 89' lang='lat' dir='ltr'>meretur.</span> <span class='ocrx_word' id='word_1_389' title='bbox 1427 3289 1519 3360; x_wconf 88' lang='lat' dir='ltr'>Nam</span> <span class='ocrx_word' id='word_1_390' title='bbox 1542 3313 1623 3359; x_wconf 91' lang='lat' dir='ltr'>cum</span> <span class='ocrx_word' id='word_1_391' title='bbox 1638 3288 1712 3356; x_wconf 81' lang='lat' dir='ltr'>virn</span> <span class='ocrx_word' id='word_1_392' title='bbox 1734 3289 1875 3380; x_wconf 88' lang='lat' dir='ltr'>pietatis</span> <span class='ocrx_word' id='word_1_393' title='bbox 1893 3292 2051 3381; x_wconf 86' lang='lat' dir='ltr'>ignoret,</span> <span class='ocrx_word' id='word_1_394' title='bbox 2077 3308 2111 3363; x_wconf 93' lang='lat' dir='ltr'>et</span> <span class='ocrx_word' id='word_1_395' title='bbox 2135 3315 2200 3389; x_wconf 77' lang='lat' dir='ltr'>pro</span> 
     </span>
     <span class='ocr_line' id='line_1_30' title="bbox 170 3387 2202 3485; baseline 0 -23"><span class='ocrx_word' id='word_1_396' title='bbox 170 3392 286 3465; x_wconf 91' lang='lat' dir='ltr'>studia</span> <span class='ocrx_word' id='word_1_397' title='bbox 303 3387 461 3462; x_wconf 88' lang='lat' dir='ltr'>honestis</span> <span class='ocrx_word' id='word_1_398' title='bbox 475 3393 643 3485; x_wconf 86' lang='lat' dir='ltr'>exemplis</span> <span class='ocrx_word' id='word_1_399' title='bbox 657 3397 864 3466; x_wconf 90' lang='lat' dir='ltr'>accendunt.</span> <span class='ocrx_word' id='word_1_400' title='bbox 903 3398 978 3467; x_wconf 90' lang='lat' dir='ltr'>Iam</span> <span class='ocrx_word' id='word_1_401' title='bbox 996 3412 1158 3468; x_wconf 91' lang='lat' dir='ltr'>etmeam</span> <span class='ocrx_word' id='word_1_402' title='bbox 1210 3417 1275 3463; x_wconf 92' lang='lat' dir='ltr'>suo</span> <span class='ocrx_word' id='word_1_403' title='bbox 1295 3391 1443 3462; x_wconf 90' lang='lat' dir='ltr'>arbitrio</span> <span class='ocrx_word' id='word_1_404' title='bbox 1466 3389 1535 3462; x_wconf 91' lang='lat' dir='ltr'>sibi</span> <span class='ocrx_word' id='word_1_405' title='bbox 1552 3387 1647 3461; x_wconf 82' lang='lat' dir='ltr'>Deos</span> <span class='ocrx_word' id='word_1_406' title='bbox 1667 3391 1837 3473; x_wconf 85' lang='lat' dir='ltr'>somniet,</span> <span class='ocrx_word' id='word_1_407' title='bbox 1861 3416 1937 3461; x_wconf 95' lang='lat' dir='ltr'>non</span> <span class='ocrx_word' id='word_1_408' title='bbox 1957 3394 2065 3463; x_wconf 91' lang='lat' dir='ltr'>modo</span> <span class='ocrx_word' id='word_1_409' title='bbox 2085 3388 2202 3463; x_wconf 91' lang='lat' dir='ltr'>nihilo</span> 
     </span>
     <span class='ocr_line' id='line_1_31' title="bbox 168 3488 2200 3587; baseline -0.001 -24"><span class='ocrx_word' id='word_1_410' title='bbox 168 3495 373 3564; x_wconf 82' lang='lat' dir='ltr'>facilitatem</span> <span class='ocrx_word' id='word_1_411' title='bbox 396 3494 443 3564; x_wconf 92' lang='lat' dir='ltr'>ita</span> <span class='ocrx_word' id='word_1_412' title='bbox 466 3495 609 3564; x_wconf 92' lang='lat' dir='ltr'>demum</span> <span class='ocrx_word' id='word_1_413' title='bbox 632 3497 775 3587; x_wconf 87' lang='lat' dir='ltr'>probari</span> <span class='ocrx_word' id='word_1_414' title='bbox 797 3498 898 3568; x_wconf 90' lang='lat' dir='ltr'>vobis</span> <span class='ocrx_word' id='word_1_415' title='bbox 919 3499 1103 3580; x_wconf 89' lang='lat' dir='ltr'>iudicabo,</span> <span class='ocrx_word' id='word_1_416' title='bbox 1130 3499 1160 3569; x_wconf 89' lang='lat' dir='ltr'>si</span> <span class='ocrx_word' id='word_1_417' title='bbox 1211 3494 1341 3565; x_wconf 91' lang='lat' dir='ltr'>rectius</span> <span class='ocrx_word' id='word_1_418' title='bbox 1358 3495 1403 3563; x_wconf 91' lang='lat' dir='ltr'>de</span> <span class='ocrx_word' id='word_1_419' title='bbox 1418 3488 1561 3564; x_wconf 91' lang='lat' dir='ltr'>Christo</span> <span class='ocrx_word' id='word_1_420' title='bbox 1581 3492 1707 3579; x_wconf 90' lang='lat' dir='ltr'>sentit,</span> <span class='ocrx_word' id='word_1_421' title='bbox 1731 3516 1839 3586; x_wconf 86' lang='lat' dir='ltr'>quam</span> <span class='ocrx_word' id='word_1_422' title='bbox 1853 3489 2017 3578; x_wconf 86' lang='lat' dir='ltr'>Ethuici,</span> <span class='ocrx_word' id='word_1_423' title='bbox 2043 3495 2104 3562; x_wconf 92' lang='lat' dir='ltr'>sed</span> <span class='ocrx_word' id='word_1_424' title='bbox 2122 3493 2200 3584; x_wconf 88' lang='lat' dir='ltr'>pie-</span> 
     </span>
     <span class='ocr_line' id='line_1_32' title="bbox 169 3595 2204 3689; baseline -0 -25"><span class='ocrx_word' id='word_1_425' title='bbox 169 3596 303 3665; x_wconf 90' lang='lat' dir='ltr'>imitari</span> <span class='ocrx_word' id='word_1_426' title='bbox 318 3596 521 3687; x_wconf 89' lang='lat' dir='ltr'>coeperitis,</span> <span class='ocrx_word' id='word_1_427' title='bbox 549 3620 639 3689; x_wconf 92' lang='lat' dir='ltr'>quae</span> <span class='ocrx_word' id='word_1_428' title='bbox 654 3598 684 3665; x_wconf 92' lang='lat' dir='ltr'>si</span> <span class='ocrx_word' id='word_1_429' title='bbox 705 3599 846 3669; x_wconf 90' lang='lat' dir='ltr'>silentio</span> <span class='ocrx_word' id='word_1_430' title='bbox 860 3616 976 3671; x_wconf 91' lang='lat' dir='ltr'>vestro</span> <span class='ocrx_word' id='word_1_431' title='bbox 992 3604 1156 3672; x_wconf 86' lang='lat' dir='ltr'>damnata</span> <span class='ocrx_word' id='word_1_432' title='bbox 1212 3595 1294 3666; x_wconf 87' lang='lat' dir='ltr'>tatis</span> <span class='ocrx_word' id='word_1_433' title='bbox 1317 3596 1423 3665; x_wconf 89' lang='lat' dir='ltr'>etiam</span> <span class='ocrx_word' id='word_1_434' title='bbox 1452 3595 1597 3666; x_wconf 91' lang='lat' dir='ltr'>titulum</span> <span class='ocrx_word' id='word_1_435' title='bbox 1618 3595 1694 3673; x_wconf 79' lang='lat' dir='ltr'>sere</span> <span class='ocrx_word' id='word_1_436' title='bbox 1721 3595 1869 3686; x_wconf 89' lang='lat' dir='ltr'>privatis</span> <span class='ocrx_word' id='word_1_437' title='bbox 1891 3595 1988 3666; x_wconf 89' lang='lat' dir='ltr'>vitiis</span> <span class='ocrx_word' id='word_1_438' title='bbox 2019 3595 2204 3686; x_wconf 85' lang='lat' dir='ltr'>praetexit,</span> 
     </span>
     <span class='ocr_line' id='line_1_33' title="bbox 143 3686 2203 3793; baseline -0.001 -25"><span class='ocrx_word' id='word_1_439' title='bbox 143 3686 287 3782; x_wconf 55' lang='lat' dir='ltr'>luerit,</span> <span class='ocrx_word' id='word_1_440' title='bbox 314 3696 533 3784; x_wconf 87' lang='lat' dir='ltr'>boneDeus,</span> <span class='ocrx_word' id='word_1_441' title='bbox 560 3723 665 3791; x_wconf 87' lang='lat' dir='ltr'>quam</span> <span class='ocrx_word' id='word_1_442' title='bbox 681 3698 749 3789; x_wconf 91' lang='lat' dir='ltr'>ipsi</span> <span class='ocrx_word' id='word_1_443' title='bbox 765 3701 869 3769; x_wconf 90' lang='lat' dir='ltr'>nohis</span> <span class='ocrx_word' id='word_1_444' title='bbox 884 3696 1158 3793; x_wconf 88' lang='lat' dir='ltr'>displicebimus.</span> <span class='ocrx_word' id='word_1_445' title='bbox 1211 3722 1282 3791; x_wconf 91' lang='lat' dir='ltr'>quo</span> <span class='ocrx_word' id='word_1_446' title='bbox 1316 3696 1499 3785; x_wconf 87' lang='lat' dir='ltr'>sacrilegio</span> <span class='ocrx_word' id='word_1_447' title='bbox 1529 3690 1623 3764; x_wconf 91' lang='lat' dir='ltr'>nihil</span> <span class='ocrx_word' id='word_1_448' title='bbox 1651 3696 1929 3767; x_wconf 90' lang='lat' dir='ltr'>abominabilius</span> <span class='ocrx_word' id='word_1_449' title='bbox 1958 3697 2043 3787; x_wconf 85' lang='lat' dir='ltr'>tingi</span> <span class='ocrx_word' id='word_1_450' title='bbox 2075 3708 2203 3786; x_wconf 82' lang='lat' dir='ltr'>potest.</span> 
     </span>
     <span class='ocr_line' id='line_1_34' title="bbox 271 3790 2203 3897; baseline -0.001 -28"><span class='ocrx_word' id='word_1_451' title='bbox 271 3797 402 3869; x_wconf 90' lang='lat' dir='ltr'>Sumus</span> <span class='ocrx_word' id='word_1_452' title='bbox 428 3813 545 3868; x_wconf 82' lang='lat' dir='ltr'>autern</span> <span class='ocrx_word' id='word_1_453' title='bbox 576 3802 620 3868; x_wconf 91' lang='lat' dir='ltr'>de</span> <span class='ocrx_word' id='word_1_454' title='bbox 649 3800 785 3889; x_wconf 87' lang='lat' dir='ltr'>legibus</span> <span class='ocrx_word' id='word_1_455' title='bbox 805 3802 953 3887; x_wconf 88' lang='lat' dir='ltr'>dicturi,</span> <span class='ocrx_word' id='word_1_456' title='bbox 983 3808 1096 3897; x_wconf 85' lang='lat' dir='ltr'>deque</span> <span class='ocrx_word' id='word_1_457' title='bbox 1117 3829 1158 3874; x_wconf 90' lang='lat' dir='ltr'>eo</span> <span class='ocrx_word' id='word_1_458' title='bbox 1211 3797 1259 3869; x_wconf 84' lang='lat' dir='ltr'>Et</span> <span class='ocrx_word' id='word_1_459' title='bbox 1272 3800 1354 3892; x_wconf 89' lang='lat' dir='ltr'>quia</span> <span class='ocrx_word' id='word_1_460' title='bbox 1369 3798 1477 3868; x_wconf 89' lang='lat' dir='ltr'>vetuit</span> <span class='ocrx_word' id='word_1_461' title='bbox 1492 3793 1589 3867; x_wconf 92' lang='lat' dir='ltr'>Deus</span> <span class='ocrx_word' id='word_1_462' title='bbox 1604 3790 1761 3868; x_wconf 90' lang='lat' dir='ltr'>humano</span> <span class='ocrx_word' id='word_1_463' title='bbox 1778 3799 1926 3870; x_wconf 83' lang='lat' dir='ltr'>artificio</span> <span class='ocrx_word' id='word_1_464' title='bbox 1940 3799 2129 3889; x_wconf 87' lang='lat' dir='ltr'>imaginem</span> <span class='ocrx_word' id='word_1_465' title='bbox 2146 3795 2203 3867; x_wconf 91' lang='lat' dir='ltr'>sui</span> 
     </span>
     <span class='ocr_line' id='line_1_35' title="bbox 168 3897 2202 3994; baseline -0 -24"><span class='ocrx_word' id='word_1_466' title='bbox 168 3902 265 3981; x_wconf 87' lang='lat' dir='ltr'>iure,</span> <span class='ocrx_word' id='word_1_467' title='bbox 292 3903 385 3994; x_wconf 91' lang='lat' dir='ltr'>quod</span> <span class='ocrx_word' id='word_1_468' title='bbox 402 3903 438 3969; x_wconf 92' lang='lat' dir='ltr'>in</span> <span class='ocrx_word' id='word_1_469' title='bbox 457 3898 587 3971; x_wconf 92' lang='lat' dir='ltr'>scholis</span> <span class='ocrx_word' id='word_1_470' title='bbox 604 3897 671 3973; x_wconf 93' lang='lat' dir='ltr'>hoc</span> <span class='ocrx_word' id='word_1_471' title='bbox 692 3918 869 3994; x_wconf 90' lang='lat' dir='ltr'>tempore,</span> <span class='ocrx_word' id='word_1_472' title='bbox 896 3905 986 3976; x_wconf 89' lang='lat' dir='ltr'>etin</span> <span class='ocrx_word' id='word_1_473' title='bbox 1008 3906 1160 3992; x_wconf 89' lang='lat' dir='ltr'>iudiciis,</span> <span class='ocrx_word' id='word_1_474' title='bbox 1210 3900 1315 3989; x_wconf 84' lang='lat' dir='ltr'>frugi,</span> <span class='ocrx_word' id='word_1_475' title='bbox 1339 3922 1446 3992; x_wconf 89' lang='lat' dir='ltr'>seque</span> <span class='ocrx_word' id='word_1_476' title='bbox 1461 3922 1481 3967; x_wconf 91' lang='grc' dir='ltr'><strong>ε</strong></span> <span class='ocrx_word' id='word_1_477' title='bbox 1495 3920 1736 3989; x_wconf 81' lang='lat' dir='ltr'>suosermoue</span> <span class='ocrx_word' id='word_1_478' title='bbox 1752 3901 1915 3990; x_wconf 86' lang='lat' dir='ltr'>cognosci</span> <span class='ocrx_word' id='word_1_479' title='bbox 1930 3900 2061 3985; x_wconf 92' lang='lat' dir='ltr'>voluit,</span> <span class='ocrx_word' id='word_1_480' title='bbox 2085 3897 2149 3969; x_wconf 90' lang='lat' dir='ltr'>ubi</span> <span class='ocrx_word' id='word_1_481' title='bbox 2163 3921 2202 3968; x_wconf 85' lang='lat' dir='ltr'>se</span> 
     </span>
     <span class='ocr_line' id='line_1_36' title="bbox 169 3999 2203 4095; baseline -0.001 -23"><span class='ocrx_word' id='word_1_482' title='bbox 169 4004 324 4072; x_wconf 83' lang='lat' dir='ltr'>inbono</span> <span class='ocrx_word' id='word_1_483' title='bbox 347 3999 514 4091; x_wconf 84' lang='lat' dir='ltr'>Europae</span> <span class='ocrx_word' id='word_1_484' title='bbox 539 4016 637 4092; x_wconf 88' lang='lat' dir='ltr'>parte</span> <span class='ocrx_word' id='word_1_485' title='bbox 654 4018 788 4093; x_wconf 88' lang='lat' dir='ltr'>regnat.</span> <span class='ocrx_word' id='word_1_486' title='bbox 839 4004 928 4077; x_wconf 90' lang='lat' dir='ltr'>Nam</span> <span class='ocrx_word' id='word_1_487' title='bbox 953 4032 1011 4079; x_wconf 88' lang='lat' dir='ltr'>eae</span> <span class='ocrx_word' id='word_1_488' title='bbox 1036 4009 1159 4079; x_wconf 90' lang='lat' dir='ltr'>literae</span> <span class='ocrx_word' id='word_1_489' title='bbox 1210 4001 1315 4073; x_wconf 89' lang='lat' dir='ltr'>uobis</span> <span class='ocrx_word' id='word_1_490' title='bbox 1337 4001 1435 4070; x_wconf 91' lang='lat' dir='ltr'>velut</span> <span class='ocrx_word' id='word_1_491' title='bbox 1459 4001 1497 4070; x_wconf 94' lang='lat' dir='ltr'>in</span> <span class='ocrx_word' id='word_1_492' title='bbox 1519 4000 1642 4079; x_wconf 88' lang='lat' dir='ltr'>tabula</span> <span class='ocrx_word' id='word_1_493' title='bbox 1665 4001 1869 4088; x_wconf 86' lang='lat' dir='ltr'>deliniavit,</span> <span class='ocrx_word' id='word_1_494' title='bbox 1900 4016 2061 4095; x_wconf 90' lang='lat' dir='ltr'>petemus</span> <span class='ocrx_word' id='word_1_495' title='bbox 2084 4014 2117 4070; x_wconf 92' lang='lat' dir='ltr'>et</span> <span class='ocrx_word' id='word_1_496' title='bbox 2135 4023 2203 4070; x_wconf 84' lang='lat' dir='ltr'>nos</span> 
     </span>
     <span class='ocr_line' id='line_1_37' title="bbox 168 4094 2201 4203; baseline 0 -31"><span class='ocrx_word' id='word_1_497' title='bbox 168 4127 244 4172; x_wconf 93' lang='lat' dir='ltr'>non</span> <span class='ocrx_word' id='word_1_498' title='bbox 264 4126 378 4192; x_wconf 88' lang='lat' dir='ltr'>nuper</span> <span class='ocrx_word' id='word_1_499' title='bbox 394 4102 486 4170; x_wconf 89' lang='lat' dir='ltr'>male</span> <span class='ocrx_word' id='word_1_500' title='bbox 504 4102 629 4172; x_wconf 89' lang='lat' dir='ltr'>audire</span> <span class='ocrx_word' id='word_1_501' title='bbox 645 4119 853 4194; x_wconf 90' lang='lat' dir='ltr'>coeperunt,</span> <span class='ocrx_word' id='word_1_502' title='bbox 878 4132 958 4176; x_wconf 93' lang='lat' dir='ltr'>cum</span> <span class='ocrx_word' id='word_1_503' title='bbox 976 4110 1054 4180; x_wconf 87' lang='lat' dir='ltr'>aliis</span> <span class='ocrx_word' id='word_1_504' title='bbox 1071 4135 1158 4201; x_wconf 81' lang='lat' dir='ltr'>pro·</span> <span class='ocrx_word' id='word_1_505' title='bbox 1210 4129 1230 4173; x_wconf 88' lang='grc' dir='ltr'><strong>ε</strong></span> <span class='ocrx_word' id='word_1_506' title='bbox 1252 4103 1360 4172; x_wconf 90' lang='lat' dir='ltr'>sacris</span> <span class='ocrx_word' id='word_1_507' title='bbox 1378 4103 1510 4186; x_wconf 91' lang='lat' dir='ltr'>literis,</span> <span class='ocrx_word' id='word_1_508' title='bbox 1535 4101 1623 4194; x_wconf 92' lang='lat' dir='ltr'>quid</span> <span class='ocrx_word' id='word_1_509' title='bbox 1648 4102 1693 4170; x_wconf 92' lang='lat' dir='ltr'>de</span> <span class='ocrx_word' id='word_1_510' title='bbox 1716 4094 1894 4203; x_wconf 68' lang='lat' dir='ltr'>civilibus</span> <span class='ocrx_word' id='word_1_511' title='bbox 1904 4102 2041 4193; x_wconf 90' lang='lat' dir='ltr'>legibus</span> <span class='ocrx_word' id='word_1_512' title='bbox 2056 4101 2201 4172; x_wconf 86' lang='lat' dir='ltr'>divinus</span> 
     </span>
     <span class='ocr_line' id='line_1_38' title="bbox 169 4201 2202 4303; baseline 0 -31"><span class='ocrx_word' id='word_1_513' title='bbox 169 4201 369 4297; x_wconf 89' lang='lat' dir='ltr'>phanarum</span> <span class='ocrx_word' id='word_1_514' title='bbox 386 4204 502 4290; x_wconf 90' lang='lat' dir='ltr'>legum</span> <span class='ocrx_word' id='word_1_515' title='bbox 519 4227 644 4295; x_wconf 90' lang='lat' dir='ltr'>parum</span> <span class='ocrx_word' id='word_1_516' title='bbox 660 4205 716 4296; x_wconf 89' lang='lat' dir='ltr'>pia</span> <span class='ocrx_word' id='word_1_517' title='bbox 737 4205 917 4296; x_wconf 83' lang='lat' dir='ltr'>professio,</span> <span class='ocrx_word' id='word_1_518' title='bbox 943 4207 1159 4303; x_wconf 90' lang='lat' dir='ltr'>indignaque</span> <span class='ocrx_word' id='word_1_519' title='bbox 1210 4204 1365 4294; x_wconf 85' lang='lat' dir='ltr'>Spiritus</span> <span class='ocrx_word' id='word_1_520' title='bbox 1386 4202 1598 4273; x_wconf 83' lang='lat' dir='ltr'>decreverit:</span> <span class='ocrx_word' id='word_1_521' title='bbox 1631 4225 1719 4294; x_wconf 86' lang='lat' dir='ltr'>quas</span> <span class='ocrx_word' id='word_1_522' title='bbox 1744 4226 1824 4274; x_wconf 90' lang='lat' dir='ltr'>cum</span> <span class='ocrx_word' id='word_1_523' title='bbox 1844 4205 1986 4275; x_wconf 89' lang='lat' dir='ltr'>coelesti</span> <span class='ocrx_word' id='word_1_524' title='bbox 2011 4228 2096 4273; x_wconf 86' lang='lat' dir='ltr'>voce</span> <span class='ocrx_word' id='word_1_525' title='bbox 2117 4226 2202 4293; x_wconf 86' lang='lat' dir='ltr'>pro—</span> 
     </span>
     <span class='ocr_line' id='line_1_39' title="bbox 169 4301 2201 4396; baseline -0.003 -17"><span class='ocrx_word' id='word_1_526' title='bbox 169 4301 384 4379; x_wconf 85' lang='lat' dir='ltr'>Christianis</span> <span class='ocrx_word' id='word_1_527' title='bbox 402 4305 560 4384; x_wconf 85' lang='lat' dir='ltr'>videtur,</span> <span class='ocrx_word' id='word_1_528' title='bbox 584 4304 646 4374; x_wconf 92' lang='lat' dir='ltr'>alii</span> <span class='ocrx_word' id='word_1_529' title='bbox 662 4305 770 4376; x_wconf 90' lang='lat' dir='ltr'>satius</span> <span class='ocrx_word' id='word_1_530' title='bbox 787 4308 940 4390; x_wconf 90' lang='lat' dir='ltr'>ducunt,</span> <span class='ocrx_word' id='word_1_531' title='bbox 966 4323 1005 4379; x_wconf 91' lang='lat' dir='ltr'>ut</span> <span class='ocrx_word' id='word_1_532' title='bbox 1027 4311 1157 4380; x_wconf 90' lang='lat' dir='ltr'>iudicia</span> <span class='ocrx_word' id='word_1_533' title='bbox 1212 4306 1288 4374; x_wconf 91' lang='lat' dir='ltr'>bari</span> <span class='ocrx_word' id='word_1_534' title='bbox 1303 4305 1465 4390; x_wconf 88' lang='lat' dir='ltr'>audietis,</span> <span class='ocrx_word' id='word_1_535' title='bbox 1490 4302 1685 4396; x_wconf 81' lang='lat' dir='ltr'>perfuerit,</span> <span class='ocrx_word' id='word_1_536' title='bbox 1710 4318 1745 4373; x_wconf 91' lang='lat' dir='ltr'>et</span> <span class='ocrx_word' id='word_1_537' title='bbox 1759 4328 1966 4396; x_wconf 83' lang='lat' dir='ltr'>cognoscere</span> <span class='ocrx_word' id='word_1_538' title='bbox 1982 4304 2201 4394; x_wconf 86' lang='lat' dir='ltr'>diligentius,</span> 
     </span>
     <span class='ocr_line' id='line_1_40' title="bbox 170 4404 2202 4503; baseline -0 -26"><span class='ocrx_word' id='word_1_539' title='bbox 170 4432 245 4477; x_wconf 92' lang='lat' dir='ltr'>non</span> <span class='ocrx_word' id='word_1_540' title='bbox 268 4407 471 4496; x_wconf 89' lang='lat' dir='ltr'>improbent</span> <span class='ocrx_word' id='word_1_541' title='bbox 491 4428 651 4496; x_wconf 88' lang='lat' dir='ltr'>prorsus:</span> <span class='ocrx_word' id='word_1_542' title='bbox 678 4430 760 4475; x_wconf 89' lang='lat' dir='ltr'>nam</span> <span class='ocrx_word' id='word_1_543' title='bbox 784 4408 821 4476; x_wconf 93' lang='lat' dir='ltr'>id</span> <span class='ocrx_word' id='word_1_544' title='bbox 845 4432 907 4477; x_wconf 89' lang='lat' dir='ltr'>nec</span> <span class='ocrx_word' id='word_1_545' title='bbox 924 4404 1074 4503; x_wconf 89' lang='lat' dir='ltr'>Scythae</span> <span class='ocrx_word' id='word_1_546' title='bbox 1099 4437 1157 4481; x_wconf 92' lang='lat' dir='ltr'>so·</span> <span class='ocrx_word' id='word_1_547' title='bbox 1209 4420 1244 4478; x_wconf 90' lang='lat' dir='ltr'>et</span> <span class='ocrx_word' id='word_1_548' title='bbox 1264 4410 1452 4477; x_wconf 89' lang='lat' dir='ltr'>observare</span> <span class='ocrx_word' id='word_1_549' title='bbox 1474 4407 1638 4476; x_wconf 85' lang='lat' dir='ltr'>sanctius.</span> <span class='ocrx_word' id='word_1_550' title='bbox 1688 4404 1774 4478; x_wconf 86' lang='lat' dir='ltr'>Sese</span> <span class='ocrx_word' id='word_1_551' title='bbox 1798 4409 1892 4476; x_wconf 89' lang='lat' dir='ltr'>enim</span> <span class='ocrx_word' id='word_1_552' title='bbox 1911 4407 2091 4477; x_wconf 91' lang='lat' dir='ltr'>contemni</span> <span class='ocrx_word' id='word_1_553' title='bbox 2103 4404 2202 4477; x_wconf 85' lang='lat' dir='ltr'>Deus</span> 
     </span>
     <span class='ocr_line' id='line_1_41' title="bbox 170 4507 2202 4605; baseline -0.001 -26"><span class='ocrx_word' id='word_1_554' title='bbox 170 4511 263 4594; x_wconf 86' lang='lat' dir='ltr'>lent,</span> <span class='ocrx_word' id='word_1_555' title='bbox 288 4535 344 4580; x_wconf 88' lang='lat' dir='ltr'>res</span> <span class='ocrx_word' id='word_1_556' title='bbox 361 4532 401 4576; x_wconf 84' lang='lat' dir='ltr'>err</span> <span class='ocrx_word' id='word_1_557' title='bbox 418 4531 531 4602; x_wconf 90' lang='lat' dir='ltr'>aequo</span> <span class='ocrx_word' id='word_1_558' title='bbox 547 4522 580 4578; x_wconf 91' lang='lat' dir='ltr'>et</span> <span class='ocrx_word' id='word_1_559' title='bbox 597 4509 692 4578; x_wconf 94' lang='lat' dir='ltr'>bono</span> <span class='ocrx_word' id='word_1_560' title='bbox 708 4508 784 4579; x_wconf 92' lang='lat' dir='ltr'>sine</span> <span class='ocrx_word' id='word_1_561' title='bbox 797 4510 936 4602; x_wconf 86' lang='lat' dir='ltr'>scriptis</span> <span class='ocrx_word' id='word_1_562' title='bbox 950 4512 1086 4602; x_wconf 81' lang='lat' dir='ltr'>legibus</span> <span class='ocrx_word' id='word_1_563' title='bbox 1102 4516 1158 4582; x_wconf 85' lang='lat' dir='ltr'>iu-</span> <span class='ocrx_word' id='word_1_564' title='bbox 1211 4509 1399 4593; x_wconf 86' lang='lat' dir='ltr'>iudicabit,</span> <span class='ocrx_word' id='word_1_565' title='bbox 1431 4507 1460 4576; x_wconf 89' lang='lat' dir='ltr'>si</span> <span class='ocrx_word' id='word_1_566' title='bbox 1484 4507 1605 4577; x_wconf 89' lang='lat' dir='ltr'>civiles</span> <span class='ocrx_word' id='word_1_567' title='bbox 1636 4508 1730 4597; x_wconf 87' lang='lat' dir='ltr'>leges</span> <span class='ocrx_word' id='word_1_568' title='bbox 1760 4521 1944 4605; x_wconf 65' lang='lat' dir='ltr'>tantopere</span> <span class='ocrx_word' id='word_1_569' title='bbox 1974 4509 2079 4577; x_wconf 92' lang='lat' dir='ltr'>nobis</span> <span class='ocrx_word' id='word_1_570' title='bbox 2103 4532 2202 4576; x_wconf 90' lang='lat' dir='ltr'>com-</span> 
     </span>
     <span class='ocr_line' id='line_1_42' title="bbox 170 4606 2201 4705; baseline -0.002 -24"><span class='ocrx_word' id='word_1_571' title='bbox 170 4612 297 4681; x_wconf 90' lang='lat' dir='ltr'>dicare.</span> <span class='ocrx_word' id='word_1_572' title='bbox 347 4608 486 4691; x_wconf 89' lang='lat' dir='ltr'>Horum</span> <span class='ocrx_word' id='word_1_573' title='bbox 503 4608 695 4680; x_wconf 89' lang='lat' dir='ltr'>calumnias</span> <span class='ocrx_word' id='word_1_574' title='bbox 715 4636 781 4703; x_wconf 90' lang='lat' dir='ltr'>pro</span> <span class='ocrx_word' id='word_1_575' title='bbox 795 4613 906 4683; x_wconf 90' lang='lat' dir='ltr'>nostri</span> <span class='ocrx_word' id='word_1_576' title='bbox 926 4615 1059 4705; x_wconf 87' lang='lat' dir='ltr'>ingenii</span> <span class='ocrx_word' id='word_1_577' title='bbox 1085 4642 1159 4686; x_wconf 83' lang='lat' dir='ltr'>me·</span> <span class='ocrx_word' id='word_1_578' title='bbox 1210 4611 1391 4680; x_wconf 89' lang='lat' dir='ltr'>mendatas</span> <span class='ocrx_word' id='word_1_579' title='bbox 1413 4608 1675 4683; x_wconf 88' lang='lat' dir='ltr'>violaverimus.</span> <span class='ocrx_word' id='word_1_580' title='bbox 1725 4606 1796 4680; x_wconf 90' lang='lat' dir='ltr'>Sed</span> <span class='ocrx_word' id='word_1_581' title='bbox 1826 4632 1989 4678; x_wconf 85' lang='lat' dir='ltr'>recenseo</span> <span class='ocrx_word' id='word_1_582' title='bbox 2017 4609 2114 4679; x_wconf 89' lang='lat' dir='ltr'>locos</span> <span class='ocrx_word' id='word_1_583' title='bbox 2137 4607 2201 4701; x_wconf 91' lang='lat' dir='ltr'>qui</span> 
     </span>
     <span class='ocr_line' id='line_1_43' title="bbox 170 4709 2201 4810; baseline -0.002 -28"><span class='ocrx_word' id='word_1_584' title='bbox 170 4713 373 4796; x_wconf 88' lang='lat' dir='ltr'>diocritate,</span> <span class='ocrx_word' id='word_1_585' title='bbox 399 4712 558 4782; x_wconf 83' lang='lat' dir='ltr'>refellere</span> <span class='ocrx_word' id='word_1_586' title='bbox 575 4713 800 4798; x_wconf 90' lang='lat' dir='ltr'>conabimur,</span> <span class='ocrx_word' id='word_1_587' title='bbox 824 4729 865 4785; x_wconf 90' lang='lat' dir='ltr'>ut</span> <span class='ocrx_word' id='word_1_588' title='bbox 881 4718 1017 4810; x_wconf 89' lang='lat' dir='ltr'>eosqui</span> <span class='ocrx_word' id='word_1_589' title='bbox 1037 4719 1080 4785; x_wconf 91' lang='lat' dir='ltr'>ad</span> <span class='ocrx_word' id='word_1_590' title='bbox 1099 4741 1159 4807; x_wconf 88' lang='lat' dir='ltr'>ge·</span> <span class='ocrx_word' id='word_1_591' title='bbox 1210 4711 1346 4802; x_wconf 88' lang='lat' dir='ltr'>legibus</span> <span class='ocrx_word' id='word_1_592' title='bbox 1368 4711 1654 4802; x_wconf 88' lang='lat' dir='ltr'>patrocinantur,</span> <span class='ocrx_word' id='word_1_593' title='bbox 1678 4710 1877 4803; x_wconf 82' lang='lat' dir='ltr'>docentque</span> <span class='ocrx_word' id='word_1_594' title='bbox 1902 4709 1941 4778; x_wconf 91' lang='lat' dir='ltr'>in</span> <span class='ocrx_word' id='word_1_595' title='bbox 1955 4711 2061 4782; x_wconf 91' lang='lat' dir='ltr'>rebus</span> <span class='ocrx_word' id='word_1_596' title='bbox 2078 4710 2201 4801; x_wconf 90' lang='lat' dir='ltr'>publi-</span> 
     </span>
     <span class='ocr_line' id='line_1_44' title="bbox 168 4811 2202 4905; baseline -0.002 -19"><span class='ocrx_word' id='word_1_597' title='bbox 168 4816 315 4886; x_wconf 87' lang='lat' dir='ltr'>rendam</span> <span class='ocrx_word' id='word_1_598' title='bbox 337 4812 515 4905; x_wconf 85' lang='lat' dir='ltr'>Rempub.</span> <span class='ocrx_word' id='word_1_599' title='bbox 540 4814 628 4884; x_wconf 91' lang='lat' dir='ltr'>olim</span> <span class='ocrx_word' id='word_1_600' title='bbox 655 4817 825 4887; x_wconf 90' lang='lat' dir='ltr'>accessuri</span> <span class='ocrx_word' id='word_1_601' title='bbox 848 4830 950 4898; x_wconf 89' lang='lat' dir='ltr'>sunt,</span> <span class='ocrx_word' id='word_1_602' title='bbox 984 4821 1027 4888; x_wconf 90' lang='lat' dir='ltr'>ad</span> <span class='ocrx_word' id='word_1_603' title='bbox 1051 4814 1158 4889; x_wconf 89' lang='lat' dir='ltr'>huius</span> <span class='ocrx_word' id='word_1_604' title='bbox 1210 4815 1261 4883; x_wconf 89' lang='lat' dir='ltr'>cis</span> <span class='ocrx_word' id='word_1_605' title='bbox 1276 4813 1408 4884; x_wconf 90' lang='lat' dir='ltr'>iudicia</span> <span class='ocrx_word' id='word_1_606' title='bbox 1421 4835 1494 4880; x_wconf 89' lang='lat' dir='ltr'>esse</span> <span class='ocrx_word' id='word_1_607' title='bbox 1510 4812 1767 4893; x_wconf 86' lang='lat' dir='ltr'>constituenda,</span> <span class='ocrx_word' id='word_1_608' title='bbox 1790 4811 1953 4905; x_wconf 86' lang='lat' dir='ltr'>legesque</span> <span class='ocrx_word' id='word_1_609' title='bbox 1968 4813 2098 4883; x_wconf 86' lang='lat' dir='ltr'>rationi</span> <span class='ocrx_word' id='word_1_610' title='bbox 2113 4835 2202 4882; x_wconf 91' lang='lat' dir='ltr'>con-</span> 
     </span>
     <span class='ocr_line' id='line_1_45' title="bbox 170 4909 2202 5009; baseline -0.001 -24"><span class='ocrx_word' id='word_1_611' title='bbox 170 4916 378 5007; x_wconf 89' lang='lat' dir='ltr'>disciplinae</span> <span class='ocrx_word' id='word_1_612' title='bbox 402 4916 559 4986; x_wconf 87' lang='lat' dir='ltr'>studium</span> <span class='ocrx_word' id='word_1_613' title='bbox 583 4917 784 4991; x_wconf 86' lang='lat' dir='ltr'>invitemus.</span> <span class='ocrx_word' id='word_1_614' title='bbox 833 4916 1072 5009; x_wconf 67' lang='lat' dir='ltr'>Praegrauant</span> <span class='ocrx_word' id='word_1_615' title='bbox 1094 4944 1158 4990; x_wconf 87' lang='lat' dir='ltr'>au·</span> <span class='ocrx_word' id='word_1_616' title='bbox 1206 4915 1452 4995; x_wconf 70' lang='lat' dir='ltr'>sentaneasds</span> <span class='ocrx_word' id='word_1_617' title='bbox 1470 4914 1577 4983; x_wconf 74' lang='lat' dir='ltr'>rebus</span> <span class='ocrx_word' id='word_1_618' title='bbox 1593 4909 1852 4996; x_wconf 73' lang='lat' dir='ltr'>herciscundiS,</span> <span class='ocrx_word' id='word_1_619' title='bbox 1880 4915 1924 4984; x_wconf 90' lang='lat' dir='ltr'>de</span> <span class='ocrx_word' id='word_1_620' title='bbox 1941 4914 2098 4985; x_wconf 90' lang='lat' dir='ltr'>sontium</span> <span class='ocrx_word' id='word_1_621' title='bbox 2114 4936 2202 5006; x_wconf 86' lang='lat' dir='ltr'>poe·</span> 
     </span>
     <span class='ocr_line' id='line_1_46' title="bbox 169 5009 1875 5111; baseline -0.001 -23"><span class='ocrx_word' id='word_1_622' title='bbox 169 5032 240 5090; x_wconf 91' lang='lat' dir='ltr'>tem</span> <span class='ocrx_word' id='word_1_623' title='bbox 265 5014 356 5087; x_wconf 90' lang='lat' dir='ltr'>hanc</span> <span class='ocrx_word' id='word_1_624' title='bbox 376 5041 516 5087; x_wconf 90' lang='lat' dir='ltr'>causam</span> <span class='ocrx_word' id='word_1_625' title='bbox 530 5019 677 5088; x_wconf 87' lang='lat' dir='ltr'>mirifice</span> <span class='ocrx_word' id='word_1_626' title='bbox 695 5013 762 5090; x_wconf 94' lang='lat' dir='ltr'>hoc</span> <span class='ocrx_word' id='word_1_627' title='bbox 778 5033 935 5111; x_wconf 91' lang='lat' dir='ltr'>tempore</span> <span class='ocrx_word' id='word_1_628' title='bbox 948 5019 1156 5092; x_wconf 86' lang='lat' dir='ltr'>&#39;Doctorculi</span> <span class='ocrx_word' id='word_1_629' title='bbox 1210 5017 1283 5102; x_wconf 83' lang='lat' dir='ltr'>nis,</span> <span class='ocrx_word' id='word_1_630' title='bbox 1309 5030 1345 5086; x_wconf 90' lang='lat' dir='ltr'>et</span> <span class='ocrx_word' id='word_1_631' title='bbox 1358 5009 1520 5084; x_wconf 85' lang='lat' dir='ltr'>aliishoc</span> <span class='ocrx_word' id='word_1_632' title='bbox 1535 5037 1646 5106; x_wconf 88' lang='lat' dir='ltr'>genus</span> <span class='ocrx_word' id='word_1_633' title='bbox 1660 5012 1746 5083; x_wconf 75' lang='lat' dir='ltr'>terri</span> <span class='ocrx_word' id='word_1_634' title='bbox 1762 5036 1875 5102; x_wconf 80' lang='lat' dir='ltr'>posse·</span> 
     </span>
     <span class='ocr_line' id='line_1_47' title="bbox 169 5114 2200 5214; baseline -0.001 -25"><span class='ocrx_word' id='word_1_635' title='bbox 169 5120 326 5214; x_wconf 87' lang='lat' dir='ltr'>quidam,</span> <span class='ocrx_word' id='word_1_636' title='bbox 352 5121 412 5212; x_wconf 86' lang='lat' dir='ltr'>qui</span> <span class='ocrx_word' id='word_1_637' title='bbox 431 5143 509 5188; x_wconf 92' lang='lat' dir='ltr'>cum</span> <span class='ocrx_word' id='word_1_638' title='bbox 524 5122 596 5188; x_wconf 78' lang='lat' dir='ltr'>t&#39;ere</span> <span class='ocrx_word' id='word_1_639' title='bbox 610 5121 681 5190; x_wconf 87' lang='lat' dir='ltr'>sint</span> <span class='ocrx_word' id='word_1_640' title='bbox 695 5119 814 5202; x_wconf 77' lang='grc' dir='ltr'><strong>ἄθεοι,</strong></span> <span class='ocrx_word' id='word_1_641' title='bbox 839 5134 957 5192; x_wconf 90' lang='lat' dir='ltr'>tamen</span> <span class='ocrx_word' id='word_1_642' title='bbox 972 5120 1157 5214; x_wconf 83' lang='lat' dir='ltr'>Evangelii</span> <span class='ocrx_word' id='word_1_643' title='bbox 1188 5121 1190 5126; x_wconf 71' lang='grc'>’</span> <span class='ocrx_word' id='word_1_644' title='bbox 1311 5115 1472 5187; x_wconf 87' lang='lat' dir='ltr'>Primum</span> <span class='ocrx_word' id='word_1_645' title='bbox 1485 5117 1544 5212; x_wconf 87' lang='lat' dir='ltr'>ius</span> <span class='ocrx_word' id='word_1_646' title='bbox 1558 5116 1693 5186; x_wconf 86' lang='lat' dir='ltr'>faciunt</span> <span class='ocrx_word' id='word_1_647' title='bbox 1714 5114 1820 5185; x_wconf 91' lang='lat' dir='ltr'>nobis</span> <span class='ocrx_word' id='word_1_648' title='bbox 1838 5139 1956 5187; x_wconf 84' lang='lat' dir='ltr'>sacrae</span> <span class='ocrx_word' id='word_1_649' title='bbox 1970 5114 2115 5206; x_wconf 85' lang='lat' dir='ltr'>literae,</span> <span class='ocrx_word' id='word_1_650' title='bbox 2141 5117 2200 5187; x_wconf 90' lang='lat' dir='ltr'>vel</span> 
     </span>
     <span class='ocr_line' id='line_1_48' title="bbox 168 5212 2201 5316; baseline -0 -25"><span class='ocrx_word' id='word_1_651' title='bbox 168 5235 349 5314; x_wconf 83' lang='lat' dir='ltr'>praetextu</span> <span class='ocrx_word' id='word_1_652' title='bbox 366 5221 589 5315; x_wconf 90' lang='lat' dir='ltr'>tyrannidem</span> <span class='ocrx_word' id='word_1_653' title='bbox 602 5237 747 5311; x_wconf 88' lang='lat' dir='ltr'>gerunt,</span> <span class='ocrx_word' id='word_1_654' title='bbox 772 5237 806 5293; x_wconf 89' lang='lat' dir='ltr'>et</span> <span class='ocrx_word' id='word_1_655' title='bbox 822 5247 888 5316; x_wconf 93' lang='lat' dir='ltr'>pro</span> <span class='ocrx_word' id='word_1_656' title='bbox 909 5223 1062 5294; x_wconf 88' lang='lat' dir='ltr'>libidine</span> <span class='ocrx_word' id='word_1_657' title='bbox 1076 5250 1155 5294; x_wconf 94' lang='lat' dir='ltr'>cum</span> <span class='ocrx_word' id='word_1_658' title='bbox 1210 5219 1401 5308; x_wconf 86' lang='lat' dir='ltr'>gentilibus</span> <span class='ocrx_word' id='word_1_659' title='bbox 1422 5218 1478 5287; x_wconf 92' lang='lat' dir='ltr'>vel</span> <span class='ocrx_word' id='word_1_660' title='bbox 1494 5215 1657 5287; x_wconf 88' lang='lat' dir='ltr'>mosaicis</span> <span class='ocrx_word' id='word_1_661' title='bbox 1670 5216 1808 5305; x_wconf 87' lang='lat' dir='ltr'>legibus</span> <span class='ocrx_word' id='word_1_662' title='bbox 1830 5215 1868 5287; x_wconf 92' lang='lat' dir='ltr'>in</span> <span class='ocrx_word' id='word_1_663' title='bbox 1883 5212 2080 5308; x_wconf 88' lang='lat' dir='ltr'>prophanis</span> <span class='ocrx_word' id='word_1_664' title='bbox 2090 5220 2201 5290; x_wconf 89' lang='lat' dir='ltr'>rebus</span> 
     </span>
     <span class='ocr_line' id='line_1_49' title="bbox 170 5314 2201 5419; baseline -0.002 -24"><span class='ocrx_word' id='word_1_665' title='bbox 170 5323 362 5408; x_wconf 87' lang='lat' dir='ltr'>humanas,</span> <span class='ocrx_word' id='word_1_666' title='bbox 396 5338 470 5392; x_wconf 90' lang='lat' dir='ltr'>tum</span> <span class='ocrx_word' id='word_1_667' title='bbox 498 5323 638 5392; x_wconf 90' lang='lat' dir='ltr'>divinas</span> <span class='ocrx_word' id='word_1_668' title='bbox 664 5325 757 5415; x_wconf 90' lang='lat' dir='ltr'>leges</span> <span class='ocrx_word' id='word_1_669' title='bbox 782 5326 896 5419; x_wconf 85' lang='lat' dir='ltr'>figunt</span> <span class='ocrx_word' id='word_1_670' title='bbox 924 5348 964 5394; x_wconf 88' lang='lat' dir='ltr'>ac</span> <span class='ocrx_word' id='word_1_671' title='bbox 994 5327 1157 5415; x_wconf 83' lang='lat' dir='ltr'>refigunt.</span> <span class='ocrx_word' id='word_1_672' title='bbox 1208 5319 1409 5392; x_wconf 88' lang='lat' dir='ltr'>iudicandis</span> <span class='ocrx_word' id='word_1_673' title='bbox 1427 5319 1491 5391; x_wconf 88' lang='lat' dir='ltr'>uti.</span> <span class='ocrx_word' id='word_1_674' title='bbox 1542 5314 1687 5388; x_wconf 82' lang='lat' dir='ltr'>Etcum</span> <span class='ocrx_word' id='word_1_675' title='bbox 1711 5318 1842 5389; x_wconf 87' lang='lat' dir='ltr'>iudicia</span> <span class='ocrx_word' id='word_1_676' title='bbox 1860 5317 2078 5411; x_wconf 88' lang='lat' dir='ltr'>amplissimo</span> <span class='ocrx_word' id='word_1_677' title='bbox 2098 5320 2201 5391; x_wconf 89' lang='lat' dir='ltr'>testi-</span> 
     </span>
     <span class='ocr_line' id='line_1_50' title="bbox 169 5415 2200 5520; baseline -0.003 -22"><span class='ocrx_word' id='word_1_678' title='bbox 169 5425 204 5497; x_wconf 81' lang='grc' dir='ltr'>Α</span> <span class='ocrx_word' id='word_1_679' title='bbox 226 5427 357 5520; x_wconf 91' lang='lat' dir='ltr'>quibus</span> <span class='ocrx_word' id='word_1_680' title='bbox 375 5424 416 5495; x_wconf 64' lang='lat' dir='ltr'>‘si</span> <span class='ocrx_word' id='word_1_681' title='bbox 445 5425 625 5518; x_wconf 92' lang='lat' dir='ltr'>impetrari</span> <span class='ocrx_word' id='word_1_682' title='bbox 649 5426 799 5518; x_wconf 88' lang='lat' dir='ltr'>poterit,</span> <span class='ocrx_word' id='word_1_683' title='bbox 823 5441 864 5497; x_wconf 91' lang='lat' dir='ltr'>ut</span> <span class='ocrx_word' id='word_1_684' title='bbox 886 5428 992 5497; x_wconf 88' lang='lat' dir='ltr'>nobis</span> <span class='ocrx_word' id='word_1_685' title='bbox 1013 5427 1156 5498; x_wconf 88' lang='lat' dir='ltr'>dicendi</span> <span class='ocrx_word' id='word_1_686' title='bbox 1207 5424 1329 5494; x_wconf 90' lang='lat' dir='ltr'>monio</span> <span class='ocrx_word' id='word_1_687' title='bbox 1354 5433 1503 5504; x_wconf 84' lang='lat' dir='ltr'>ornant,</span> <span class='ocrx_word' id='word_1_688' title='bbox 1534 5431 1610 5488; x_wconf 91' lang='lat' dir='ltr'>tum</span> <span class='ocrx_word' id='word_1_689' title='bbox 1632 5415 1818 5501; x_wconf 77' lang='grc' dir='ltr'><strong>πολιτείας</strong></span> <span class='ocrx_word' id='word_1_690' title='bbox 1840 5421 2030 5490; x_wconf 85' lang='lat' dir='ltr'>mosaicam</span> <span class='ocrx_word' id='word_1_691' title='bbox 2057 5434 2091 5492; x_wconf 92' lang='lat' dir='ltr'>et</span> <span class='ocrx_word' id='word_1_692' title='bbox 2110 5445 2200 5511; x_wconf 89' lang='lat' dir='ltr'>gen-</span> 
     </span>
     <span class='ocr_line' id='line_1_51' title="bbox 169 5518 2200 5624; baseline -0.002 -24"><span class='ocrx_word' id='word_1_693' title='bbox 169 5540 384 5622; x_wconf 88' lang='lat' dir='ltr'>potestatem·</span> <span class='ocrx_word' id='word_1_694' title='bbox 404 5528 554 5612; x_wconf 76' lang='lat' dir='ltr'>faciant,</span> <span class='ocrx_word' id='word_1_695' title='bbox 586 5542 668 5601; x_wconf 87' lang='lat' dir='ltr'>suut</span> <span class='ocrx_word' id='word_1_696' title='bbox 693 5528 790 5601; x_wconf 86' lang='lat' dir='ltr'>euim</span> <span class='ocrx_word' id='word_1_697' title='bbox 816 5552 987 5624; x_wconf 88' lang='lat' dir='ltr'>perquam</span> <span class='ocrx_word' id='word_1_698' title='bbox 1010 5527 1157 5614; x_wconf 84' lang='lat' dir='ltr'>morosi,</span> <span class='ocrx_word' id='word_1_699' title='bbox 1206 5526 1307 5598; x_wconf 87' lang='lat' dir='ltr'>tilem</span> <span class='ocrx_word' id='word_1_700' title='bbox 1336 5525 1434 5596; x_wconf 80' lang='lat' dir='ltr'>iusta</span> <span class='ocrx_word' id='word_1_701' title='bbox 1466 5521 1632 5617; x_wconf 81' lang='lat' dir='ltr'>probant.</span> <span class='ocrx_word' id='word_1_702' title='bbox 1696 5519 1791 5595; x_wconf 85' lang='lat' dir='ltr'>Cum</span> <span class='ocrx_word' id='word_1_703' title='bbox 1824 5518 2021 5615; x_wconf 73' lang='lat' dir='ltr'>baptistam</span> <span class='ocrx_word' id='word_1_704' title='bbox 2053 5521 2200 5612; x_wconf 83' lang='lat' dir='ltr'>milites,</span> 
     </span>
    </p>
   </div>
   <div class='ocr_carea' id='block_1_3' title="bbox 0 0 2393 6020">
    <p class='ocr_par' dir='ltr' id='par_1_3' title="bbox 0 0 2393 6020">
     <span class='ocr_line' id='line_1_52' title="bbox 0 0 2393 6020; baseline 0 0"><span class='ocrx_word' id='word_1_705' title='bbox 0 0 2393 6020; x_wconf 95' lang='lat' dir='ltr'> </span> 
     </span>
    </p>
   </div>
  </div>
 </body>
</html>
