4732 6030
214 239 287 311 611
629 223 788 299 DECL.
841 219 914 296 DE
947 217 1408 295 CONIUNCTIONE
1442 215 1821 297 SCHOLARUM.
2162 232 2238 303 612

217 432 281 500 pro
298 428 417 496 graeca
435 426 519 472 voce
535 393 730 489 συνέδριον
744 406 972 484 usurparunt.
1023 391 1093 464 Sed
1115 416 1203 484 qua·
1253 391 1412 460 aularum
1435 389 1601 477 negotiis,
1635 414 1764 459 munus
1790 393 1941 461 docendi
1965 394 2002 462 in
2030 393 2244 468 monasteria

216 511 402 599 liscunque
426 516 563 573 senatus
584 500 644 565 ille
667 497 755 579 fuit,
779 489 973 585 Prophetas
987 507 1121 563 constat
1138 489 1202 560 ha·
1254 492 1463 561 translatum
1487 504 1549 560 est.
1605 488 1702 559 Haec
1723 515 1802 560 cum
1829 506 2062 563 onerarentur
2086 521 2244 569 ceremo-

218 612 335 681 buisse
362 606 497 675 assidua
518 599 719 668 auditorum
743 595 895 685 agmina.
946 592 1052 663 Hunc
1069 616 1204 663 morem
1252 592 1339 673 niis,
1371 614 1443 657 non
1466 603 1657 679 potuerunt
1681 591 1787 660 simul
1810 593 1962 661 docendi
1984 595 2141 665 laborem
2164 625 2245 670 mo-

39 700 45 709 ’
106 770 112 779 ,
220 735 324 804 quem
353 706 513 773 videraut
539 696 703 788 Apostoli
734 709 909 767 servatum
937 720 956 764 a
982 695 1136 785 Baptista
1171 708 1205 763 et
1253 693 1379 760 lestum
1396 706 1431 761 et
1445 692 1624 761 difficilem
1639 692 1824 763 sustinere.
1865 689 2018 763 Exortae
2037 696 2144 786 igitur
2160 718 2243 773 sunt

220 806 412 884 aChristo‚
445 802 668 870 retinuerunt
692 811 725 866 et
747 798 832 887 ipsi,
861 794 1028 865 loannem
1050 795 1204 886 Aposto-
1253 790 1482 875 Academiae,
1515 792 1554 858 in
1578 791 1707 883 quibus
1728 793 1842 861 studia
1860 793 2045 866 literarum
2061 813 2244 894 utcunque

220 912 293 978 lum
321 897 453 992 Ephesi
480 901 691 969 domesticos
724 898 921 980 auditores,
956 896 1016 988 qui
1045 919 1081 963 se
1114 909 1205 966 totos
1254 893 1420 974 excitata,
1452 892 1512 960 sed
1543 892 1750 981 disciplinae
1784 892 1926 963 vincula
1952 896 2104 967 nimium
2129 902 2243 973 laxata

221 1007 399 1078 doctrinae
426 1002 652 1079 dediderant,
685 994 998 1067 habuissecertum
1019 1010 1087 1080 est,
1112 997 1206 1065 inter
1254 1006 1347 1061 sunt.
1398 988 1451 1059 Er
1465 987 1531 1059 hac
1548 988 1713 1060 historica
1731 998 2066 1067 commemoratione
2087 1002 2170 1071 satis
2186 1005 2243 1072 in·

221 1130 310 1200 quos
334 1118 368 1173 et
389 1103 605 1196 Polycarpus
625 1101 714 1182 fuit,
745 1099 808 1190 qui
838 1112 956 1187 postea
988 1098 1027 1165 in
1050 1095 1205 1165 Ecclesia
1255 1092 1366 1180 telligi
1388 1105 1519 1181 potest,
1551 1104 1585 1160 et
1605 1091 1711 1160 fuisse
1735 1114 1872 1183 sorriper
1896 1097 2080 1169 adiunctas
2106 1099 2241 1175 scholas

222 1209 394 1298 smyrne„
425 1203 563 1271 circiter
592 1197 847 1290 quinquaginta
872 1221 983 1266 annos
1009 1198 1205 1266 doctrinam
1254 1189 1438 1275 Ecclesiis,
1464 1206 1496 1260 et
1511 1192 1647 1259 amissis
1663 1193 1773 1261 literis
1793 1194 1907 1263 lucem
1926 1193 2112 1288 Evangelii
2127 1205 2241 1273 extin-

223 1304 399 1377 aloaune
423 1304 586 1372 traditam
615 1300 787 1369 foeliciter
811 1299 1026 1388 propagavit.
1091 1297 1207 1365 Huius
1256 1293 1326 1382 gui.
1378 1290 1455 1361 lloc
1475 1293 1625 1362 eum'ita
1653 1292 1714 1377 sit,
1738 1295 1899 1382 profecto
1923 1301 2098 1389 sapientes
2113 1305 2241 1391 guber—

223 1407 364 1477 auditor
387 1402 530 1471 lreneus
557 1400 737 1469 doctrinae
764 1401 859 1466 rivos
884 1400 922 1465 in
947 1396 1148 1466 Pannonias
1175 1409 1208 1464 et
1256 1407 1412 1476 natores,
1446 1405 1487 1461 ut
1514 1387 1707 1476 Ecclesias,
1748 1394 1795 1463 ita
1825 1392 2031 1469 Academias
2063 1427 2147 1472 cura
2179 1429 2241 1477 sua

226 1504 380 1575 Galliam
397 1501 552 1574 deduxit.
604 1500 657 1569 Ac
680 1500 766 1567 tales
779 1490 886 1566 fuisse
904 1494 1040 1567 scholas
1056 1509 1209 1588 apparet,
1257 1493 1440 1582 complecti
1457 1493 1566 1564 decet.
1617 1491 1802 1564 Summum
1825 1490 1918 1566 haud
1941 1500 2242 1591 dubieguberna-

224 1606 428 1696 ubicunque
451 1599 628 1670 Ecclesiae
650 1599 903 1690 frequentiores
923 1601 1084 1677 fuerunt,
1120 1599 1210 1667 cele-
1257 1594 1345 1662 toris
1365 1593 1603 1675 officiumest,
1635 1589 1703 1660 Dei
1720 1594 1886 1663 noticiam
1901 1598 1993 1668 inter
2008 1596 2171 1674 homines
2186 1630 2244 1675 re·

226 1705 446 1776 brutissimae
468 1725 551 1768 vero
580 1700 740 1781 fuerunt,
772 1694 1014 1780 Antiocheno,
1054 1694 1208 1766 Alexan·
1259 1694 1382 1765 tinere.
1441 1691 1535 1760 Huic
1562 1715 1689 1781 magno
1712 1696 1850 1764 muneri
1872 1712 2011 1787 nostrae
2027 1704 2149 1774 literae
2166 1730 2241 1775 ser·

228 1806 332 1883 dsjna
353 1801 601 1877 Caesariensis,
636 1801 674 1865 in
698 1822 766 1889 qua
782 1794 955 1885 Origenes
974 1799 1112 1875 docuit,
1136 1796 1210 1889 By·
1259 1796 1370 1864 viunt.
1420 1791 1529 1861 Curet
1546 1790 1655 1879 igitur
1668 1795 1899 1880 gubernator,
1924 1813 1963 1869 ut
1977 1800 2129 1871 floreant
2144 1804 2240 1874 Aca·

228 1906 386 1987 meina,
420 1904 457 1968 in
487 1924 554 1992 qua
584 1898 755 1966 Basilium
784 1898 943 1964 docuisse
969 1896 1211 1967 Nazianzenus
1259 1895 1393 1961 demiae
1425 1894 1517 1959 veris
1550 1896 1786 1974 ornamentis,
1826 1896 2035 1985 ingeniosis,
2073 1904 2238 1986 eruditis,

229 2005 360 2075 scribit.
412 1999 485 2068 Nec
500 2000 597 2069 aliud
613 1998 718 2068 fuisse
734 1996 837 2065 initio
851 1997 995 2086 collegia
1010 1994 1210 2066 Canonico-
1259 1996 1389 2062 virtute
1410 2007 1443 2059 et
1463 1993 1649 2081 prudentia
1672 1996 1839 2082 praeditis
1863 1999 2088 2084 doctoribus,
2122 2007 2242 2096 quiet

227 2128 309 2173 rum
333 2113 468 2170 certum
492 2113 560 2182 est,
586 2121 691 2190 quam
717 2098 918 2166 docentium
944 2111 976 2165 et
1000 2097 1209 2169 discentium
1259 2093 1456 2179 intelligant
1472 2093 1644 2163 tationem
1659 2094 1800 2164 dicendi
1816 2097 1958 2183 utilem,
1980 2103 2174 2172 ethdeliter
2188 2107 2242 2173 of·

228 2217 356 2274 coetus.
408 2196 576 2269 Arbitror
599 2212 633 2267 et
654 2199 692 2266 in
714 2198 788 2287 ipsa
807 2195 997 2266 Germania
1016 2197 1211 2267 ante-Atti·
1259 2194 1377 2263 licium
1398 2192 1540 2267 faciant.
1599 2189 1675 2261 Hos
1696 2196 1864 2266 adiuvent
1886 2200 2066 2292 principes
2081 2203 2119 2271 in
2136 2206 2244 2274 disci-

227 2304 298 2372 lam
321 2301 427 2370 fuisse
447 2301 628 2369 adiunctas
655 2294 791 2367 scholas
818 2294 983 2368 Ecclesiis
1006 2299 1210 2370 mediocres.
1259 2295 1357 2385 plina
1379 2294 1521 2361 luenda·
1578 2292 1668 2363 Nam
1698 2296 1775 2365 ‘ln‘
1802 2299 2026 2388 8ΠΡΘΥῙΟΥΠΠΙ
2056 2307 2244 2376 ἃΰῐθῖῑῑὸῑθ

228 2401 318 2472 Nam
333 2400 477 2470 Ireneus
493 2413 528 2468 et
543 2393 767 2489 Epiphanius
781 2399 890 2468 citant
905 2399 1103 2468 testimonia
1119 2395 1211 2466 Ger·
1260 2394 1447 2483 disciplina
1462 2394 1608 2463 retineri
1623 2418 1696 2463 non
1709 2408 1834 2487 p'otest.
1883 2396 2024 2473 Dentur
2037 2405 2139 2473 etiam
2154 2406 2241 2473 lide-

228 2502 447 2573 maniearum
468 2496 719 2569 Ecclesiarum:
754 2521 822 2590 qua
845 2523 885 2566 ex
903 2523 941 2567 re
956 2500 1117 2588 adparet,
1141 2499 1210 2568 cito
1259 2494 1354 2563 libus
1376 2494 1578 2563 doctoribus
1594 2498 1771 2565 mercedel
1790 2493 1966 2571 honestae·
2013 2501 2103 2571 Nam
2128 2504 2240 2585 nimia

228 2615 457 2694 propagatum
480 2623 552 2668 esse
573 2596 804 2687 Evangelium
834 2599 871 2665 in
897 2598 1142 2683 Germaniam,
1177 2610 1212 2667 et
1259 2595 1440 2686 opulentia
1456 2618 1500 2662 ne
1516 2596 1660 2686 quidem
1676 2602 1829 2688 optanda
1843 2613 1909 2671 est:
1935 2602 2016 2694 quia
2028 2626 2111 2673 eura
2130 2629 2240 2694 opum

229 2702 347 2794 aliqua
363 2701 668 2770 literarumstudia
685 2702 723 2765 in
738 2694 803 2766 hac
818 2700 961 2768 natione
975 2699 1092 2768 fuisse.
1143 2698 1211 2768 Le-
1259 2709 1296 2764 et
1326 2696 1474 2783 impedit
1506 2696 1688 2764 literarum
1720 2701 1853 2785 studia,
1896 2716 1929 2771 et
1960 2704 1997 2770 in
2023 2705 2150 2772 ociosis
2176 2706 2240 2774 alit

230 2801 343 2893 gimus
354 2802 458 2879 etiam
467 2800 615 2869 Lucium
624 2797 854 2892 Cyrenaeum,
867 2798 970 2868 Pauli
986 2799 1209 2889 discipulum,
1259 2797 1393 2864 luxum.
1444 2793 1689 2866 Mediocritate
1705 2812 1821 2868 tamen
1838 2826 1924 2892 opus
1939 2817 2007 2888 est:
2030 2819 2064 2874 et
2076 2805 2158 2895 quia
2173 2807 2240 2873 do-

228 2903 382 2999 primum
411 2902 570 2970 docuisse
596 2896 904 2988 Evangeliumad
934 2897 1139 2969 Danubium
1173 2899 1210 2966 in
1259 2909 1371 2965 ctores
1399 2919 1521 2965 vacare
1554 2891 1638 2964 huic
1661 2919 1725 2968 suo
1748 2902 1888 2971 muneri
1915 2926 1988 2973 non
2014 2919 2178 2996 possunt,
2209 2908 2240 2973 si
2270 2936 2275 2941 ·

229 2998 389 3091 Augusta
418 3001 608 3079 Tiberina,
646 3026 736 3094 quae
764 3025 858 3070 nunc
890 2999 1211 3088 estRegensburg:
1260 2997 1390 3065 victum
1414 2995 1484 3068 sibi
1506 3010 1540 3066 et
1560 2997 1706 3068 familiis
1720 3000 1865 3072 aliunde
1881 3028 2048 3099 quaerere
2061 3019 2240 3093 cogantur,

231 3123 341 3192 eaque
363 3102 402 3167 in
425 3102 502 3168 loca
518 3102 655 3168 venisse
674 3125 753 3169 enm
770 3126 849 3170 enm
862 3098 1037 3172 Romanis
1053 3101 1213 3169 exerciti·
1260 3110 1295 3166 et
1323 3095 1405 3188 quia
1427 3118 1600 3188 pauperes
1621 3098 1788 3191 discipuli
1815 3101 2036 3194 provehendi
2065 3120 2166 3190 sunt,
2195 3130 2241 3174 ne

232 3201 316 3282 bus,
348 3200 409 3289 qui
438 3193 586 3266 Rhetias
620 3202 805 3283 tenebant,
845 3214 1119 3270 consentaneum
1150 3213 1211 3269 est.
1259 3196 1377 3266 desint
1395 3193 1561 3266 Ecclesiis
1584 3211 1748 3289 pastores.
1797 3201 1912 3272 Valde
1937 3207 2032 3274 enim
2048 3220 2167 3277 errant
2176 3206 2243 3291 illi,

232 3297 354 3370 llluxit
387 3295 622 3384 Evangelium
655 3295 943 3384 Argentoratensi
977 3302 1130 3390 populo,
1179 3315 1213 3368 et
1261 3296 1322 3388 qui
1339 3311 1495 3387 pastores
1514 3322 1555 3367 ex
1572 3300 1730 3390 quolibet
1752 3299 1848 3389 ligno
1865 3302 1996 3390 sculpi,
2022 3319 2057 3374 et
2071 3309 2148 3376 siue
2162 3307 2242 3377 lite-

230 3397 449 3489 Agrippinae
481 3393 670 3479 Coloniae,
717 3397 858 3465 doctore
892 3398 1076 3479 Materno,
1117 3398 1211 3466 Petri
1259 3398 1327 3479 ris,
1358 3397 1435 3465 sine
1462 3398 1566 3487 longa
1595 3398 1813 3469 institutione
1834 3399 2017 3488 religionis
2043 3406 2243 3476 doctrinam

218 3499 416 3590 discipulo.
475 3491 711 3586 Trophimum
733 3493 867 3566 Aselati
888 3498 1012 3581 fuisse,
1039 3494 1214 3567 Eusebius
1261 3496 1378 3565 subito
1409 3498 1543 3589 percipi
1573 3520 1672 3588 posse
1696 3501 1886 3572 somniant.
1941 3501 2101 3572 Primum
2130 3529 2242 3593 genus

163 3664 167 3669 .
231 3611 396 3670 testatur:
422 3594 586 3666 Clemens
600 3593 777 3665 Metenses
791 3599 834 3665 ad
848 3590 979 3666 Christi
996 3598 1213 3687 agnitionem
1260 3598 1432 3666 sermonis
1463 3594 1660 3691 prophetici
1690 3613 1724 3670 et
1751 3601 1933 3692 apostolici
1960 3607 2241 3689 cognoscendum

104 3718 112 3761 .:
215 3698 380 3770 -vocavit
438 3694 659 3767 Crescentem
688 3698 789 3766 aiunt
819 3696 955 3766 venisse
977 3694 1214 3788 Moguntiam,
1262 3710 1323 3767 est.
1372 3696 1567 3769 Discendae
1582 3713 1665 3770 sunt
1680 3699 1788 3790 igitur
1796 3701 1936 3790 linguae
1949 3715 2099 3787 veteres,
2121 3716 2153 3771 et
2167 3716 2239 3772 tota

231 3798 412 3882 Marcum,
435 3797 539 3866 Pauli
562 3796 792 3888 discipulum,
824 3796 970 3891 antiqua
985 3812 1213 3869 monumenta
1261 3798 1351 3869 ratio
1373 3799 1579 3869 formandae
1599 3801 1770 3873 orationis
1789 3804 2025 3890 cognoscenda
2041 3818 2106 3873 est:
2131 3826 2238 3896 quam

231 3896 408 3970 Ecclesiae
418 3897 655 3967 Passaviensis
668 3899 710 3967 ad
722 3896 927 3970 Danubium
944 3912 1115 3970 testantur
1128 3923 1214 3969 con-
1261 3901 1304 3967 ad
1319 3921 1393 3967 rem
1408 3900 1512 3968 bonis
1531 3901 1735 3972 doctoribus
1756 3916 1913 3972 veterum
1930 3917 2239 3974 monumentorum

232 3999 409 4069 cionatum
423 4023 514 4080 esse,
540 4000 577 4067 in
595 4001 682 4068 urbe
696 3996 904 4083 Iuliobona,
929 4024 1018 4094 quae
1032 4003 1131 4071 sedes
1146 4003 1214 4070 fuit
1261 3998 1429 4079 lectione,
1459 4001 1608 4079 literatis
1628 4003 1817 4083 exercitiis,
1848 4003 2000 4095 denique
2023 4005 2127 4073 etiam
2150 4016 2243 4072 tem·

230 4095 397 4192 Episcopi
421 4100 458 4166 in
480 4097 632 4187 Norico,
662 4111 743 4165 ante
768 4100 954 4187 collegium
975 4100 1211 4172 Passavieuse.
1262 4122 1345 4190 pore
1362 4123 1450 4190 opus
1466 4115 1528 4172 est.
1579 4101 1702 4172 Postea
1719 4104 1832 4173 maior
1846 4105 1948 4173 labor
1960 4105 2124 4174 succedit.
2166 4102 2245 4172 Ha-

232 4197 305 4268 Tot
320 4199 437 4287 magni
453 4210 485 4265 et
501 4199 674 4285 sapientes
696 4196 764 4264 viri
784 4221 863 4266 cum
882 4199 920 4266 in
936 4198 1164 4270 Germaniam
1180 4217 1213 4271 et
1262 4201 1319 4269 bet
1336 4195 1491 4269 Ecclesia
1516 4224 1615 4271 suam
1632 4205 1808 4296 quandam
1830 4204 2040 4294 sapientiam
2052 4227 2157 4294 supra
2174 4199 2246 4272 hu·

214 4296 387 4383 ,Galliam
401 4297 582 4379 venerint,
608 4293 703 4364 haud
721 4296 826 4365 dubie
839 4298 1062 4388 praecipuam
1077 4304 1213 4371 studio·
1261 4323 1363 4368 mana
1388 4302 1517 4370 iudicia
1540 4303 1700 4393 positam.
1748 4302 1866 4374 Habet
1889 4299 2025 4374 hostem
2050 4305 2244 4386 diabolum,

233 4421 310 4465 rum
329 4419 448 4465 curam
473 4389 692 4476 habuerunt,
725 4408 763 4462 ut
779 4398 822 4464 ad
846 4410 1002 4484 posteros
1020 4423 1081 4487 per
1097 4396 1213 4471 homi·
1261 4401 1321 4492 qui
1339 4401 1489 4471 obruere
1506 4404 1862 4475 veritatemconatur:
1889 4420 1921 4476 et
1938 4405 2048 4474 multa
2064 4419 2146 4474 sunt
2162 4428 2245 4494 pra-

232 4520 294 4565 nes
322 4509 414 4566 recte
438 4495 632 4578 institutos,
665 4508 698 4561 et
712 4494 825 4564 solide
842 4497 965 4566 doctos
980 4494 1210 4588 Evangelium
1259 4525 1301 4569 va
1325 4501 1486 4591 ingenia,
1519 4527 1609 4595 quae
1636 4505 1691 4571 vel
1714 4506 1926 4593 petulantia,
1958 4506 2014 4573 vel
2038 4507 2245 4587 ambitione,

229 4611 491 4689 propagaretur.
541 4593 620 4666 Etsi
635 4609 749 4665 autem
766 4610 882 4686 postca
902 4600 1118 4689 temporibus
1131 4602 1213 4670 bar·
1259 4602 1317 4669 vel
1330 4599 1550 4696 φιλονεικείᾳ
1559 4625 1658 4671 veras
1672 4604 1861 4673 sententias
1875 4619 2119 4695 corrumpunt.
2150 4603 2246 4673 Fue-

229 4700 358 4769 baricis
382 4724 461 4770 cum
487 4697 698 4786 Vandalica,
724 4694 907 4783 Hunnica‚
934 4696 1101 4771 Franciea
1118 4703 1211 4772 bella
1259 4716 1344 4771 runt
1365 4703 1473 4792 igitur
1487 4703 1652 4773 omnibus
1672 4704 1843 4776 aetatibus
1862 4705 2052 4774 acerrimae
2067 4705 2106 4772 in
2120 4701 2245 4773 Eccle-

144 4827 148 4833 ’
228 4822 372 4889 magnas
393 4800 569 4871 vastitates
584 4800 764 4883 fecissent,
794 4813 910 4869 vetera
927 4803 1073 4889 collegia
1089 4827 1210 4874 eversa
1260 4803 1309 4871 sia
1333 4803 1585 4874 contentiones.
1647 4798 1750 4894 Opus
1774 4818 1956 4898 estantem
1979 4805 2022 4873 ad
2042 4805 2245 4895 explicatio-

229 4915 327 4970 sunt:
373 4917 489 4973 tamen
524 4902 785 4993 qualescunque
817 4901 986 4992 reliquiae
1013 4898 1209 4984 Ecclesiae,
1258 4926 1339 4972 nem
1354 4902 1671 4974 controversiarum
1687 4904 1937 4988 maximarum,
1962 4928 2035 4973 non
2056 4906 2170 4975 solum
2185 4900 2246 4973 in-

229 5025 319 5092 quae
351 5016 573 5092 supererant,
612 5025 729 5071 carere
764 5000 874 5071 literis
904 5025 975 5070 non
1010 5018 1209 5092 potuerunt.
1257 5003 1352 5092 genii
1372 5004 1579 5074 dexteritate
1603 5017 1638 5073 et
1659 5004 1829 5074 mediocri
1846 5004 2049 5093 cognitione
2062 5029 2245 5075 sacrorum

225 5099 366 5174 Rursus
390 5103 497 5191 igitur
511 5104 656 5191 collegia
671 5100 931 5172 Canonicorum
951 5107 1208 5175 etmonasteria
1256 5103 1451 5185 librorum,
1484 5105 1671 5175 sedetiam
1697 5105 1901 5195 disputandi
1926 5119 2019 5190 arte,
2045 5106 2145 5197 copia
2162 5129 2246 5175 ora·

226 5204 366 5273 condita
382 5215 484 5283 sunt,
506 5217 541 5272 et
554 5226 632 5271 cum
648 5200 1119 5293 incollegiisCanonicorum
1134 5220 1207 5301 stu7
1256 5202 1382 5286 tionis,
1406 5203 1538 5274 noticia
1556 5199 1745 5289 historiae,
1771 5204 2002 5299 antiquitatis,
2029 5218 2062 5276 et
2084 5220 2262 5297 veterum·

225 5303 284 5374 dia
298 5304 577 5396 negligerentur,
602 5305 698 5396 quod
721 5318 833 5376 essent
856 5304 1017 5396 occupati
1033 5328 1154 5395 regum
1173 5320 1207 5377 et
1254 5303 1479 5375 iudiciorum.
1531 5301 1585 5376 Ae
1609 5318 1724 5375 tantas
1737 5327 1793 5375 res
1815 5306 1878 5377 diu
1893 5308 2115 5399 multumque
2132 5308 2247 5397 agita-
