4732 6030
196 262 268 343 sss
480 371 483 375 .
864 258 1025 335 oneo.
1075 258 1150 335 nu
1190 257 1548 339 uenturam
1611 206 1616 214 ⁴
2150 275 2223 348 mo

196 454 251 510 cat
274 462 373 509 arma
397 435 579 528 imperitae
597 430 839 517 multitudini,
876 434 948 503 nisi
970 436 1186 525 superstitio,
1235 460 1362 506 manus
1386 441 1594 521 admoneat,
1630 440 1809 510 neminem
1839 443 2068 532 quantumvis
2091 449 2228 534 magnis

197 565 260 612 seu
274 543 445 634 quaedam
462 557 622 628 perversa
637 537 680 601 dc
692 534 863 622 religione
875 539 1080 626 persuasio?
1107 536 1186 607 Sci·
1236 539 1373 608 viribus
1397 542 1592 626 munitum,
1626 555 1866 631 contemptum
1888 540 2135 632 Magistratum
2158 550 2228 617 irn-

198 644 245 713 tis
266 644 362 711 enim
384 661 521 732 sparsos
542 635 649 704 fuisse
672 635 831 715 libellos,
866 638 996 729 quibus
1018 653 1186 731 tanquam
1239 663 1333 730 pune
1365 643 1469 714 ferre.
1523 642 1726 734 Pinguntur
1760 645 1798 711 in
1831 643 2041 735 quibusdam
2076 650 2228 722 urbibus

199 746 244 814 ad
266 745 400 836 pileum
421 739 656 823 vocabantur,
685 738 875 830 inquibus
896 741 941 808 de
965 740 1188 832 publicandis
1239 739 1383 812 brachia
1404 745 1442 812 in
1468 745 1566 832 loro,
1597 770 1686 838 quae
1714 744 1929 834 significent,
1959 749 2111 838 ‘capitale
2144 776 2229 838 esse,

200 847 327 941 sylvis,
359 840 586 919 fluminibus,
620 842 664 908 de
681 841 875 909 donatione
892 843 1130 925 creditorum,
1156 855 1190 911 et
1239 845 1372 914 ferrum
1394 849 1560 916 adversus
1577 848 1733 916 'alterum
1756 847 1937 935 stringere.
1999 847 2052 919 lta
2073 876 2229 923 rosma-

201 943 270 1016 boc
283 965 392 1034 genus
411 941 480 1010 alia
497 942 608 1011 multa
625 941 754 1032 scripta
772 955 890 1026 erant,
914 957 948 1013 et
963 944 1053 1014 male
1069 944 1190 1012 detor·
1241 970 1327 1015 num
1350 947 1448 1016 illam
1473 947 1650 1038 Principis
1672 949 1806 1039 pingite
1826 950 1928 1019 vobis
1953 951 1991 1021 in
2015 953 2157 1038 animo,
2190 971 2232 1027 ut

201 1049 247 1120 tis
263 1043 464 1136 scripturis,
490 1043 639 1111 nebulae
664 1056 764 1110 erant
788 1043 920 1114 offusae
939 1046 1052 1115 oculis
1066 1046 1191 1115 multi·
1241 1048 1372 1118 intueri
1388 1073 1481 1128 eam,
1508 1051 1645 1142 quoties
1669 1074 1759 1142 opus
1779 1066 1848 1137 est,
1869 1054 2027 1142 possitis,
2052 1079 2091 1123 ac
2104 1057 2232 1125 memi-

201 1149 354 1221 tudinis:
397 1141 436 1213 bi
466 1144 579 1215 libelli
608 1144 793 1212 seditionis
814 1145 997 1216 classicum
1020 1145 1191 1215 maximae
1242 1150 1353 1234 nisse,
1386 1151 1502 1242 qualis
1524 1152 1571 1220 sit
1600 1151 1712 1222 exitus
1734 1176 1877 1237 eorum,
1909 1156 1972 1246 qui
2002 1153 2232 1245 Magistratus

201 1251 296 1345 parti
317 1250 473 1318 fuerunt.
532 1244 624 1315 Cum
651 1246 759 1334 igitur
782 1258 854 1314 tam
878 1249 1045 1337 pestilens
1071 1272 1127 1316 res
1148 1247 1193 1317 sit
1236 1252 1456 1344 ,contumelia
1471 1253 1641 1323 alliciunt.
1692 1253 1787 1324 Dixi.

203 1349 427 1444 superstitio,
461 1346 649 1435 diligenter
672 1350 840 1417 adversus
862 1373 938 1418 eam
963 1351 1101 1418 animos
1125 1374 1193 1419 no·

202 1471 293 1526 stros
316 1450 457 1520 munire
488 1449 674 1532 debemus,
705 1473 785 1518 cum
808 1472 985 1520 sacrarum
1011 1452 1193 1521 literarum

200 1554 365 1634 seientia,
396 1563 470 1620 tum
501 1549 606 1620 etiam
640 1545 869 1619 historiarum
895 1553 1115 1641 cognitione,
1154 1554 1193 1620 in

201 1657 333 1752 quihus
355 1666 407 1723 est
427 1652 564 1737 videre,
605 1676 712 1744 quam
745 1653 842 1720 varie
876 1668 1024 1745 occupet
1056 1656 1193 1723 animos
1244 1668 1311 1738 No,
1329 1673 1389 1743 21,

201 1744 401 1830 bo'minum.
453 1751 577 1845 Neque
593 1754 690 1821 enim
714 1777 850 1844 semper
868 1756 989 1823 eadem
1010 1756 1116 1824 facies
1132 1769 1194 1837 est,
1247 1767 1377 1793 Μ
1481 1794 1485 1801 ·
2056 1779 2226 1808 »ον-ν

196 1863 396 1951 ,eademque
418 1857 531 1924 forma
565 1854 835 1944 superstitionis.
892 1853 1022 1925 Nullus
1046 1854 1194 1926 Proteus
1570 1873 1647 1958 De
1671 1864 1892 1960 ebr'petate

203 1977 277 2034 tam
298 1959 419 2029 varius
436 1970 507 2035 est,
534 1981 639 2049 quam
665 1957 780 2025 varias
797 1959 929 2025 formas
949 1958 1011 2026 illa
1028 1957 1117 2026 solet
1137 1959 1194 2025 in·
1237 1965 1245 1990 ‘
1760 2031 1767 2045 ‚
1895 1935 1906 1958 ⁹

204 2067 325 2135 duere.
378 2057 518 2127 Videtis
534 2082 641 2150 quam
657 2059 784 2126 callide
804 2059 1001 2149 obrepserit
1017 2059 1075 2127 isti
1088 2057 1195 2127 Prin·
1316 2026 1634 2155 Al'sffivssss'1·ml¹glgj
1654 2031 1787 2171 {⁸355
1797 2032 1972 2159 ,ffi'affi'ff‘l
1981 2035 2014 2090 T.
2029 2035 2235 2163 blf-mh}

205 2165 295 2257 cipi,
316 2162 360 2229 de
375 2184 447 2253 quo
460 2153 547 2229 haec
561 2159 676 2230 oratio
691 2158 850 2227 instituta
865 2172 926 2228 est.
978 2157 1109 2248 Magna
1121 2173 1196 2228 erat
1350 2166 1509 2249 landonem
1528 2118 1584 2248 ise
1595 2183 1680 2249 'anno
1702 2170 1842 2251 collegisse
1861 2143 1930 2242 quse
1951 2143 1985 2227 nst
1999 2123 2157 2231 iirieisnm
2170 2198 2235 2250 spe·

203 2266 244 2335 in
268 2260 463 2334 Germania
487 2259 659 2329 dissensio
681 2255 936 2329 Ecclesiarum:
967 2285 1049 2328 nam
1071 2258 1195 2330 Eccle-
1350 2245 1470 2303 ‘mm‘
1488 2236 1650 2308 ¹⁰¹⁸¹¹¹⁸¹¹¹²'
1663 2257 1693 2290 ⁰¹
1708 2239 1795 2310 ²⁹¹⁸&
1817 2239 1936 2296 V⁰¹·¹V·
1952 2263 1978 2314 t·
1992 2243 2054 2296 9⁶⁴·

205 2370 277 2439 siae
291 2364 472 2436 Saxonum
487 2361 694 2431 iudicabant
713 2360 869 2454 reliquos
888 2359 1108 2446 Germanos,
1133 2363 1195 2454 qui
1250 2412 1312 2481 W
1433 2414 1465 2481 ἰ.
1536 2410 1590 2482 b.
1679 2415 1687 2432 .
1823 2419 1831 2435 .
1983 2429 1991 2443 ,
2175 2424 2183 2439 ,

204 2471 244 2539 in
279 2466 347 2533 fide
381 2460 542 2532 Caesaris
575 2476 795 2547 manserant,
836 2464 954 2532 nullas
980 2466 1196 2533 ceremonias
1281 2432 1432 2504 mima
1451 2433 1486 2482 ⁸⁰
1513 2433 1534 2483 ο
1557 2420 1729 2536 miafw’
1754 2409 2070 2537 wni'iai'ffl‘m]
2089 2442 2113 2490 ‘⁸
2131 2421 2235 2491 Vm

204 2581 298 2641 recte
330 2586 433 2658 posse
463 2576 631 2643 tractare,
671 2576 817 2654 propter
835 2564 1062 2635 Pontificium
1085 2566 1196 2636 inter·
1592 2515 1887 2589 Wmmmw'

204 2671 351 2743 dictum.
409 2662 683 2756 Diripiebantur
705 2687 826 2733 eornm
853 2667 983 2757 templa
1000 2668 1096 2737 velut
1112 2691 1196 2757 pro·
1246 2645 1400 2729 Marcus
1423 2655 1530 2745 Cato,
1563 2685 1642 2731 cum
1662 2660 1854 2755 aliquando
1875 2667 1917 2735 ad
1939 2667 2081 2756 plebem
2099 2664 2236 2738 Roma-

202 2769 323 2866 pbana
338 2769 434 2848 loca,
460 2768 505 2835 ad
522 2767 615 2857 ipsas
628 2787 705 2834 aras
721 2767 990 2838 trucidabantur
1004 2769 1125 2837 miseri
1140 2792 1197 2839 aa·
1248 2786 1330 2830 nam
1343 2762 1583 2851 importunius
1599 2763 1642 2830 de
1659 2764 1834 2835 divisione
1850 2767 2018 2837 frumenti
2033 2780 2139 2861 alque
2155 2769 2237 2838 aliis

203 2874 374 2946 cerdotes.
436 2866 527 2956 Quis
548 2879 665 2936 autem
695 2891 769 2936 non
791 2882 994 2939 moveretur
1016 2883 1195 2941 tantorum
1247 2863 1321 2933 suis
1360 2866 1555 2934 commodis
1587 2865 1861 2937 tumultuantem
1901 2869 2114 2955 orationem,
2163 2895 2234 2962 qua

202 2977 381 3047 malorum
398 2968 722 3060 contemplatione?
772 2966 864 3056 Quis
886 2994 959 3040 non
974 2987 1117 3062 cuperet
1134 2969 1197 3042 has
1230 2977 1233 2983 ’
1248 2966 1403 3057 placaret
1420 2987 1497 3050 eos,
1528 2961 1659 3036 habere
1675 2968 1901 3050 instituisset,
1925 2984 1961 3040 et
1974 2994 2096 3062 parum
2113 2973 2235 3064 aequis

204 3090 321 3150 tantas
337 3071 552 3143 calamitates
568 3094 710 3155 sanare,
735 3069 865 3163 siquid
880 3074 957 3163 opis
971 3074 1096 3143 afferre
1113 3098 1197 3166 pos·
1248 3066 1395 3136 auribus
1418 3088 1454 3135 se
1478 3089 1499 3134 a
1521 3069 1700 3163 plerisque
1716 3072 1835 3140 audiri
1857 3072 2171 3157 animadverteret,
2197 3073 2235 3143 in

182 3178 282 3250 set?
335 3173 394 3244 Sic
421 3172 545 3240 affecto
568 3170 729 3261 Principi
747 3172 905 3243 insinuat
929 3198 965 3244 se
982 3177 1197 3265 superstitio,
1249 3165 1345 3238 hunc
1375 3169 1523 3237 modum
1557 3169 1661 3241 initio
1694 3171 1837 3241 dicendi
1871 3174 1985 3242 fertur
2010 3173 2237 3244 exclamasse:

206 3306 246 3353 ac
264 3275 452 3372 persuadet
474 3273 512 3341 id
529 3272 606 3341 fore
630 3273 824 3342 remedium
844 3276 1067 3364 publicorum
1084 3280 1197 3347 malo·
1249 3268 1367 3358 Quam
1389 3270 1534 3338 difficile
1561 3284 1630 3354 cst,
1665 3270 1851 3362 inquiens,
1880 3274 1923 3338 ad
1948 3289 2110 3344 ventrem
2132 3278 2240 3347 verba

207 3406 311 3463 rum,
344 3377 376 3446 si
401 3397 568 3464 oppresso
593 3369 805 3463 Imperatore
822 3376 1057 3447 dissensiones
1088 3381 1197 3449 eccle·
1248 3374 1378 3455 lacere,
1412 3370 1476 3462 qui
1506 3393 1608 3440 aures
1640 3392 1715 3438 non
1743 3366 1874 3440 habet?
1925 3373 2109 3446 Sentiebat
2143 3378 2239 3446 enim

206 3483 365 3558 siasticas
380 3477 493 3548 tollat.
543 3472 614 3545 Sed
631 3474 712 3543 vide
727 3490 898 3567 quantum
914 3478 952 3545 in
968 3479 1035 3550 isto
1049 3481 1197 3550 consilio
1250 3473 1357 3544 surdo
1379 3469 1538 3541 fabulam
1558 3471 1713 3558 cantari,
1740 3473 1772 3542 si
1795 3472 1893 3566 quis,
1920 3474 2126 3566 praesertim
2142 3481 2238 3571 apud

207 3580 445 3677 turpitudinis
467 3575 585 3646 luerit.
645 3573 807 3645 Primum
831 3577 952 3649 divina
979 3605 1020 3650 ac
1043 3576 1198 3651 bumana
1249 3596 1414 3645 vesanam
1432 3572 1720 3660 multitudinem,
1747 3577 1863 3645 ventri
1880 3577 1973 3666 leges
1992 3580 2150 3653 dictaret.

210 3689 290 3759 iura
322 3682 449 3766 violat,
487 3701 568 3747 eum
602 3678 771 3747 adversus
805 3700 909 3748 suum
943 3684 1198 3772 magistratum,
1349 3674 1447 3744 ldem
1469 3698 1532 3765 ego
1556 3670 1646 3743 mihi
1668 3668 1809 3771 qnoque
1834 3678 1992 3750 accidere
2011 3704 2169 3762 vererer,
2208 3682 2240 3751 si

209 3812 317 3884 quem
338 3798 372 3856 et
394 3779 556 3854 doctrina
587 3778 770 3868 religionis
796 3794 831 3850 et
857 3783 1016 3852 omnium
1041 3787 1198 3874 gentium
1251 3772 1337 3848 baec
1353 3777 1487 3862 oratio,
1509 3801 1616 3870 quam
1638 3777 1738 3848 iussu
1760 3793 2027 3870 praeceptorum
2043 3785 2087 3853 de
2103 3783 2240 3854 sobrie.

208 3893 302 3983 leges
323 3890 417 3957 bona
439 3884 508 3952 fide
527 3881 597 3953 coli
614 3881 853 3975 praecipiunt,
886 3908 984 3955 arma
998 3890 1102 3979 capit.
1151 3884 1201 3959 Et
1250 3893 1320 3951 tate
1334 3903 1375 3948 ac
1388 3879 1619 3968 temperantia
1640 3879 1801 3967 institui,
1825 3878 1915 3951 mihi
1930 3884 2062 3955 alicubi
2083 3886 2120 3953 in
2136 3900 2241 3959 coetu

210 4017 291 4065 cum
315 3989 399 4060 talia
420 3984 555 4056 fuerint
573 3984 728 4077 auspicia
749 3984 835 4054 nori
852 3985 1011 4077 imperii,
1038 3985 1132 4059 nibil
1149 4005 1201 4061 est
1251 3981 1371 4070 vulgi,
1394 4003 1435 4052 ac
1449 3974 1665 4066 beluonum,
1691 4007 1756 4073 pro
1771 3984 1870 4054 nulla
1884 4008 1922 4053 re
1936 3988 2047 4076 magis
2056 4011 2161 4082 quam
2174 4013 2242 4080 pro

132 4148 137 4157 .
211 4095 308 4189 quod
322 4091 494 4159 miremur
509 4086 655 4155 exitium
671 4085 841 4172 tragicum
853 4111 937 4160 esse.
990 4089 1088 4179 Quid
1103 4093 1198 4161 enim
1252 4083 1621 4155 ventresollicitorum
1636 4078 1798 4156 habenda
1813 4100 1915 4158 esset:
1940 4084 1981 4156 hi
1995 4090 2090 4159 enim
2105 4091 2150 4158 ad
2165 4091 2243 4181 pri-

212 4195 341 4268 accidit
354 4190 444 4258 inito
460 4186 595 4274 regno?
635 4184 900 4257 Numrestituit
915 4193 1062 4280 pacem?
1105 4192 1199 4262 Num
1252 4212 1345 4256 mam
1376 4185 1493 4256 statim
1520 4185 1739 4254 mentionem
1769 4186 1987 4273 sobrietatis,
2018 4215 2075 4260 me
2103 4191 2179 4261 risu
2207 4207 2243 4265 et

211 4292 356 4369 sustulit
388 4285 627 4358 Ecclesiamm
655 4285 915 4356 dissensiones?
959 4289 1201 4384 Nequaquam,
1252 4286 1467 4359 clamoribus
1489 4287 1736 4378 exploderent,
1763 4300 1825 4357 aut
1842 4288 2069 4379 indignantes
2088 4294 2242 4365 emedio

212 4399 274 4469 sed
291 4391 457 4462 morbum
473 4386 716 4477 intempestive
732 4387 942 4458 medicando
959 4394 1072 4462 multo
1092 4395 1201 4482 magis
1253 4391 1518 4482 proturbarent:
1544 4389 1730 4458 nonenim
1753 4389 1927 4461 immitius
1946 4396 2057 4464 saevit
2072 4396 2124 4464 ira
2147 4395 2242 4467 leae-

213 4491 451 4569 exacerbavit:
490 4512 574 4558 nam
609 4501 767 4579 suscepto
803 4489 898 4559 bello
932 4487 1025 4560 nibil
1053 4517 1202 4586 usquam
1254 4516 1339 4576 nae,
1364 4490 1519 4583 abreptis
1533 4489 1677 4573 catulis,
1702 4514 1809 4582 quam
1827 4493 1928 4562 furor
1942 4495 2090 4566 istorum
2113 4493 2244 4569 heluo·

211 4595 445 4691 tranquillum
478 4603 565 4664 erat.
622 4587 692 4658 Hic
715 4588 870 4681 primum
898 4595 1031 4665 mutuis
1058 4618 1202 4665 accensa
1253 4618 1357 4677 num,
1383 4593 1527 4684 quando
1551 4591 1669 4660 ventri
1690 4613 1757 4661 suo
1778 4607 1814 4664 et
1834 4594 1935 4684 gulae
1950 4596 2055 4666 linem
2074 4600 2243 4670 modum·

212 4703 323 4786 odiis,
343 4711 492 4789 utraque
506 4718 587 4791 pars
602 4693 780 4763 crudelius
793 4693 927 4764 saevire
941 4699 1074 4788 coepit,
1095 4722 1200 4791 quam
1252 4718 1321 4789 que
1334 4694 1442 4764 statui
1457 4692 1619 4762 audiunt.
1953 4711 1956 4714 ·

211 4817 315 4875 antea
329 4822 498 4892 unquam.
550 4794 733 4867 Postremo
751 4801 1108 4892 praeterquamquod
1126 4799 1202 4869 exi·
1355 4794 1475 4884 Quare
1501 4794 1530 4862 si
1562 4793 1600 4862 in
1623 4792 1687 4863 tali
1714 4790 1853 4868 theatro
1876 4801 2115 4890 perorandum
2140 4818 2243 4890 esset,

212 4920 270 4977 tus
295 4900 474 4989 Principis
503 4899 574 4970 fuit
598 4897 837 4983 miserrimus,
875 4912 948 4969 tota
979 4902 1085 4972 etiam
1111 4901 1200 4971 ditio
1253 4921 1393 4968 causam
1415 4892 1507 4966 mibi
1526 4890 1616 4965 bane
1629 4896 1919 4991 relinquendam,
1943 4914 1977 4972 et
1992 4904 2105 4995 capite
2127 4905 2243 4977 obvo-

212 5007 341 5079 amisso
364 5000 531 5093 Principe
561 5001 756 5073 victoribus
779 5003 930 5091 praedae
956 5002 1036 5078 luit.
1095 5000 1202 5073 Hunc
1245 5000 1350 5086 luto,
1371 5024 1441 5094 qua
1456 5021 1593 5092 possem
1609 5002 1810 5070 exeundum
1823 5013 1997 5095 putarem.
2071 5016 2075 5021 ·
2284 5024 2298 5065 s

210 5111 342 5181 exitum
358 5103 592 5196 superstitiosi
609 5103 750 5173 consilii
766 5103 953 5193 diligenter
969 5105 1202 5191 considerate,
1353 5098 1446 5172 Curn
1466 5126 1550 5172 vero
1576 5101 1616 5170 in
1635 5094 1704 5170 boe
1722 5101 2008 5176 doctissimorum
2030 5107 2189 5177 virorum
2209 5123 2244 5181 et

211 5226 245 5285 et
264 5234 366 5303 saepe
388 5206 491 5276 vobis
515 5228 659 5274 manum
687 5205 786 5275 illam
806 5203 985 5299 Principis
1009 5210 1200 5300 praecisam
1251 5205 1514 5278 adolescentum
1529 5226 1712 5287 consessu,
1736 5204 1867 5296 quibus
1889 5230 1967 5277 cum
1985 5203 2244 5281 honestissimis

209 5317 256 5386 ob
285 5314 407 5386 oculos
428 5306 567 5402 ponite,
599 5329 645 5375 ne
669 5305 738 5397 ipsi
766 5330 925 5400 unquam
950 5311 1200 5401 superstitione
1251 5306 1486 5394 ingenuarum
1510 5309 1641 5378 artium
1660 5306 1807 5389 studiis,
1832 5332 1914 5377 eum
1933 5307 2068 5396 Musis,
2094 5305 2163 5382 boc
2179 5328 2244 5401 est,

207 5417 371 5505 adducti,
398 5409 672 5504 Magistratuum
687 5408 913 5482 autoritatem
928 5410 1085 5486 laedatis.
1133 5411 1199 5483 llla
1249 5431 1330 5480 cum
1344 5403 1564 5481 humanitate
1576 5407 1827 5480 commercium
1846 5423 1916 5496 est,
1942 5412 2073 5506 quibus
2085 5415 2167 5506 plus
2185 5440 2244 5488 sa·
2302 5486 2304 5490 ,
