4732 6030
218 282 302 383 aar
356 288 362 305 ⁸
743 294 902 373 nucu
941 292 1296 373 uulnuttttto
1327 292 1402 369 Er
1433 292 1737 376 BARTOLO.
2183 308 2261 389 aaz

219 481 543 561 conservationem,
567 495 780 566 magnopere
797 473 894 545 decet
909 484 1032 565 optare
1046 471 1162 543 bonos
1176 484 1211 541 et
1262 468 1397 554 tolum,
1422 468 1523 539 errius
1538 469 1904 563 consilio-plurimum
1928 498 2015 549 usus
2033 492 2088 550 est
2109 476 2264 558 Carolus

220 588 424 681 prudentes.
456 580 545 650 Nam
562 571 628 645 hac
644 589 791 660 remota,
807 600 851 644 ne
866 574 938 644 dici
955 586 1067 665 potest
1081 586 1212 666 quanta
1262 570 1420 660 Quartus
1438 569 1644 663 Imperator.
1686 573 1826 644 Accede
1846 576 1955 667 igitur
1971 581 2013 648 ad
2032 575 2237 660 historiam·

221 692 264 761 in
283 689 373 760 aulis
399 679 578 778 tyrannis,
601 677 641 746 in
667 678 809 748 iudiciis
833 676 1032 758 barbaries,
1057 675 1212 768 denique
1364 671 1455 744 Cum
1483 671 1621 742 ltaliam
1636 673 1866 764 Langobardi
1889 693 1923 749 et
1943 679 2074 753 Franci
2089 686 2265 762 dilacera-

223 789 383 863 confusio
398 785 437 852 in
451 795 523 854 tota
537 780 636 850 civili
650 781 723 850 vita
738 791 898 850 secutura
913 792 1024 864 esset,
1050 801 1155 872 quam
1173 789 1212 846 ut
1262 786 1362 858 reut,
1394 774 1564 865 paulatim
1580 776 1631 844 ibi
1647 777 1760 847 forum
1786 780 2002 853 iudiciorum
2022 800 2155 859 mutata
2176 792 2262 863 bar-

223 881 520 982 Deusprobibeat
536 907 576 952 ex
594 883 713 951 animo
728 895 897 972 petamus.
1262 876 1374 945 barici
1393 896 1508 946 mores
1530 877 1660 968 recepti
1679 893 1780 963 sunt,
1805 895 1840 951 et
1856 881 2042 955 Romanae
2059 886 2150 979 leges
2172 917 2262 964 con-

324 992 383 1063 Ab
402 984 457 1057 bis
477 985 568 1055 votis
592 984 659 1075 piis
676 999 710 1055 et
735 985 863 1051 sanctis
889 981 1061 1071 auspicari
1080 982 1213 1052 oratio·
1265 980 1452 1050 tieueruut.
1487 978 1702 1072 Quanquam
1717 995 1835 1050 autem
1852 985 2003 1065 inltsalia
2020 992 2145 1063 veteris
2160 994 2261 1067 illius

224 1092 433 1181 nemvolni.
486 1086 577 1156 Nam
594 1088 638 1155 de
650 1088 755 1156 laude
777 1086 1005 1175 professionis
1032 1107 1133 1174 saepe
1157 1079 1214 1151 hie
1264 1081 1447 1160 doctrinae
1468 1080 1582 1148 studia
1605 1081 1703 1151 nulla
1722 1097 1840 1162 erant.
1869 1100 1987 1159 tamen
2003 1087 2261 1167 Constantino-

225 1202 366 1293 copiose
389 1194 522 1263 dictum
546 1202 609 1257 est.
661 1187 849 1275 Singulare
871 1200 904 1255 et
924 1186 1133 1255 admirabile
1147 1182 1211 1252 Dei
1267 1181 1339 1272 poli
1356 1181 1497 1250 duravit
1512 1181 1681 1271 professio
1698 1184 1786 1254 iuris
1797 1191 1889 1277 apud
1901 1187 2134 1283 Imperatores
2144 1195 2259 1270 Grae-

226 1325 315 1398 opus
338 1323 378 1368 ac
399 1290 605 1365 beneficium
630 1302 681 1358 cst
706 1285 790 1357 haec
814 1289 929 1357 civilis
949 1288 1111 1371 societas,
1146 1312 1213 1379 qua
1265 1305 1346 1367 cos,
1372 1285 1462 1352 sicut
1491 1283 1543 1351 ibi
1566 1284 1716 1353 aliarum
1742 1288 1871 1357 artium
1905 1294 2021 1363 studia
2050 1292 2167 1367 adhuc
2192 1302 2261 1371 ali-

226 1406 324 1480 Deus
339 1402 432 1469 inter
451 1417 486 1462 se
502 1389 686 1461 coniunxit
703 1414 742 1459 ac
758 1391 916 1462 devinxit
931 1384 1092 1459 homines
1112 1411 1214 1479 prae·
1266 1399 1397 1479 quanto
1428 1386 1540 1474 magis
1568 1386 1744 1458 florebant
1766 1413 1872 1482 quam
1899 1391 1937 1461 in
1952 1394 2075 1470 ltalia.
2129 1395 2262 1474 Extant

228 1511 349 1600 cipue,
381 1515 422 1570 ut
441 1491 553 1586 ipsius
574 1493 742 1561 noticiam
770 1493 830 1561 alii
854 1491 934 1560 aliis
956 1491 1215 1561 communicare
1266 1483 1649 1556 adhncCommentarii
1676 1488 1712 1556 in
1731 1490 1785 1559 ius
1800 1489 2005 1563 Romanum
2022 1501 2144 1592 scripti
2162 1501 2260 1574 Con·

227 1618 381 1705 possent.
430 1596 548 1666 Huius
571 1594 683 1662 divini
704 1595 838 1686 operis,
862 1593 1025 1662 videlicet
1041 1589 1216 1662 humanae
1266 1589 1499 1678 stantinopoli
1515 1589 1648 1658 similes
1663 1591 1788 1678 glossis
1807 1606 1841 1662 et
1856 1600 2141 1672 enarrationibus
2160 1603 2259 1676 ltali-

229 1705 423 1786 societatis,
462 1712 577 1768 custos
600 1697 746 1774 est-lex,
783 1691 868 1764 baec
890 1696 1018 1765 retinet
1038 1719 1078 1763 ac
1099 1694 1216 1763 munit
1270 1695 1605 1760 corumdoctorum.
1648 1690 1733 1760 ldeo
1748 1709 1934 1788 postquam
1951 1698 2085 1771 ltaliaa
2104 1702 2257 1776 Germa-

230 1813 451 1886 societatem,
475 1814 515 1870 ut
531 1797 662 1867 noticia
680 1796 744 1867 Dei
766 1798 835 1867 late
856 1796 1061 1890 propagari,
1087 1809 1126 1864 ut
1143 1795 1216 1883 regi
1268 1793 1325 1862 nis
1345 1807 1466 1882 pacata
1496 1806 1585 1863 esset
1605 1787 1794 1865 Othonum
1819 1809 1994 1890 tempore,
2027 1816 2061 1873 et
2082 1783 2256 1894 paulatim

229 1909 407 1989 Ecclesiae
425 1905 461 1971 in
478 1923 581 1993 pace,
607 1915 641 1970 et
657 1898 812 1981 erudiri,
835 1910 874 1966 ιιι
891 1899 1031 1967 institui
1053 1897 1218 1966 iuventus
1269 1916 1384 1962 mores
1399 1893 1668 1982 Langobardiei
1689 1899 1984 1982 emendarentur,
2017 1920 2167 1996 apparet·
2187 1904 2256 1978 ho.

230 2009 507 2102 adagnitionem
520 1990 653 2070 Christi
673 2002 790 2092 possit.
845 1997 900 2069 Ad
926 1995 992 2069 bos
1013 1999 1100 2068 fines
1117 2010 1216 2068 tran·
1269 1996 1382 2064 mines
1413 1994 1617 2084 ingeniosos
1639 1994 1845 2069 Romanurn
1872 2002 1928 2071 ius
1959 2003 2089 2077 iterum
2118 2009 2258 2081 deside·

231 2115 444 2216 quillitatem
464 2106 521 2175 lert
538 2104 662 2186 elficit,
687 2126 751 2171 nec
773 2103 860 2171 levis
876 2116 928 2170 est
943 2125 981 2170 ea
996 2101 1035 2169 in
1053 2125 1090 2168 re
1107 2097 1216 2170 luris·
1268 2119 1373 2170 rasse.
1407 2095 1584 2166 Nonnulli
1598 2097 1705 2168 etiam
1723 2099 1876 2172 instituti
1893 2116 1928 2174 et
1939 2108 2071 2177 exculti
2083 2106 2258 2183 Constan-

232 2215 384 2294 consulti
409 2207 553 2279 boniet
576 2205 627 2296 pii
652 2228 769 2294 opera.
820 2203 955 2274 Lucere
976 2203 1081 2272 etiam
1108 2202 1218 2293 ipsius
1268 2199 1504 2289 tinopolitana
1528 2200 1711 2282 doctrina,
1739 2203 1944 2276 dexteritate
1968 2206 2006 2277 in
2030 2213 2182 2301 negotiis
2199 2238 2259 2284 ex.

231 2326 318 2394 fides
341 2318 380 2386 in
401 2307 659 2413 gubernatione
676 2306 775 2375 solet.
827 2305 947 2394 Quare
965 2305 1058 2392 leges
1074 2304 1217 2375 etiudi-
1271 2301 1456 2374 cellebant.
1509 2299 1560 2369 lta
1597 2302 1768 2392 paulatim
1801 2306 1971 2377 celebrari
2005 2304 2073 2381 boe
2099 2316 2257 2387 studium

231 2427 305 2506 cia,
341 2414 525 2510 politicum
559 2409 740 2489 ordinem,
779 2406 866 2473 iuris
895 2407 1156 2474 enarrationem
1184 2418 1216 2473 et
1270 2402 1373 2493 cepit.
1417 2402 1486 2471 Sed
1504 2400 1650 2473 Henrici
1670 2402 1797 2493 Quinti
1824 2421 1982 2500 tempore
2006 2411 2076 2488 suit
2099 2412 2138 2482 in
2156 2413 2257 2487 {tatia

231 2517 554 2596 conservationem,
578 2523 749 2601 tanquam
766 2507 892 2576 eximia
909 2507 975 2577 Dei
994 2511 1086 2576 dona
1102 2531 1219 2575 amare
1271 2507 1326 2572 vir
1357 2528 1514 2572 summae
1545 2506 1743 2577 autoritatis
1775 2511 1976 2598 gubernans
2006 2530 2256 2607 campartem,

231 2653 272 2699 ac
292 2616 453 2692 venerari
476 2637 517 2681 en
537 2610 655 2678 animo
676 2610 854 2682 debemus.
906 2607 1003 2678 Haec
1020 2622 1104 2677 stota
1124 2624 1219 2687 sunt,
1269 2628 1360 2698 quae
1377 2621 1462 2675 tunc
1485 2621 1560 2677 erat
1573 2604 1885 2700 Romani-imperii
1901 2608 2072 2688 lrnerius.
2122 2615 2157 2688 ls
2175 2643 2255 2690 eum

232 2730 294 2799 sed
321 2716 528 2810 magnitudo
549 2708 677 2781 harum
706 2734 842 2795 rerum,
874 2725 910 2780 et
932 2735 1038 2802 quam
1059 2706 1219 2803 pulchra,
1271 2721 1359 2778 esset
1376 2706 1536 2778 eruditus
1558 2721 1599 2779 ut
1615 2709 1769 2784 arbitror
1780 2707 2110 2807 Constantinopoli,
2135 2733 2196 2791 aut
2208 2725 2255 2793 ab

233 2851 339 2925 qnam
365 2818 478 2892 dulcis
503 2815 594 2885 vitae
621 2835 676 2881 res
705 2814 750 2883 sit
780 2825 850 2882 tota
876 2808 1063 2881 harmonia
1083 2812 1220 2902 politici
1272 2810 1314 2878 iis
1329 2809 1391 2901 qui
1407 2810 1594 2880 audierant
1607 2808 2031 2907 Constantinopolitanos,
2047 2839 2150 2912 saepe
2165 2823 2256 2894 ritus

233 2927 388 3008 ordinis,
412 2943 518 3015 quam
539 2916 638 2986 utilis
651 2911 848 2996 Ecclesiae,
875 2938 948 2982 non
967 2915 1050 2983 satis
1074 2915 1220 3004 cogitari
1271 2912 1473 2981 barbaricos
1499 2913 1537 2981 in
1569 2913 1847 2985 successionibus
1869 2928 1905 2987 et
1924 2916 2003 2986 aliis
2031 2924 2189 3010 negociis
2214 2949 2257 2995 ex

233 3059 254 3106 a
270 3027 459 3103 iuvenibus
479 3031 605 3111 potest.
654 3013 755 3103 Quae
771 3015 979 3104 cogitantes,
1002 3016 1105 3085 etiam
1122 3016 1220 3085 ordi·
1271 3012 1436 3086 Romano
1458 3014 1536 3083 iure
1549 3015 1746 3104 corrigebat
1758 3029 1821 3088 sut
1835 3021 2101 3092 moderabatur..

235 3157 316 3205 nem
351 3119 686 3199 Iurisconsultorum
716 3117 936 3207 intelligent,
977 3118 1154 3209 praeclare
1177 3120 1221 3185 de
1372 3113 1501 3187 Fuerat
1526 3112 1625 3186 ltalia
1648 3118 1801 3206 graviter
1826 3118 1956 3191 afflicta
1984 3122 2088 3194 bellis
2108 3123 2257 3201 llenrici

234 3227 510 3307 vitahuminum
527 3220 666 3290 mereri.
718 3218 786 3290 Sed
803 3222 846 3289 de
862 3231 933 3290 toto
948 3220 1221 3308 generedoctri-
1273 3215 1419 3305 Quarti3
1449 3217 1642 3288 multorum
1659 3218 1872 3311 patrimonia
1894 3222 2008 3306 varie,
2034 3240 2074 3296 ut
2093 3227 2133 3300 fit
2154 3230 2259 3300 bellis

235 3361 302 3409 nae
313 3353 414 3423 saepe
429 3323 489 3395 bic
504 3324 637 3393 dictum
655 3335 717 3391 est.
1272 3318 1437 3387 civilibus
1454 3318 1622 3388 translata
1642 3321 1793 3396 fuerant.
1843 3317 1938 3413 Ergo
1955 3346 2038 3394 curn
2061 3350 2153 3420 opus
2173 3346 2263 3405 esset

337 3430 559 3504 Cumautem
576 3417 714 3491 etmihi
731 3416 798 3491 hoc
815 3421 893 3490 loco
916 3423 1107 3493 dicendum
1123 3435 1221 3502 esset,
1272 3420 1508 3508 gubernatore
1539 3423 1699 3511 praedito
1722 3446 1848 3513 magna
1875 3426 2046 3516 sapientia
2072 3444 2108 3500 et
2135 3435 2261 3527 aequi-

235 3556 275 3614 ιιι
296 3533 452 3631 postulat
473 3526 690 3599 consuetudo
718 3518 858 3594 scholae
888 3518 1032 3594 bonesta
1058 3539 1092 3597 et
1114 3524 1222 3607 utilis,
1273 3534 1361 3590 tate:
1403 3518 1502 3590 ltalia
1528 3546 1602 3591 non
1626 3521 1720 3594 nihil
1744 3539 1898 3598 recreata
1925 3542 1977 3599 est
2007 3532 2195 3620 prudentia
2224 3551 2259 3608 et

236 3641 350 3730 delegi
368 3631 534 3706 historias
548 3628 682 3719 aliquas
694 3623 1040 3711 Iurisconsultornm,
1059 3626 1120 3720 qui
1138 3626 1222 3694 inde
1273 3623 1517 3693 moderatione
1545 3624 1688 3707 lrnerii,
1723 3629 1785 3721 qui
1814 3652 1893 3695 cnm
1927 3632 2118 3719 posteritati
2148 3636 2256 3708 etiarn

116 3778 119 3785 ·
233 3729 567 3838 usqneaLothario
584 3727 1028 3819 lmperatorelloruerunt3
1055 3750 1220 3816 magnum
1274 3725 1530 3794 consulendum
1555 3742 1713 3817 putaret,
1744 3730 1908 3820 cupiebat
1932 3733 2115 3805 autoritate
2139 3737 2258 3830 impe·

236 3849 330 3919 enim
346 3841 459 3911 calcar
474 3851 525 3905 est
541 3831 645 3902 bonis
659 3830 810 3920 ingeniis
826 3832 868 3898 ad
886 3830 1069 3911 virtutem,
1091 3829 1220 3899 intueri
1274 3827 1404 3894 ratoria
1429 3851 1551 3896 rursus
1573 3831 1724 3919 proferri
1750 3832 1805 3902 ius
1824 3828 2045 3917 Romanum,
2077 3848 2118 3906 ιιι
2140 3853 2257 3911 certae

235 3952 274 4022 in
292 3944 447 4034 exempla
462 3935 623 4006 illustria.
669 3931 741 4002 Nec
756 3931 831 4002 fieri
850 3944 963 4023 potest
978 3932 1067 4023 quin
1087 3933 1222 4023 profes·
1275 3926 1366 4017 leges
1379 3941 1422 3999 ct
1443 3931 1579 4000 erudite
1603 3933 1752 4022 scriptae
1775 3947 1951 4019 extarent;
1979 3961 2062 4005 nam
2083 3938 2255 4011 incertum

235 4051 346 4124 sionis
365 4039 562 4115 reverentia
584 4049 753 4124 augeatur
772 4036 809 4102 in
831 4034 894 4119 iis,
920 4033 981 4126 qni
1002 4034 1063 4102 illa
1087 4034 1221 4103 lumina
1274 4029 1329 4099 ius
1355 4043 1513 4100 aeternas
1537 4033 1735 4105 discordias
1751 4037 1854 4126 parit.
1912 4034 1982 4107 Sed
2006 4038 2042 4108 in
2065 4036 2260 4114 Germania

217 4147 482 4232 ‚excellentium
500 4139 658 4205 virorum
675 4135 869 4218 intuentur,
894 4134 957 4226 qni
972 4149 1023 4204 tot
1039 4137 1108 4204 iam
1123 4159 1222 4208 sectr·
1275 4132 1401 4202 incidit
1423 4132 1461 4201 in
1477 4135 1569 4202 bella
1587 4136 1716 4206 civilia.
1766 4134 1889 4205 Postea
1909 4134 2161 4213 lrnerinscum
2178 4169 2261 4237 per-

234 4258 280 4325 lis
315 4261 469 4337 togatam
511 4234 853 4306 administrationem
887 4232 991 4324 Reip.
1022 4258 1148 4323 magna
1183 4263 1222 4307 es
1274 4249 1388 4323 specta
1411 4236 1486 4304 eius
1510 4238 1622 4307 virtus
1652 4237 1689 4303 in
1713 4238 1967 4325 gubernatione
1989 4254 2062 4310 tam
2094 4243 2199 4335 longa
2227 4261 2262 4319 ct

235 4366 335 4451 parte
368 4350 406 4415 in
436 4338 583 4428 Europa
616 4337 871 4424 gubernarunt.
922 4331 1014 4421 Quis
1038 4336 1131 4404 enim
1157 4362 1223 4406 no·
1274 4337 1443 4424 grandior
1463 4353 1557 4409 aetas
1579 4338 1730 4407 auxisset
1757 4338 1832 4407 eius
1860 4342 2105 4429 autoritatem,
2137 4363 2261 4421 nactus

235 4470 347 4528 strum
369 4451 413 4517 de
433 4442 599 4514 Romano
623 4450 746 4505 sensata
768 4435 944 4524 cogitans,
969 4459 1049 4504 cum
1072 4437 1125 4505 ibi
1146 4437 1223 4507 Sci·
1247 4460 1250 4505 ι
1274 4435 1525 4530 Imperatorem
1548 4434 1757 4509 Lotbarium
1783 4439 1981 4527 Saxonem,
2014 4470 2087 4515 non
2110 4449 2262 4542 impedi·

236 4559 399 4652 pionem,
421 4543 580 4624 Lelium,
603 4538 765 4619 Fabium,
790 4535 941 4606 Paulum
959 4531 1166 4622 Aemilium,
1191 4554 1224 4609 et
1246 4508 1250 4607 l
1275 4552 1349 4609 tum
1369 4540 1532 4610 civilibus
1557 4540 1679 4624 bellis,
1712 4555 1745 4614 et
1770 4543 1830 4636 qui
1851 4544 2003 4634 plurima
2025 4547 2063 4615 in
2091 4547 2191 4620 ltalia
2215 4552 2261 4622 ad

237 4657 368 4735 similes
382 4648 554 4746 quosdam
576 4639 716 4712 heroica
734 4640 864 4711 virtute
884 4652 1118 4730 praestantes,
1145 4641 1224 4710 ani-
1275 4641 1504 4710 muniendam
1535 4643 1828 4735 tranquillitatem
1854 4646 2052 4730 constituit,
2084 4652 2153 4721 fuit
2176 4647 2261 4725 huic

237 4788 296 4833 mo
318 4765 492 4835 recenset,
524 4768 597 4815 non
614 4738 840 4813 vehementer
859 4742 1054 4813 admiretur
1072 4742 1155 4812 illos
1168 4744 1226 4811 vi·
1276 4737 1453 4827 hortator,
1485 4758 1524 4812 ut
1547 4756 1686 4814 curaret
1707 4742 1842 4817 Romae
1864 4761 1897 4817 et
1921 4744 2105 4821 Bunoniae
2138 4777 2262 4827 rursus

235 4887 312 4946 ros,
334 4875 501 4949 tanquam
517 4848 616 4919 coelo
630 4846 754 4915 missos
771 4847 812 4914 ad
831 4844 918 4913 illud
933 4843 1121 4935 imperinm
1138 4868 1223 4914 eon-
1275 4846 1430 4913 enarrari
1461 4845 1516 4914 ius
1540 4842 1762 4931 Romanum,
1800 4862 1835 4916 et
1864 4860 1905 4917 ut
1933 4854 2194 4926 controversiae
2219 4881 2263 4929 ex

170 5029 173 5032 ,
236 4963 458 5037 stitnendum
492 4966 526 5021 et
554 4946 847 5040 gubernandum?
899 4941 1037 5015 Omnes
1067 4949 1223 5039 proiecto
1275 4944 1448 5019 Romanis
1464 4947 1599 5035 legibus
1615 4949 1908 5020 diiudicarentur.
1961 4949 2013 5023 lta
2029 4979 2151 5027 rursus
2168 4960 2263 5029 cele-

228 5054 463 5140 ⁴accendimur
489 5056 633 5122 illorum
661 5074 797 5132 amore,
832 5071 1035 5141 quanquam
1059 5061 1112 5121 tot
1141 5065 1222 5119 ante
1274 5048 1371 5117 brari
1388 5061 1421 5118 et
1436 5049 1502 5121 coli
1518 5050 1675 5120 studium
1690 5048 1847 5121 Romani
1863 5048 1955 5121 luris
1969 5056 2094 5147 coepit.

236 5168 353 5251 serula
385 5156 529 5230 extincti
554 5155 641 5235 sint,
674 5166 707 5221 et
736 5167 897 5243 optamus
922 5145 1095 5221 divinitus
1118 5152 1224 5222 etiam
1311 5240 1315 5247 ᾗ
1357 5148 1429 5220 Nec
1443 5146 1669 5222 inhonestum
1684 5150 1752 5221 sibi
1767 5149 1926 5223 lrnerius
1938 5157 2047 5242 duxit,
2073 5174 2262 5255 postquam

236 5284 377 5344 nostrae
399 5258 503 5331 aetati
525 5255 611 5324 tales
633 5248 910 5325 hernasdonari.
962 5249 1224 5345 Sicafficiopi-
1274 5262 1327 5320 tot
1346 5276 1459 5323 annos
1483 5278 1562 5324 eum
1583 5276 1708 5343 magna
1724 5253 1836 5342 gloria
1854 5270 2009 5327 versatus
2028 5274 2105 5331 erat
2118 5262 2157 5330 in
2170 5262 2264 5357 Rep.

236 5399 305 5447 nor
327 5374 420 5441 bona
447 5355 609 5449 ingenia,
641 5377 720 5423 cum
751 5354 921 5431 celebrari
949 5353 1101 5424 audiunt
1124 5354 1225 5425 lrne-
1275 5353 1314 5421 in
1328 5355 1452 5426 ultima
1468 5369 1580 5426 aetate
1596 5355 1712 5425 redire
1728 5357 1772 5425 ad
1788 5351 1956 5426 scholam.
2002 5358 2072 5432 Sed
2090 5365 2264 5459 quicquid

237 5477 352 5560 rium,
380 5466 442 5563 qui
457 5464 565 5552 longo
589 5470 745 5548 tempore
761 5454 898 5526 ltaliam
926 5457 1030 5542 reait3
1055 5471 1119 5529 aut
1135 5455 1225 5527 Bar·
1274 5455 1307 5525 ei
1322 5458 1538 5543 autoritatis,
1563 5456 1675 5547 gloria
1696 5480 1818 5529 rerum
1839 5473 2015 5550 gestarum
2038 5478 2074 5536 et
2088 5482 2182 5538 aetas
2198 5492 2264 5562 pe·
