4732 6030
171 247 220 323 fl
668 238 833 313 D'ECL.
870 238 943 313 DE
983 235 1233 314 STUDIIS
1273 234 1701 316 Tuuououlct‘s.
2156 207 2218 312 42

172 417 253 511 lpse
274 439 401 507 magno
421 413 535 484 animi
557 413 699 498 dolore,
724 409 817 483 nihil
837 409 1162 483 aliudvideoAca·
1213 413 1342 482 Oratio
1377 414 1502 483 fusti
1539 417 1705 505 lonae,
1753 408 1918 486 doctoris
1960 409 2202 508 Tbeoloqine',

172 519 307 591 demias
329 541 417 598 esse,
447 539 555 609 qnam
579 515 711 605 templa
735 510 897 608 Tophet,
930 530 964 586 et
987 516 1161 584 funestam
1472 513 1518 585 ds
1538 514 1680 588 studiis
1706 513 1938 613 theoloqiuis.

173 621 325 691 filiorum
334 616 469 688 Ennon
487 617 631 685 vallem:
660 639 805 707 nempe,
823 617 1046 687 exulantibus
1054 613 1162 688 Chri·

171 719 294 792 stianis
315 711 440 793 literis.
498 717 712 789 Habuerunt
729 712 890 789 Athenae
912 744 954 790 ex
971 716 1163 810 Ariopago,
1212 692 1262 780 si
1278 735 1342 802 ego
1351 726 1412 783 aut
1426 715 1577 806 quadam
1588 713 1776 785 foelicitate
1792 713 1942 804 ingenii,
1965 729 2026 786 aut
2040 714 2202 784 doctrina

169 819 296 893 habuit
325 820 451 913 Sparta
492 821 751 912 paedonomos,
794 822 856 914 qui
887 819 1160 892 adulescentiam
1211 825 1317 906 atque
1343 814 1565 908 eloquentia,
1595 818 1652 886 vel
1674 840 1741 887 usu
1766 830 1801 887 et
1821 815 2005 901 exercitio,
2030 830 2092 886 aut
2112 840 2201 909 qua-

169 923 313 1013 optimis
329 923 529 1014 quibusque
546 923 662 990 modis
683 923 901 992 formabant:
928 920 976 992 Et
992 916 1028 991 hi
1045 945 1161 1016 quan·
1211 938 1351 1009 cunque
1373 918 1614 991 mediocritate
1638 918 1791 989 oratoria
1816 941 1926 987 essem
1942 917 2046 1009 paulo
2066 908 2219 987 instro-⁴

169 1040 207 1094 to
232 1024 392 1095 foelicius
412 1018 561 1094 Ethnici
589 1023 808 1094 iuventutem
840 1024 1021 1108 erudiere,
1052 1048 1159 1116 quam
1211 1018 1301 1087 ctior
1320 1019 1366 1086 acl
1389 1020 1658 1091 declamandum
1680 1046 1700 1090 e
1724 1021 1867 1113 publico
1891 1033 2072 1108 suggestu,
2102 1043 2200 1088 sum-

168 1141 375 1201 uostrorum
398 1138 597 1215 temporum
614 1123 847 1194 Academiae?
897 1125 997 1213 Quin
1017 1124 1161 1216 vosipsi,
1209 1118 1278 1187 mis
1301 1120 1440 1189 viribus
1464 1115 1521 1189 hic
1545 1121 1807 1207 incumberem,
1832 1136 1871 1192 ut
1888 1119 2103 1211 Theologica
2121 1135 2200 1191 stu-

168 1226 318 1297 studiosi
339 1226 502 1311 iuvenes,
535 1250 608 1294 rem
625 1227 810 1317 capessite,
840 1227 974 1298 favebit
989 1226 1037 1297 ita
1054 1251 1161 1297 cona·
1209 1221 1267 1288 dia
1283 1217 1344 1316 (de
1356 1245 1511 1314 quorum
1527 1223 1697 1311 dignitate
1722 1218 1780 1292 hic
1801 1248 1865 1315 pro
1891 1247 1991 1292 more
2007 1225 2199 1292 dicendum

168 1330 265 1398 tibus
279 1327 423 1412 vestris,
447 1340 486 1397 ut
499 1328 624 1412 aetati,
646 1329 805 1398 coelestis
818 1329 978 1420 spiritus:
1004 1342 1038 1397 et
1052 1324 1160 1399 Chri·
1210 1318 1278 1416 est)
1305 1323 1470 1392 omnibus
1501 1326 1683 1415 redderem
1710 1348 1817 1416 quam
1844 1323 2200 1399 commendatissima.

168 1414 262 1500 stum
287 1450 461 1520 nusquam
477 1429 676 1498 evidentius
698 1453 919 1520 expressum,
945 1454 1049 1522 quam
1064 1427 1160 1499 Pau·
1208 1420 1313 1493 Nunc
1334 1449 1413 1493 cum
1430 1425 1531 1499 vobis
1544 1450 1621 1495 mea
1638 1427 1790 1495 tenuitas
1811 1449 1885 1494 non
1904 1426 2027 1515 ignota
2039 1425 2104 1509 sit,
2127 1426 2198 1493 ini-

167 1531 254 1598 linis
270 1530 398 1613 literis,
423 1532 563 1599 assiduo
582 1533 884 1622 contemplamini.
936 1529 1066 1602 Nullus
1082 1528 1158 1601 Deo
1209 1524 1260 1594 tio
1285 1547 1389 1613 rogo,
1424 1550 1488 1610 ne,
1523 1527 1553 1595 si
1576 1529 1696 1599 forsan
1721 1529 1899 1611 ubertate,
1932 1526 2032 1618 copia
2054 1527 2136 1610 illa,
2162 1540 2199 1598 et

166 1632 301 1720 gratior
329 1631 462 1712 cultus,
501 1633 642 1701 nullum
670 1634 780 1723 magis
815 1635 914 1725 pium
946 1633 1158 1724 exemplum,
1208 1627 1396 1716 splendore
1409 1628 1595 1716 orationis,
1618 1628 2199 1699 cuieniditissimaeauresvestrae

167 1756 274 1825 quam
295 1732 332 1799 in
356 1732 432 1821 pias
452 1733 572 1802 literas
599 1733 689 1804 velle
713 1734 968 1807 transformari,
1026 1730 1073 1804 Et
1101 1757 1158 1803 res
1208 1742 1364 1797 assuetae
1393 1744 1495 1809 sunt,
1530 1755 1634 1823 quem
1655 1725 1714 1800 hic
1738 1732 1835 1800 locus
1860 1731 2009 1800 illustris
2036 1742 2072 1799 et
2090 1751 2197 1817 argu-

166 1834 242 1923 ipsa
260 1833 368 1901 semel
387 1847 536 1916 tentata,
568 1837 642 1903 suis
666 1859 728 1905 vos
752 1837 928 1906 illecebris
957 1836 1005 1904 ita
1034 1836 1158 1924 capiet,
1208 1844 1367 1897 mentum
1390 1832 1634 1916 gravissimum
1660 1834 1847 1922 deposcere
1869 1833 2055 1915 videntur,
2089 1831 2198 1900 desti·

166 1948 206 2004 ut
221 1937 382 2003 deserere
398 1957 472 2002 nou
494 1934 614 2006 libeat
665 1933 756 2004 Nam
775 1960 856 2005 cum
872 1960 937 2027 per
953 1956 1027 2003 sese
1043 1935 1158 2002 bona·
1207 1943 1306 2013 tuac,
1331 1928 1623 2000 existimationem
1651 1934 1687 2001 id
1713 1933 1950 2003 sanctissimae
1965 1931 2196 2027 professionis

165 2059 248 2104 rum
271 2058 390 2103 rerum
416 2034 571 2121 cognitio
595 2035 750 2104 iucunda
775 2037 839 2121 sit,
873 2026 1155 2107 Christianarum
1208 2025 1463 2120 Theologicae,
1485 2057 1592 2124 quam
1607 2035 1765 2103 mirificis
1778 2034 1959 2119 laudibus,
1984 2034 2108 2103 divino
2128 2032 2197 2102 ali-

164 2137 273 2204 etiam
288 2133 452 2203 salutaris
467 2147 538 2219 est,
562 2148 602 2205 ut
618 2131 710 2204 nihil
727 2136 884 2206 dubitem
901 2137 1021 2207 multis
1037 2137 1156 2205 nomi·
1206 2155 1277 2221 quo
1291 2155 1372 2216 ore,
1398 2132 1547 2202 alicuius
1564 2159 1644 2204 vere
1661 2136 1800 2218 diserti,
1827 2137 1924 2203 omni
1942 2135 2102 2205 omnium
2123 2134 2196 2203 lin·

162 2237 270 2305 nibus
295 2235 588 2304 iucundissimum
610 2238 686 2304 fore
702 2235 803 2306 Pauli
819 2238 995 2321 studium,
1020 2237 1085 2308 ubi
1101 2262 1154 2306 se·
1205 2254 1353 2320 guarum
1369 2256 1476 2319 sono,
1504 2235 1541 2304 in
1557 2237 1694 2307 coelum
1717 2238 1794 2308 tolli
1811 2238 1989 2329 oportuit,
2015 2238 2110 2328 apud
2132 2250 2198 2305 vos‘

165 2337 235 2405 mel
252 2336 503 2405 delibaveritis.
553 2333 662 2406 Fama
684 2350 754 2422 est,
780 2337 990 2432 Aegyptios,
1015 2353 1153 2428 gentem
1204 2333 1404 2403 imminuat·
1454 2334 1593 2423 Meam,
1616 2363 1730 2409 meam
1746 2340 1869 2409 scitote
1891 2339 2138 2429 esseculpam,
2164 2335 2194 2406 si

164 2439 241 2506 sine
257 2436 416 2526 exemplo
431 2438 730 2528 superstitiosam,
756 2463 850 2509 novo
866 2442 1057 2533 quotannis
1073 2463 1155 2509 vere
1204 2457 1279 2504 rem
1303 2436 1446 2507 coelesti
1470 2440 1657 2527 praeconio
1685 2441 1847 2530 dignam,
1878 2440 2008 2529 frigido
2033 2439 2195 2508 encomio

165 2540 281 2628 legum
299 2562 338 2608 ac
355 2538 538 2608 literarum
555 2561 699 2609 suarum
716 2542 833 2611 autori
846 2536 1025 2612 Mercurio
1038 2564 1155 2634 quon-
1204 2536 1403 2618 celebrato,
1429 2554 1489 2610 aut
1514 2564 1587 2609 non
1606 2535 1682 2626 his,
1713 2541 1844 2635 quibus
1866 2555 2023 2610 merctur
2037 2562 2194 2625 summa-

165 2643 246 2708 dam
265 2640 412 2708 solenne
434 2664 573 2709 sacriim
592 2641 733 2721 fecisse,
758 2642 1025 2714 multitudinem
1044 2642 1153 2712 undi-
1203 2661 1283 2706 rum
1297 2637 1444 2708 laudum
1461 2642 1677 2732 insignibus,
1702 2665 1886 2712 ornavero.
1939 2637 2195 2730 Theologicam

163 2765 232 2834 que
248 2741 484 2812 conlluentem
499 2743 642 2832 publica
656 2743 880 2833 epulatione,
904 2745 1009 2815 melle
1031 2746 1155 2815 licum-
1203 2739 1457 2828 professionem
1474 2745 1585 2813 nostis
1601 2768 1675 2815 esse
1692 2745 1867 2815 eiusmodi
1882 2744 2097 2826 doctrinam,
2123 2764 2193 2833 qua

161 2866 232 2936 que
262 2858 456 2933 operatum.
520 2842 619 2913 Sacri
654 2859 863 2914 vetustatem
898 2847 987 2916 ritus
1019 2846 1152 2933 arguit:
1203 2840 1242 2907 iu
1263 2836 1422 2911 Ecclesia
1444 2843 1591 2914 docetur
1616 2860 1649 2916 et
1676 2846 1825 2916 discitur
1848 2868 1930 2913 vera
1960 2843 2113 2932 cognitio
2136 2864 2193 2910 sa-

162 2968 245 3012 nam
264 2959 297 3014 et
322 2968 429 3013 aureo
446 2943 529 3020 illo,
556 2945 652 3032 quod
669 2956 816 3026 vocant,
842 2947 978 3028 seculo,
1010 2945 1152 3033 publica
1204 2940 1356 3030 pientiae
1371 2957 1405 3013 et
1420 2943 1701 3015 voluntatisDei.
1753 2945 1935 3035 Scriptura
1950 2944 2045 3014 enim
2060 2956 2194 3026 sancta,

161 3046 235 3113 fere
251 3045 436 3125 convivia,
466 3040 636 3109 sacrificia
657 3040 774 3128 fuere,
800 3057 835 3114 et
850 3045 989 3133 opimae
1004 3045 1151 3113 deorum
1203 3065 1308 3132 quam
1331 3065 1351 3110 a
1376 3041 1607 3128 Patriarcbis,
1639 3042 1828 3137 Prophetis
1852 3060 1886 3117 et
1900 3044 2080 3137 Apostolis
2094 3068 2192 3113 acce·

162 3141 298 3215 hostiae
321 3142 394 3209 mel
416 3165 456 3210 ac
480 3140 584 3225 licus,
617 3167 769 3234 quorum
791 3168 896 3214 usum
919 3146 1049 3214 deinde
1065 3158 1099 3215 et
1115 3145 1152 3213 in
1204 3141 1336 3231 pimus,
1362 3167 1470 3234 quam
1485 3168 1558 3213 non
1576 3142 1729 3217 humana
1747 3149 1949 3233 voluntate,
1973 3147 2034 3216 sed
2051 3144 2110 3238 (ut
2123 3143 2192 3214 Pe-

158 3237 333 3321 netdvosc
349 3243 516 3312 mansisse
529 3243 685 3318 tradunt
736 3243 835 3315 luter
848 3247 1064 3343 epulandum
1080 3248 1152 3317 lae·
1203 3254 1277 3311 trus
1298 3242 1365 3335 ait)
1392 3242 1530 3335 Spiritu
1556 3266 1678 3320 sancto
1710 3249 1924 3339 inspirante,
1958 3248 2192 3339 prodiderunt

158 3363 218 3417 tae
241 3367 343 3414 voces
366 3343 489 3413 iactari
509 3342 655 3431 solitae,
671 3404 674 3411 .
688 3359 724 3417 ct
746 3348 849 3439 quasi
871 3372 982 3440 paean
1004 3347 1151 3442 quidam
1203 3343 1313 3413 sancti
1327 3341 1397 3414 Dei
1411 3341 1592 3429 homines,
1619 3374 1711 3443 quae
1724 3364 1837 3420 totum
1853 3345 1921 3419 hoc
1936 3351 2118 3420 doctrinae
2130 3370 2191 3436 ge-

157 3444 343 3518 Mercurio
356 3445 508 3525 cantari,
533 3445 740 3539 neutiquam
757 3450 980 3520 inconditum
994 3473 1150 3521 carmen:
1201 3467 1270 3514 nus
1300 3441 1415 3540 (qnod
1444 3444 1679 3540 Theologiam
1715 3449 1900 3539 vocamus)
1932 3449 2190 3540 complectitur,

156 3541 278 3647 γλυκὺ
304 3541 327 3637 ἡ
356 3539 524 3639 ἀλήθεια.
583 3545 662 3634 Qua
689 3573 772 3618 voce
796 3546 891 3620 haud
916 3553 1064 3622 obscure
1088 3554 1146 3620 de-
1201 3559 1276 3617 tota
1291 3570 1333 3616 eo
1349 3549 1481 3633 tendit,
1506 3553 1549 3620 ad
1568 3547 1664 3621 bunc
1677 3575 1822 3642 scopum
1836 3554 1968 3623 directa
1982 3566 2056 3637 cst,
2076 3567 2118 3622 ut
2134 3551 2191 3620 in·

159 3648 307 3718 claravit
329 3643 529 3741 Aegyptus,
562 3672 668 3739 quam
691 3665 790 3739 grato
813 3668 953 3744 pectore
978 3652 1149 3722 Mercurii
1201 3643 1555 3738 comprehensibilem
1580 3654 1698 3739 illam,
1731 3668 1765 3725 et
1793 3654 1968 3725 infinitam
1994 3654 2189 3725 bonitatem

160 3752 253 3839 leges
267 3762 301 3819 et
318 3748 477 3820 instituta
495 3750 676 3838 complexa
694 3752 810 3823 fuerit.
863 3749 999 3824 Eodem
1017 3778 1151 3846 paeane
1201 3773 1241 3819 ac
1263 3749 1540 3823 misericordiam
1563 3754 1631 3826 Dei
1654 3758 1777 3825 doceat
1802 3779 1869 3824 nos
1891 3777 2117 3842 cognoscere,
2150 3762 2191 3819 ut

160 3874 285 3940 magna
311 3845 400 3919 mihi
424 3873 503 3941 spes
528 3864 600 3934 est,
631 3849 734 3921 Pauli
757 3856 954 3925 doctrinam
975 3880 1055 3938 vos,
1087 3856 1149 3925 ubi
1200 3851 1237 3919 in
1263 3846 1330 3920 hac
1360 3852 1432 3924 vita
1456 3856 1612 3944 primum
1641 3855 1681 3922 in
1703 3857 1811 3923 verbo
1838 3869 1872 3922 et
1894 3851 2190 3942 promissionibus

160 3952 447 4041 degustaveritis,
481 3953 731 4026 celebraturos.
798 3954 866 4026 Cui
896 3958 988 4024 enim
1012 3957 1150 4040 iustius,
1201 3951 1334 4019 divinis
1349 3952 1418 4018 fide
1428 3949 1733 4041 apprehendamus
1745 3951 1983 4040 cognitionem
1997 3953 2190 4044 sapientiae

160 4078 266 4145 vam
281 4053 341 4145 qui
358 4048 581 4138 Christiana,
609 4057 801 4148 eademqne
819 4060 949 4144 optime
969 4073 1002 4127 et
1018 4057 1152 4145 gratio-
1200 4063 1233 4119 et
1252 4050 1446 4119 voluntatis
1461 4049 1540 4123 Dei.
1593 4050 1733 4122 Deinde
1756 4065 1791 4123 et
1814 4053 1851 4121 in
1870 4054 2190 4124 omnibuscmatu-

159 4153 296 4223 sissime
310 4156 434 4239 (locet,
454 4155 633 4225 decantari
651 4169 755 4249 queat
772 4152 830 4226 hic
846 4153 1023 4252 hymnus?
1059 4160 1150 4253 *flv-
1199 4150 1270 4234 rl³‚
1292 4149 1413 4231 0⁰²l⁰o
1435 4165 1545 4237 lem,
1569 4154 1679 4238 marl,
1703 4168 1737 4224 0²
1750 4150 1816 4223 hm*
1832 4150 2202 4225 ¹⁰¹³m¹1¹¹dim³⁶l¹l·'

157 4251 206 4328 mi
230 4251 252 4349 ἡ
276 4249 443 4349 ἀλήθεια.
495 4253 591 4332 Dixi.
617 4254 620 4258 ’
1200 4276 1264 4332 na,
1289 4253 1448 4344 adeoque
1473 4256 1608 4344 pmprii
1626 4257 1784 4347 corporis
1800 4257 1911 4325 nostri
1936 4257 2093 4326 mirabili
2109 4258 2188 4346 opi-
2219 4308 2224 4317 ,

1161 4372 1169 4381 ·
1198 4352 1296 4433 ficio,
1330 4352 1507 4425 infinitam
1532 4356 1631 4426 illam
1658 4371 1691 4427 ct
1717 4359 1925 4427 immensam
1947 4359 2017 4428 Dei
2047 4359 2189 4429 bonita-

1200 4467 1286 4537 tem,
1316 4455 1525 4547 quotidiana
1553 4458 1742 4542 miracula,
1782 4467 1819 4528 ef
1837 4460 2070 4549 praesentiam
2096 4459 2189 4528 divi-

1199 4578 1300 4635 nam,
1326 4558 1628 4651 operumqueeius
1642 4559 1940 4650 magnitudinem,
1965 4575 2016 4644 et,
2041 4559 2189 4631 utPau-

1199 4656 1254 4725 lus
1276 4656 1412 4749 inquit,
1443 4660 1689 4752 multipliciter
1720 4662 1854 4730 variam
1887 4662 2093 4751 sapientiam
2119 4659 2203 4731 Dei.

1197 4757 1539 4841 animadvertamus,
1572 4763 1669 4854 quod
1694 4762 1769 4855 ipse
1795 4763 1927 4832 scilicet
1942 4756 2203 4834 nonsit-Deus

1196 4881 1217 4926 a
1240 4859 1364 4946 longe,
1397 4860 1453 4929 cui
1480 4885 1554 4932 non
1572 4863 1646 4934 sint
1668 4888 1772 4934 curae
1787 4887 1842 4932 res
1858 4859 2053 4944 humanae,
2078 4861 2187 4959 (sicut

364 4987 441 5072 De
467 4988 631 5073 studit-3
661 4986 939 5104 tholomei&
1197 4959 1419 5030 imbecillitas
1435 4955 1610 5035 humanae
1626 4965 1774 5036 rationis
1789 4979 1930 5055 peccato
1942 4966 2093 5055 originis
2106 4990 2188 5035 cor·

1196 5072 1319 5152 ruptae
1334 5060 1502 5157 somniat)
1512 5067 1810 5157 queamdmodum
1827 5080 1861 5137 et
1874 5066 2052 5138 llo-erus
2065 5065 2202 5147 Poeta,

223 5182 305 5256 apud
323 5182 397 5237 cest.
416 5177 488 5251 Myt.
506 5199 533 5247 p.
547 5178 607 5248 ts,
629 5179 657 5233 tn
670 5179 799 5264 'nectam
815 5177 849 5232 τ.
864 5179 884 5232 Ι.
907 5197 935 5300 p.
947 5179 991 5235 ts
1024 5179 1055 5234 tn
1076 5179 1144 5235 ser-
1197 5164 1241 5229 de
1259 5159 1344 5233 love
1356 5165 1450 5254 apud
1466 5161 1660 5257 Aethiopas
1681 5167 1912 5259 convivante,
1938 5192 2014 5238 eam
2038 5164 2186 5239 hebetu-

259 5263 325 5308 ⁸⁶⁸⁸·
340 5249 372 5304 T.
386 5251 408 5304 ¹·
445 5250 527 5311 ·”·”
546 5247 620 5318 '⁹¹¹³
644 5248 820 5304 ⁸¹⁸¹²⁸¹⁶¹⁰m
834 5246 967 5318 ΝΜ·
985 5253 1010 5303 ¹·
1029 5277 1058 5289 ··
1095 5253 1145 5305 ¹⁰·
1186 5262 1318 5345 ,dinem
1337 5258 1573 5337 humanarum
1592 5269 1765 5341 mentium
1788 5283 1904 5350 taxat,
1933 5272 1994 5340 ssd
2009 5268 2105 5341 Deus
2121 5272 2185 5340 ad-

158 4848 300 4877 hm
968 4851 1139 4879 Μ

257 5339 307 5376 nas
334 5330 360 5375 et
390 5268 447 5374 Til.
470 5316 596 5371 Plettner
617 5319 744 5374 doctores
769 5318 852 5374 creati
875 5326 939 5371 suat
960 5316 1143 5392 Witeberpae
1435 5367 1444 5384 ,
1705 5371 1714 5388 ,
1835 5372 1845 5388 ,
1945 5372 1955 5388 ‚

259 5408 303 5448 ιιι.
319 5389 398 5446 tart.
1196 5365 1342 5441 modum
1357 5369 1463 5438 nobas
1477 5391 1661 5460 praesens,
1687 5386 1778 5444 sicut
1797 5369 1995 5441 Hieremias
2008 5367 2198 5461 Propheta·
