4732 6030
794 239 955 317 chl.
996 240 1070 316 ot:
1101 238 1379 316 ENCOMlO
1414 240 1729 320 FRANCIAE.
2203 251 2281 329 892

323 419 505 491 Hactenus
519 418 564 486 de
587 413 752 506 auspiciis
766 438 866 505 regns
854 413 1056 500 Francici,
1078 429 1111 486 et
1127 415 1227 510 quasi
1280 414 1385 486 annis
1401 412 1633 506 septingentis
1647 428 1872 485 conservatae
1886 428 1971 487 sunt
1992 415 2131 490 literae.
2180 418 2281 496 Haec

229 528 275 598 de
298 525 413 615 prima
436 535 544 590 aetate
574 517 659 585 dixi.
712 515 849 587 Posteri
865 518 993 588 deinde
1015 542 1089 588 non
1112 519 1228 588 solum
1279 532 1331 588 est
1352 539 1435 585 vera
1459 517 1537 587 laus
1559 517 1690 586 summi
1715 518 1906 609 principis,
1933 542 2053 609 pacem
2078 523 2281 613 restituere,

230 628 457 699 retinuerunt
479 631 601 710 partas
622 641 723 708 opes,
757 622 814 688 sed
840 621 944 689 etiam
969 635 1164 704 auxerunt,
1189 645 1228 688 ac
1279 618 1510 708 religionem,
1534 618 1730 704 iusticiam,
1756 614 1982 710 disciplinam
1998 624 2112 708 tueri,
2138 650 2281 717 ornare,

232 755 308 801 non
330 727 436 795 modu
460 718 773 811 potentiacrevit‚
799 723 985 790 sedetiam
1009 735 1229 793 accesserunt
1281 736 1315 791 et
1339 722 1382 790 ad
1403 733 1560 812 posteros
1581 744 1785 812 propagare.
1839 720 1957 810 Quam
1979 679 2168 798 dissimiles
2192 745 2281 804 sunt

232 831 366 902 maiora
382 824 497 892 studia
515 820 679 891 civilium
691 823 842 904 artium,
868 823 1072 913 religionis,
1095 825 1229 895 doctri·
1281 823 1326 892 ab
1340 817 1431 891 hac
1420 822 1575 912 imagine
1591 825 1762 893 exercitus
1777 824 1852 909 illi,
1878 849 1943 918 qur
1931 819 2012 895 his
2027 830 2197 919 proximis
2210 857 2278 901 an-

234 952 318 1012 nae,
360 925 539 1007 iusticias,
571 924 791 1013 disciplinae.
857 924 979 1019 ltaque
1014 951 1093 995 cum
1128 926 1230 995 facile
1281 925 1337 993 nis
1361 921 1500 993 ltaliam
1526 924 1629 993 foeda
1660 926 1891 1017 populatione
1922 926 2181 1014 dilacerarunt,
2213 959 2282 1007 nec

234 1029 411 1124 aequitate
434 1041 469 1096 et
492 1024 640 1095 lenitate
663 1025 801 1117 imperii
826 1050 944 1116 pacem
963 1029 1062 1096 domi
1088 1044 1231 1099 tueren-
1281 1039 1408 1116 gerunt
1424 1025 1516 1093 bella
1535 1021 1602 1094 boc
1620 1026 1707 1111 fine,
1732 1041 1773 1097 ut
1788 1041 1907 1117 postea
1923 1028 2114 1120 religiones
2138 1047 2173 1103 et
2199 1035 2281 1104 lite-

235 1147 313 1217 tur,
350 1130 438 1200 foris
470 1129 516 1196 ad
541 1151 766 1197 communem
795 1125 960 1220 Europae
988 1131 1229 1200 defensionem
1275 1152 1401 1201 rarum
1419 1128 1536 1196 studia
1551 1127 1722 1207 excitent,
1747 1132 1809 1198 sed
1826 1145 1864 1200 ut
1880 1145 2060 1201 aeternam
2079 1135 2279 1205 barbariem

224 244 298 322 891

235 1235 330 1309 bella
346 1228 541 1301 necessaria
562 1230 743 1317 gerebant.
794 1226 945 1301 Carolus
963 1229 1151 1301 Martellus
1174 1255 1231 1300 re·

237 1335 364 1430 pressit
384 1333 596 1413 Saracenos,
622 1332 735 1403 deleta
764 1333 898 1423 ingenti
920 1357 1043 1403 eorum
1067 1333 1231 1402 multitu

238 1439 342 1521 dine,
372 1437 459 1504 adeo
483 1447 523 1503 ut
537 1431 730 1525 Hispaniae
752 1453 886 1526 partem
912 1449 997 1505 tunc
1019 1435 1230 1506 amitterent.

238 1539 391 1631 Pipinus
418 1535 557 1626 pacavit
573 1533 728 1620 ltaliam,
755 1552 789 1607 et
806 1535 952 1606 Parisiis
971 1538 1155 1608 constituit
1169 1562 1232 1605 cu-

240 1641 331 1712 riam
353 1639 532 1719 iudicum,
562 1661 668 1729 quam
694 1652 820 1709 vocant
843 1637 1127 1724 Parlamentum‚
1161 1664 1231 1731 quo

240 1744 382 1815 nullum
401 1753 453 1809 est
469 1738 672 1829 sapientius,
694 1764 733 1809 ac
749 1741 878 1810 melius
891 1742 1121 1810 constitutum
1138 1741 1229 1829 iudi-

242 1846 338 1916 cium
362 1855 436 1913 toto
460 1844 546 1910 orbe
573 1854 758 1912 terrarum.
814 1841 873 1912 Ab
897 1837 953 1911 his
979 1842 1126 1910 summis
1147 1843 1234 1910 viris

242 1960 343 2019 ortus
358 1942 509 2015 Carolus
523 1940 695 2031 Magnus,
721 1943 819 2014 auxit
842 1943 973 2012 avitam
993 1957 1028 2012 et
1052 1957 1232 2032 paternam

242 2049 404 2139 gloriam.
453 2042 576 2137 Neque
592 2045 686 2112 enim
711 2056 850 2116 lantum
874 2045 982 2114 armis
1008 2045 1143 2134 pacavit
1163 2044 1235 2116 lta-

242 2152 346 2229 liam,
372 2149 434 2218 sed
450 2149 554 2215 etiam
571 2147 716 2218 domitis
730 2145 978 2238 Longohardis
994 2147 1071 2216 iura
1086 2161 1120 2216 et
1141 2149 1234 2238 leges

243 2252 361 2336 dedit,
387 2262 426 2319 ut
442 2252 485 2316 ad
504 2248 742 2338 posteritatem
758 2248 859 2319 ltalia
874 2249 992 2342 quieta
1009 2262 1108 2321 esset.

346 2350 437 2422 Cum
471 2349 582 2439 igitur
614 2365 797 2442 appareret
829 2349 1020 2420 Francicos
1052 2347 1168 2439 Reges
1200 2362 1234 2418 et

244 2453 491 2545 magnitudine
518 2451 659 2562 imperii
685 2467 720 2523 et
742 2453 873 2522 virtute
887 2467 1041 2523 caeteros
1052 2449 1175 2542 Reges
1196 2451 1234 2519 in

243 2554 437 2648 Europa
404 2577 564 2640 vincere,
591 2569 748 2647 essetque
765 2554 885 2648 aliquo
908 2557 1052 2624 custode
1075 2554 1236 2645 publicae

243 2656 513 2753 tranquillitatis
535 2680 626 2750 opus
646 2657 834 2726 universae
862 2651 1045 2746 Europae,
1070 2681 1110 2725 ac
1134 2678 1236 2747 prae·

245 2763 347 2854 cipue
371 2758 511 2843 ltaliae,
544 2759 645 2829 cuius
671 2758 889 2850 possessione
911 2754 1069 2827 Graecos
1093 2757 1236 2846 [ongo-

244 2864 349 2936 bardi
361 2860 590 2953 depulerant,
617 2863 712 2930 bono
733 2860 882 2931 consilio
897 2856 1060 2931 Romans
1079 2856 1236 2928 Ecclesia

244 2964 413 3039 Carolum
439 2962 631 3055 appellavit
651 2963 922 3055 imperatorem,
949 2975 989 3031 ut
1009 2986 1041 3029 es
1031 2960 1236 3030 detensio-

246 3092 327 3137 ncm
348 3064 468 3135 ltaliae
489 3079 593 3158 atque
607 3062 785 3135 Ecclesiae
800 3065 1076 3135 commendaret.
1127 3062 1235 3150 Quod

246 3179 366 3237 autem
393 3165 568 3235 illustrius
598 3167 841 3237 testimonium
874 3166 1018 3236 virtutis
1046 3162 1237 3235 Francicae

246 3266 518 3340 commemorari
543 3278 672 3354 potest,
705 3292 809 3358 quam
836 3261 921 3335 hacc
944 3268 1074 3335 indicia
1103 3281 1237 3336 extera-

245 3392 328 3443 rum
344 3367 550 3450 nationum,
574 3389 663 3456 quae
680 3390 754 3433 non
770 3369 877 3434 modo
896 3368 1065 3436 auxilium
1087 3364 1238 3436 aFran-

172 3494 182 3543 ἱ.
247 3472 299 3544 cis
313 3468 614 3559 imploraverunt,
641 3469 699 3535 sed
717 3467 821 3536 etiam
849 3467 1095 3536 existimarunt
1111 3490 1146 3535 se
1167 3468 1239 3535 illis

247 3570 506 3662 imperantibus
547 3569 745 3638 libertatem
789 3591 888 3637 suam
928 3592 1028 3658 posse
1062 3569 1240 3638 retinere?

247 3672 369 3764 Quare
395 3694 556 3760 magnam
580 3669 687 3740 luisse
704 3670 862 3740 iustitiae
877 3670 1083 3763 opinibnem
1109 3674 1153 3738 cle
1173 3696 1240 3739 no-

246 3776 328 3848 stris
352 3769 561 3842 hominibus
580 3796 719 3842 necesse
743 3786 805 3842 est.
858 3770 987 3841 Fertur
1010 3773 1099 3841 illud
1125 3770 1240 3841 Grae-

248 3903 348 3959 cum,
384 3871 453 3947 τὸν
479 3867 654 3973 ‹ppolyxos‘
680 3869 792 3970 φίλον
820 3871 895 3966 ἔχε,
937 3867 1087 3970 γείιιιιιά
1115 3870 1156 3946 de
1182 3870 1240 3958 οὐ,

247 3994 348 4050 acute
370 3978 542 4049 fortassis:
578 3973 669 4046 Nam
690 3990 902 4046 crescentem
929 3976 1151 4051 Francorum
1175 4001 1242 4068 po-

247 4083 394 4154 tentiam
423 4080 667 4147 formidabant
696 4075 837 4148 Graeci.
898 4077 970 4149 Sed
993 4092 1110 4148 timen
1139 4076 1240 4148 ltalia

246 4211 321 4254 non
350 4183 502 4252 amicum
527 4180 635 4246 modo
657 4203 697 4247 ac
715 4180 894 4261 vicinum,
919 4181 981 4249 sed
1004 4181 1108 4248 etiam
1125 4181 1243 4251 domi-

248 4309 336 4355 num
354 4279 483 4350 habere
500 4278 676 4347 Francum
694 4294 838 4369 propter
854 4279 1019 4349 virtutem
1037 4294 1070 4347 et
1084 4283 1242 4373 aequita-

249 4399 320 4458 tem
337 4380 478 4470 imperii
496 4404 566 4447 nou
582 4380 767 4447 recusavit.
802 4379 850 4450 Ut
864 4394 979 4448 autem
995 4378 1144 4449 Carolus
1158 4383 1242 4450 belli

249 4486 362 4579 gloria
378 4508 441 4575 par·
458 4481 525 4550 luit
538 4480 684 4549 summis
702 4479 990 4571 imperatoribus,
1015 4480 1060 4548 ita
1076 4483 1170 4570 pacis
1186 4508 1244 4550 ar-

250 4590 347 4661 tibus
370 4585 524 4678 optimos
541 4608 640 4675 aeqs.
620 4608 640 4649 ι
609 4594 665 4650 ιιι
681 4581 875 4673 Principes.
927 4582 1153 4651 Academiam
1171 4582 1243 4653 Bo-

251 4692 481 4771 noniensem,
513 4700 614 4755 antea
636 4709 657 4753 a
650 4677 886 4755 'lhcodosio
912 4686 1159 4766 constitutam,
1185 4689 1238 4754 in·

1282 1244 1317 1299 et
1332 1228 1527 1299 vastitatem
1551 1228 1728 1299 efficiant?
1761 1230 1907 1320 Quanto
1927 1232 2074 1305 fuerunt
2094 1236 2277 1309 loelieiora

1284 1329 1541 1400 Francorum
1530 1333 1696 1420 imperis,
1721 1357 1784 1425 qur
1774 1333 1912 1404 saluti
1934 1336 2097 1406 omnium
2119 1340 2277 1426 gentium

1283 1433 1557 1517 consuluerunt,
1582 1445 1616 1500 et
1634 1434 1841 1521 religionem
1858 1461 1898 1505 ac
1916 1437 2035 1507 literas
2050 1461 2178 1530 magna
2193 1465 2278 1513 eura

1283 1528 1479 1626 provehere
1492 1534 1608 1602 conati
1624 1534 1733 1606 sunt?

1383 1635 1555 1729 Sequitur
1568 1637 1668 1705 tertia
1685 1636 1901 1708 Francorum
1919 1654 2031 1726 aetas,
2057 1666 2136 1715 cum
2156 1640 2279 1716 Gallia

1284 1762 1303 1806 a
1321 1732 1514 1806 Germania
1532 1737 1653 1807 avulsa
1666 1750 1736 1823 est,
1760 1754 1840 1830 post
1855 1741 1890 1810 id
1905 1754 2042 1834 tempus
2057 1745 2205 1815 luerunt
2221 1759 2278 1815 ta·

1285 1863 1366 1907 men
1390 1839 1427 1906 in
1454 1836 1650 1908 Germania
1672 1837 1892 1911 Francorum
1915 1839 2050 1926 Duces,
2080 1845 2144 1939 qui
2172 1859 2277 1915 vetu-

1284 1953 1372 2011 stam
1388 1939 1606 2009 Francorum
1623 1943 1740 2012 sedem
1757 1943 1796 2010 in
1811 1955 1962 2038 utraque
1982 1942 2108 2016 Moeni
2136 1947 2213 2038 ripa
2241 1959 2277 2018 et

1285 2064 1411 2131 magna
1435 2055 1534 2133 parte
1550 2042 1705 2131 regionis
1717 2039 1914 2117 Rhenanae
1933 2059 2135 2124 tenuerunt.
2185 2047 2277 2117 Nam

1285 2143 1434 2215 Francia
1451 2157 1569 2212 nostra
1583 2144 1671 2214 olim
1689 2146 1874 2238 aliquanto
1891 2147 1998 2218 latius
2021 2151 2156 2241 patuit,
2182 2174 2278 2219 ntsnc

1285 2247 1357 2315 sere
1372 2245 1486 2314 scalae
1500 2269 1574 2314 non
1594 2247 1742 2334 figuram
1757 2248 1879 2334 efficit,
1905 2249 2008 2320 cuius
2028 2251 2123 2321 latus
2137 2265 2278 2343 septen·

1286 2347 1438 2418 trionale
1455 2348 1649 2437 porrigitur
1664 2350 1709 2417 ab
1724 2363 1807 2420 ortu
1822 2374 1942 2420 versus
1960 2375 2143 2435 occasum,
2176 2378 2196 2421 a
2212 2351 2280 2423 Sa-

1285 2450 1339 2520 lac
1362 2448 1520 2519 lontibus
1540 2474 1652 2544 usque
1677 2452 1723 2520 ad
1744 2452 1876 2523 ostium
1899 2450 2025 2522 Moeni
2048 2453 2088 2522 in
2105 2447 2278 2525 Rhenum

1287 2551 1478 2621 influentis.
1530 2549 1640 2622 Latus
1659 2553 1896 2625 meridianum
1919 2557 1965 2624 ab
1979 2554 2070 2624 ostio
2086 2554 2209 2626 Moeni
2231 2556 2278 2623 ad

1286 2654 1419 2723 flumen
1447 2649 1681 2747 Altmylium,
1718 2656 1914 2725 smeridie
1948 2679 2073 2745 magna
2109 2680 2152 2725 ex
2179 2671 2278 2746 parte

1286 2753 1526 2847 praecingitur
1540 2756 1658 2849 sylva,
1682 2779 1771 2848 quse
1786 2781 1807 2827 s
1823 2758 1986 2828 vastitate
2006 2782 2138 2827 nomen
2159 2752 2279 2832 hahet.

1287 2853 1474 2927 Orientale
1489 2857 1581 2928 latus
1600 2859 1644 2927 ab
1660 2856 1831 2953 Altmylio
1848 2863 1892 2931 sd
1909 2858 2011 2930 Salac
2025 2862 2142 2930 fontes
2156 2859 2279 2950 porri-

1287 2960 1383 3048 gitur
1407 2959 1504 3028 iuxta
1526 2972 1662 3030 montes
1680 2958 1844 3035 Sudetes.
1893 2959 1965 3031 Nec
1985 2961 2112 3052 procul
2135 2961 2278 3031 recessit

1288 3086 1308 3131 a
1325 3062 1505 3130 veteribus
1529 3060 1674 3145 vicinis,
1699 3086 1854 3154 quorum
1871 3060 1998 3133 Strabo
2017 3062 2100 3132 lecit
2121 3062 2278 3131 mentio-

1289 3187 1384 3233 nem.
1426 3159 1460 3233 N
1462 3187 1518 3231 am
1535 3176 1569 3232 et
1584 3158 1691 3233 hodie
1707 3161 1916 3233 Vindelicos
1930 3188 1950 3234 a
1967 3163 2114 3233 meridie
2127 3164 2278 3253 attingit,

1289 3279 1321 3336 et
1337 3266 1411 3333 fere
1433 3265 1478 3333 ab
1504 3277 1587 3335 ortu
1602 3264 1727 3356 aspicit
1741 3263 1924 3340 Noricum.
1975 3262 2094 3334 Habet
2113 3265 2159 3333 ad
2175 3262 2281 3335 Moe·
2327 3340 2333 3352 ,

1289 3390 1377 3436 num
1399 3364 1484 3435 sitas
1508 3367 1741 3458 metropoles,
1772 3364 2026 3456 Bambergam,
2059 3364 2284 3454 Wircebur·

1290 3490 1372 3556 gum
1389 3479 1426 3536 et
1440 3462 1744 3541 Francolordiam.
1776 3465 1846 3537 ltie
1861 3480 1992 3538 tractus
2007 3467 2049 3536 in
2063 3468 2140 3559 ripa
2156 3466 2284 3538 Moeni

1292 3566 1396 3638 hodie
1411 3569 1540 3639 retinet
1554 3570 1592 3637 in
1606 3567 1800 3639 Germania
1816 3568 1986 3639 Franciae
2001 3593 2145 3639 nomen.
2178 3565 2282 3639 Olim

1292 3674 1383 3740 bona
1401 3694 1482 3762 pars
1503 3670 1601 3763 ripae
1616 3676 1660 3740 ad
1675 3666 1844 3742 Rhenum
1866 3671 2006 3764 aSpira
2023 3672 2191 3766 usquead
2206 3668 2282 3740 Co·

1290 3773 1423 3841 Ioniam
1447 3776 1639 3844 vocabatur
1658 3770 1831 3845 Franciae
1851 3770 2019 3845 Ducatus.
2073 3770 2283 3862 Mogontiae

1292 3874 1570 3966 cnimquispiam
1585 3875 1859 3947 evetustissimis
1868 3872 2028 3946 Ducibus
2042 3877 2201 3994 sepultos
2215 3887 2282 3959 est,

1292 3976 1351 4046 cui
1373 3999 1503 4044 nomen
1528 3974 1712 4067 Meingos,
1741 3989 1776 4047 et
1796 3973 2006 4065 Cunradus,
2034 4000 2097 4071 qus
2085 3974 2284 4047 condidit

1292 4078 1464 4169 templum
1491 4077 1677 4169 Spirense,
1707 4102 1784 4148 non
1810 4079 1936 4170 procul
1964 4103 1983 4148 a
2012 4076 2115 4170 Spica
2144 4076 2284 4165 regiam

1293 4175 1419 4250 habuit
1434 4177 1682 4273 Lympurgam.

1392 4279 1535 4370 Peperit
1548 4299 1665 4351 autem
1680 4297 1713 4349 et
1729 4277 1813 4350 haec
1836 4282 1939 4352 tertia
1955 4280 2174 4352 Francorum
2190 4292 2284 4349 actes

1293 4383 1553 4451 laudatissimos
1575 4382 1776 4473 Principes,
1819 4380 2015 4452 Henricum
2043 4380 2285 4469 Bambergen-

1293 4484 1670 4577 sem,qu1Belgicum
1686 4484 1833 4574 recepit,
1859 4501 1893 4553 et
1911 4486 2047 4575 expulit
2063 4483 2161 4555 ltalia
2177 4481 2284 4553 Sare-

1293 4608 1415 4670 cenos3
1447 4586 1577 4654 deinde
1599 4582 1787 4655 Conradus
1813 4588 1943 4676 recepit
1969 4582 2216 4676 Burgundiam
2247 4595 2285 4654 et

1294 4709 1369 4754 eam
1393 4685 1533 4774 imperii
1558 4685 1712 4774 partem,
1745 4712 1851 4781 qnam
1875 4701 2004 4757 vocant
2026 4687 2286 4764 Arelatensem,

251 4793 442 4875 stauravit,
468 4791 626 4881 duasque
641 4812 752 4857 novas
767 4811 841 4879 ipse
858 4788 1014 4870 addidit
1040 4787 1215 4857 alteram
1206 4811 1242 4855 ιιι
1293 4801 1327 4858 et
1339 4785 1694 4859 domustPsnnnnas.
1742 4789 1924 4860 Posteri
1893 4812 1988 4873 erus
2014 4790 2172 4861 artificns
2186 4784 2288 4857 Pon

251 4893 354 4966 ltalia
377 4892 605 4983 Papiensem,
629 4890 811 4960 alteram
800 4914 839 4958 ιιι
856 4887 986 4958 Gallus
997 4887 1244 4974 Parrssensem,
1293 4890 1426 4961 tilicum
1444 4888 1713 4977 Romanorum,
1738 4891 1901 4982 impliciti
1922 4906 2007 4961 snnt
2027 4892 2194 4960 civilibus
2209 4889 2290 4958 bel·

251 5010 291 5069 ut
315 4998 395 5071 lere,
411 4995 561 5063 extincta
592 4993 806 5084 optimarum
830 4991 959 5062 artium
982 4993 1098 5061 studia
1121 5017 1244 5062 rursus
1294 4992 1356 5077 lis,
1382 4997 1440 5061 sed
1459 5007 1577 5064 tannn
1592 5019 1649 5064 res
1671 5005 1855 5085 gesserunt
1873 4993 2056 5066 maximas.
2108 4991 2289 5062 Henricus

253 5100 437 5181 excitaret,
462 5110 494 5165 et
512 5096 671 5165 doctrina
697 5095 905 5183 religionem
928 5117 968 5162 ac
988 5091 1147 5185 Respub.
1164 5119 1244 5163 mu-
1293 5109 1441 5187 quartus
1465 5096 1604 5188 saepius
1626 5098 1700 5167 acie
1724 5095 1908 5164 dimicasse
1930 5096 2097 5165 scribitur
2120 5118 2227 5188 quam
2245 5088 2289 5161 C·

253 5204 347 5273 niret
367 5215 402 5272 et
424 5211 577 5268 ornaret.
628 5194 701 5265 Nec
723 5221 805 5265 vero
828 5197 1019 5266 obscurum
1044 5208 1115 5280 est,
1137 5222 1242 5290 quam
1293 5192 1433 5271 Caesar.
1465 5196 1589 5269 Postea
1602 5200 1754 5269 extincta
1773 5197 1882 5290 stirpe
1898 5195 2059 5281 Ducum,
2086 5209 2204 5265 nostra
2220 5217 2291 5263 no·

252 5305 432 5399 praeclare
457 5298 603 5368 meritus
635 5297 681 5367 sit
705 5300 748 5366 de
772 5311 845 5368 toto
871 5299 957 5367 orbe
986 5309 1160 5367 terrarum
1188 5294 1245 5366 his
1294 5297 1415 5367 bilitas
1430 5311 1465 5369 et
1478 5301 1646 5387 civitates,
1660 5326 1705 5371 ne
1719 5314 1880 5368 externos
1896 5299 2061 5368 dominos
2075 5300 2291 5391 acciperent,

253 5407 385 5477 scholis
408 5400 627 5486 constitutis,
659 5422 809 5493 quarum
833 5399 1018 5493 praecipua
1042 5423 1149 5491 opera
1173 5399 1244 5469 iam
1295 5422 1385 5471 neve
1399 5401 1598 5476 libertatem
1611 5424 1712 5474 suam
1729 5401 1953 5488 amitterent,
1985 5424 2164 5472 sonsmum
2181 5399 2292 5470 Prin·
