4732 6030
56 348 134 428 rso
498 340 654 421 nucu.
701 315 1664 425 nnu1crontuu1=nuususrmc
1864 374 1872 395 ι
2014 353 2093 428 rso

159 519 251 595 Cum
275 518 383 610 igitur
411 531 483 591 tam
503 517 619 589 dulcis
640 516 834 589 consolatio
857 515 898 587 in
915 515 1048 588 talibus
1100 509 1145 583 ln
1169 505 1226 584 his
1248 512 1418 605 exemplis
1439 515 1737 609 monstratlDeus
1758 517 1848 590 iram
1876 544 1994 592 suam:
2029 526 2091 596 sed

58 621 164 694 dictis
190 621 367 715 proposita
390 621 452 701 sit,
484 618 650 710 infigatur
672 619 821 704 animis,
853 630 893 690 ut
914 641 983 689 nos
1007 616 1048 687 in
1102 639 1148 684 ne
1162 626 1276 684 totum
1295 638 1404 705 genus
1424 608 1620 687 humanum
1642 618 1680 686 in
1701 620 1924 710 sempiternis
1939 624 2094 697 miseriis

59 746 165 796 cursu
180 716 410 793 honestorum
426 721 657 792 consiliorum
673 722 868 794 confirmet.
1092 716 1164 801 sit,
1188 715 1287 786 Deus
1297 716 1466 787 immensa
1477 717 1716 790 misericordia
1731 735 1876 814 propter
1888 723 2001 793 filium
2014 727 2090 802 col·

50 866 56 871 -
158 818 311 895 Addidit
326 836 445 894 autem
460 822 573 894 Divus
587 820 721 894 Paulus
736 820 977 894 eruditissime
990 844 1049 889 ra-
1099 817 1179 907 ligit
1191 812 1404 903 Ecclesiam,
1428 831 1463 889 et
1486 817 1603 905 iuvat,
1634 834 1676 891 ut
1689 821 1721 890 ei
1738 822 1855 916 aliqua
1876 837 1973 913 grata
1991 826 2089 903 fiant.

57 924 228 997 tionema
251 946 354 995 causa
373 922 470 992 finali
486 938 677 1015 sumptam:
699 920 827 1013 ,Quam
844 925 891 993 ob
906 944 1047 992 causam
1098 916 1193 988 Nero
1216 914 1331 988 Deum
1356 917 1504 988 immani
1523 921 1644 991 furore
1667 926 1877 1019 contemnit:
1904 938 1940 996 at
1955 923 2089 998 Paulus

58 1017 196 1115 colligit
218 1040 255 1097 et
274 1026 372 1096 iuvat
397 1024 493 1095 Deus
514 1021 733 1095 Ecclesiam?
781 1022 930 1116 Propter
946 1018 1049 1108 haue,
1098 1018 1231 1090 interea
1246 1042 1364 1088 veram
1376 1017 1505 1090 deDeo
1521 1022 1720 1093 doctrinam
1736 1025 1886 1115 spargit,
1906 1050 1989 1096 vere
2005 1052 2088 1100 eum

57 1125 192 1221 iuquit,
217 1141 256 1197 ut
271 1127 390 1220 aliqua
406 1122 482 1195 Deo
498 1138 593 1216 grata
610 1127 707 1196 liant.
1099 1120 1260 1205 invocat,
1284 1132 1319 1190 et
1337 1134 1489 1210 praestat
1504 1137 1637 1194 caetera
1656 1124 1769 1214 officia
1787 1126 1854 1216 ipsi
1870 1141 1982 1217 grata.
2033 1127 2086 1201 lta

158 1227 256 1297 Haec
284 1228 380 1296 enim
414 1225 534 1296 nativa
561 1240 614 1299 est
643 1225 833 1297 verborum
863 1223 1049 1295 sententia.
1098 1245 1214 1306 nuuc,
1247 1221 1311 1290 etsi
1336 1222 1439 1294 multi
1462 1224 1604 1316 tyranni
1629 1239 1663 1296 et
1682 1225 1745 1294 alii
1767 1219 1884 1299 hostes
1899 1225 2086 1319 Evangelii

55 1321 192 1421 Estque
210 1327 359 1399 eruditis
380 1325 577 1398 iucundum
599 1341 634 1400 et
659 1327 763 1396 valde
781 1327 888 1412 utile,
914 1326 1048 1398 intelli·
1097 1319 1213 1392 Deum
1235 1335 1486 1409 contemnunt,
1518 1337 1635 1394 tamen
1655 1325 1706 1418 pii
1722 1329 1989 1400 concionatores
2008 1330 2086 1401 Deo

56 1450 139 1519 gere
159 1423 335 1521 phrasim,
368 1440 403 1498 et
425 1429 616 1499 verborum
637 1429 808 1521 pondera.
867 1427 1047 1498 Discernit
1098 1420 1196 1512 grata
1212 1423 1361 1493 faciunt:
1389 1436 1423 1495 et
1444 1422 1495 1515 pii
1516 1420 1713 1497 scholastici
1726 1430 1901 1500 sedulitas
1918 1431 2085 1503 discentis
2171 1453 2177 1465 ’

56 1543 174 1600 autem
198 1525 265 1600 hoc
284 1529 362 1627 loco
380 1528 498 1600 Divus
513 1526 644 1599 Paulos
658 1529 784 1599 mundi
803 1530 956 1614 furores,
982 1525 1046 1621 qui
1096 1518 1350 1615 Evangeliunt,
1371 1525 1505 1616 gratius
1520 1548 1610 1618 opus
1625 1525 1704 1598 Deo
1719 1541 1792 1615 est,
1818 1555 1923 1624 quam
1946 1528 2087 1604 Hercu-

55 1629 148 1700 iram
164 1628 231 1701 Dei
245 1625 464 1701 horribiliter
488 1629 648 1716 irritant,
671 1629 921 1702 asalutaribns
936 1628 1046 1700 actio·
1095 1622 1161 1711 lis,
1191 1622 1406 1712 Alexandri,
1437 1641 1500 1698 aut
1523 1626 1607 1698 lulii
1629 1629 1768 1700 labores
1788 1629 1948 1721 ingentes
1971 1633 2010 1702 in
2031 1647 2086 1705 tot

56 1732 165 1803 nibus
191 1726 226 1802 et
245 1729 324 1802 Deo
338 1731 578 1823 placentibus,
610 1756 700 1825 quae
717 1732 809 1802 liunt
824 1732 863 1799 in
877 1727 1046 1802 Ecclesia.
1095 1726 1256 1816 praeliis,
1288 1725 1327 1794 in
1346 1739 1399 1797 tot
1421 1726 1564 1798 urbium
1591 1731 1756 1814 excidiis,
1787 1731 1827 1802 in
1851 1745 1904 1804 tot
1926 1733 2084 1824 gentium

57 1829 171 1920 Quasi
184 1832 296 1904 dicat:
328 1827 503 1902 Nonsvutt
514 1827 612 1903 Deus
629 1833 835 1901 uuiversum
851 1853 962 1920 genus
977 1826 1046 1900 hu·
1096 1826 1386 1916 dissipationibus
1400 1828 1611 1921 consumpti.

55 1957 203 2005 manum
217 1934 348 2003 frustra
362 1932 546 2003 conditum
562 1956 655 2013 esse,
678 1944 713 2002 et
734 1933 947 2011 forentes-,ac
961 1930 1047 2000 assi-
1196 1924 1293 1996 Haec
1315 1927 1457 1998 collatio
1477 1952 1580 2022 saepe
1605 1931 1791 2022 cogitanda
1807 1947 1878 2022 est,
1901 1947 1943 2006 ut
1957 1957 2023 2005 nos
2039 1935 2084 2004 ad

57 2035 128 2104 due
148 2029 265 2103 Deum
284 2033 498 2105 contumelia
519 2033 682 2109 adlicere:
716 2033 778 2103 sed
805 2031 959 2122 excerpit
979 2030 1047 2100 ali·
1096 2026 1212 2097 studia
1227 2040 1263 2099 et
1277 2028 1322 2098 ad
1339 2023 1505 2100 honestas
1520 2030 1675 2112 actiones
1697 2028 1764 2104 hae
1782 2037 1873 2105 duae
1890 2059 2012 2106 causae
2026 2034 2084 2104 in-

57 2156 166 2227 quam
189 2146 343 2226 partem,
376 2156 467 2227 quae
488 2146 654 2223 agnoscat
676 2133 810 2225 ipsum,
835 2146 870 2204 et
891 2155 974 2203 vere
989 2154 1047 2202 ce·
1096 2129 1225 2198 vitent:
1258 2132 1354 2222 quod
1376 2131 1540 2204 videlicet
1568 2135 1739 2204 auxilium
1757 2132 1825 2206 Dei
1854 2137 2084 2229 promittitur.

57 2233 192 2322 lebret,
211 2247 247 2303 et
261 2234 293 2303 ei
311 2248 408 2325 grata
422 2233 538 2304 officia
552 2247 718 2325 praestet,
744 2233 909 2304 videlicet
921 2228 1047 2304 Eccle-
1096 2225 1144 2301 Et
1164 2230 1258 2323 quod
1281 2231 1444 2302 adfirmet
1464 2229 1561 2304 Deus
1580 2236 1695 2306 officia
1713 2233 1890 2309 Ecclesiae
1904 2238 1970 2308 sibi
1986 2249 2084 2328 grata

56 2335 159 2410 siam.
209 2338 256 2406 At
273 2335 464 2430 inreliqua
477 2335 708 2406 multitudine
724 2334 846 2428 quales
862 2335 1048 2408 sintiuro·
1097 2353 1182 2404 esse.
1235 2329 1345 2421 Quod
1361 2358 1441 2405 rum
1454 2333 1502 2405 ita
1517 2335 1581 2421 sit,
1605 2350 1750 2429 propter
1765 2337 1823 2429 pia
1843 2340 1961 2413 studia
1975 2353 2009 2408 et
2025 2363 2085 2409 ve-

55 2458 132 2517 res‚
156 2433 453 2508 indicatPsalm.:
486 2435 585 2508 Dixit
605 2435 777 2528 insipiens
796 2437 835 2505 in
849 2440 956 2507 corde
972 2459 1049 2522 suo,
1096 2457 1172 2503 ram
1202 2433 1480 2519 invocationem,
1512 2459 1638 2525 magne
1668 2439 1822 2529 praemia
1852 2441 1915 2511 dat
1935 2439 2087 2529 singulis

55 2559 133 2608 non
147 2549 200 2607 est
211 2532 320 2607 Dens.
358 2535 510 2608 Plurimi
524 2537 640 2630 palam
655 2551 740 2609 sunt
752 2533 938 2631 Epicurei,
961 2532 1048 2608 hor·
1095 2533 1281 2626 privatim,
1305 2547 1339 2604 et
1364 2534 1446 2606 totis
1467 2536 1632 2625 gentibus
1646 2539 1896 2615 communiter.
1944 2537 2086 2628 Pacem,

56 2637 157 2708 ribili
171 2638 324 2709 amentia
337 2640 598 2727 adseverantes‚
624 2635 717 2709 nihil
731 2637 940 2725 esseDeum,
963 2640 1048 2710 nul-
1096 2636 1247 2718 victum,
1282 2636 1462 2706 moderata
1487 2636 1653 2729 imperia,
1692 2639 1935 2710 doctrinarum
1957 2640 2087 2722 lucem,

55 2739 130 2809 lam
150 2761 224 2810 esse
242 2739 523 2831 providentiam,
556 2741 677 2811 omnia
699 2762 781 2811 casu
796 2752 878 2810 nata
895 2763 987 2825 esse,
1011 2754 1047 2813 et
1097 2735 1135 2804 in
1150 2735 1309 2806 consiliis
1331 2748 1366 2807 et
1388 2737 1537 2827 negotiis
1560 2738 1708 2829 privatis
1722 2753 1756 2810 et
1768 2740 1921 2832 publicis
1941 2739 2087 2809 foelices
2218 2748 2221 2753 ’
2277 2755 2279 2758 ’

56 2839 204 2910 interire
225 2864 328 2926 casu,
362 2836 457 2911 nihil
476 2855 608 2909 restare
628 2836 786 2908 hominis
809 2842 904 2930 quod
934 2843 1048 2929 vigeat
1097 2859 1292 2916 successus,
1324 2839 1386 2907 dat
1407 2835 1520 2908 Deus:
1554 2841 1637 2932 quia
1659 2835 1837 2911 Ecclesiae
1861 2841 1975 2911 officia
2000 2853 2107 2931 pro·'

57 2955 91 3011 et
106 2943 220 3033 sapiat
240 2937 425 3033 posthanc
440 2940 559 3010 vitam.
610 2934 684 3007 Alii
707 2938 811 3007 multi
827 2938 964 3027 fingunt
978 2941 1048 3009 sibi
1096 2940 1168 3008 bat.
1225 2936 1323 3025 Quid
1345 2950 1397 3007 est
1418 2939 1576 3025 tristius,
1607 2964 1713 3033 quarn
1743 2939 1925 3012 hominem
1957 2942 2006 3010 ita
2029 2941 2084 3008 vi-

57 3041 126 3134 ipsi
142 3043 310 3120 numina,
337 3052 371 3108 et
388 3038 455 3108 Dei
466 3034 639 3108 honorem
656 3038 823 3107 tribuunt
838 3039 974 3112 statuis.
1096 3061 1197 3121 vere,
1220 3051 1261 3108 ut
1284 3051 1420 3108 tantum
1443 3039 1556 3110 irritet
1579 3040 1668 3110 iram
1684 3039 1770 3128 Dei,
1795 3057 1830 3115 et
1843 3041 1999 3115 cumulet
2014 3041 2084 3111 sibi

159 3140 266 3209 Tales
298 3139 328 3207 si
358 3137 577 3222 consideres,
615 3138 718 3208 facile
742 3138 894 3228 intelligi
923 3153 1065 3231 potests
1096 3151 1131 3208 et
1145 3136 1225 3208 aliis
1241 3139 1396 3228 poenas?
1444 3135 1477 3210 E
1498 3155 1622 3213 contre
1635 3145 1722 3235 quid
1737 3145 1865 3214 melius
1882 3157 1952 3228 est,
1977 3166 2085 3234 quarn

57 3238 383 3321 curdiratPaulus:
410 3237 496 3309 ldeo
505 3235 698 3308 Ecclesiam
715 3240 853 3332 excerpi
867 3263 907 3310 ex
922 3261 1047 3329 genere
1096 3238 1145 3308 ita
1162 3238 1301 3324 vivere,
1325 3251 1366 3309 ut
1381 3237 1458 3309 Deo
1474 3263 1596 3311 cursus
1610 3256 1693 3313 tuus
1714 3243 1874 3334 placeat?
1906 3257 1941 3315 et
1962 3243 2028 3314 tibi
2051 3256 2085 3314 et

56 3338 235 3426 humano,
265 3351 303 3410 et
322 3338 457 3422 iuvari,
489 3353 531 3411 ut
554 3340 625 3409 sint
647 3338 759 3434 aliqui
780 3354 877 3430 grata
900 3337 977 3412 Deo
991 3341 1046 3412 fa-
1096 3339 1230 3430 patriae
1247 3353 1326 3410 tuae
1335 3339 1504 3427 salutaris
1517 3341 1589 3412 sit?

56 3442 201 3516 cientes.
252 3440 342 3511 Nam
358 3435 524 3530 Epicurei
539 3455 573 3510 et
586 3453 781 3511 statuarum
797 3442 949 3514 cultores
965 3455 1047 3515 tan-
1198 3435 1294 3510 Haec
1315 3440 1527 3531 cogitantes,
1558 3455 1593 3512 et
1613 3443 1681 3534 ipsi
1712 3445 1904 3514 excitemur
1925 3445 1970 3515 ad
1993 3458 2088 3514 recte

56 3542 105 3615 tis
125 3540 351 3613 contumeliis
371 3540 515 3612 irritant
535 3541 624 3610 iram
641 3541 708 3611 Dei
727 3544 895 3614 adversus
913 3544 1048 3635 seipsos
1096 3539 1316 3626 faciendum,
1347 3556 1384 3611 ct
1404 3556 1562 3631 petamus
1586 3545 1757 3612 auxilium
1774 3542 1861 3633 Dei,
1885 3557 1925 3614 ut
1942 3541 2001 3614 hir
2019 3548 2085 3615 do-

57 3657 92 3714 et
105 3646 273 3714 adversus
289 3654 399 3714 totam
412 3664 532 3712 rernm
544 3654 725 3722 naturam,
750 3656 792 3712 ut
809 3656 955 3734 propter
967 3667 1047 3714 exe-
1096 3656 1149 3711 cet
1157 3638 1305 3710 Paulus:
1328 3638 1426 3711 Deus
1438 3642 1560 3726 efficit,
1584 3658 1623 3713 ut
1638 3644 1837 3734 perficiatis.
1889 3642 1948 3714 Tu
1967 3645 2087 3735 igitur,

57 3746 208 3820 dandos
237 3739 368 3814 horum
394 3742 545 3813 furores,
560 3742 679 3812 subito
705 3740 935 3813 interiturum
957 3756 1049 3815 esset
1097 3757 1236 3810 aeterne
1257 3741 1371 3827 Deos,
1405 3755 1505 3832 pater
1530 3739 1677 3813 Domini
1700 3745 1813 3816 nostri
1836 3741 1915 3814 lesu
1939 3743 2087 3826 Christi,

56 3844 263 3917 universum
295 3865 405 3933 genus
433 3838 650 3928 humanum,
679 3841 749 3911 nisi
769 3839 867 3913 Deus
889 3865 972 3915 suae
994 3841 1049 3913 illi
1097 3838 1263 3911 conditor
1288 3841 1449 3911 omnium
1480 3864 1599 3912 rerum
1629 3857 1664 3914 et
1683 3839 1861 3914 Ecclesiae
1883 3859 1982 3928 tuae,
2013 3869 2087 3916 una

57 3940 265 4020 haereditati
282 3957 457 4037 parceret,
475 3967 582 4039 quem
599 3942 774 4034 excerpit,
799 3957 933 4038 etquae
945 3967 1049 4015 veros
1097 3964 1178 4011 cum
1191 3939 1264 4008 lilio
1281 3954 1344 4011 tuo
1365 3937 1524 4010 Domino
1543 3955 1665 4012 nostro
1684 3941 1762 4012 lesu
1778 3939 1923 4016 Christo
1945 3959 1982 4018 et
2003 3945 2087 4038 Spi-

57 4042 128 4116 Dei
149 4042 303 4119 honores
323 4044 416 4116 tueri
435 4047 568 4117 studet.
618 4041 716 4132 Quid
737 4043 843 4116 multi
866 4044 953 4113 alii?
985 4044 1050 4139 qui
1097 4040 1171 4110 ritu
1193 4051 1314 4109 sancto
1334 4052 1417 4124 tuo,
1450 4041 1615 4111 miserere
1638 4043 1771 4131 nostri,
1795 4059 1939 4137 propter
1952 4048 2088 4117 media-

59 4142 137 4218 Deo
154 4158 374 4237 anteponunt
390 4146 580 4231 libidines,
615 4143 841 4239 tyrannides,
881 4144 1048 4216 iniustam
1098 4155 1210 4213 torem
1227 4154 1388 4212 nostrum
1401 4140 1516 4211 lesum
1527 4137 1729 4229 Christum,
1755 4161 1790 4217 et
1803 4149 1955 4218 accende
1968 4162 2087 4241 pecto-

60 4246 277 4332 vindictam,
299 4247 466 4340 rapinas?
504 4244 572 4317 His
586 4245 776 4316 sceleribus
791 4245 1049 4339 quantumire·
1098 4267 1137 4312 ra
1153 4243 1273 4311 nostra
1283 4240 1421 4333 Spiritu
1437 4257 1500 4314 tuo
1509 4259 1649 4332 sancto,
1675 4269 1741 4316 nos
1755 4270 1853 4338 rege,
1878 4263 1913 4320 et
1925 4249 2027 4333 iuva,
2048 4263 2087 4319 ut

59 4362 177 4417 matur
196 4344 316 4437 Dens,
346 4348 502 4441 conspici
522 4349 560 4418 in
580 4369 773 4439 poenarum
794 4346 963 4439 exemplis
983 4371 1049 4440 po·
1098 4341 1214 4414 studia
1244 4356 1364 4414 nostra
1395 4359 1430 4416 et
1452 4357 1565 4415 totum
1593 4359 1756 4417 nostrum
1779 4349 1997 4422 curriculum
2022 4349 2088 4420 tibi

59 4462 145 4532 test,
181 4471 264 4518 nam
293 4449 424 4519 multae
446 4471 594 4539 magnae
620 4462 740 4538 gentes
763 4445 847 4517 inde
870 4471 982 4541 usque
1002 4449 1048 4518 ab
1098 4458 1237 4536 gratum
1253 4445 1317 4529 sit,
1342 4458 1376 4515 et
1398 4447 1549 4519 celebret
1571 4447 1664 4518 veris
1678 4442 1895 4537 honoribus,
1918 4463 1952 4522 et
1965 4451 2012 4521 sit
2032 4474 2090 4520 sa-
2191 4467 2195 4472 ’

58 4549 163 4620 initio
184 4548 322 4641 generis
345 4542 494 4618 hunsani
516 4561 660 4639 propter
688 4543 752 4621 has
772 4571 894 4619 causas
914 4550 1050 4621 deletae
1098 4547 1213 4618 lutare
1227 4546 1333 4618 nobis
1346 4559 1381 4618 et
1396 4548 1580 4619 universae
1591 4544 1789 4636 Ecclesiae,
1810 4545 1940 4624 Amen.
1970 4548 2067 4625 Dixi.

57 4666 154 4725 sunt.
204 4648 280 4721 Has
302 4672 435 4741 poenas
462 4649 539 4718 vult
563 4650 670 4718 nobis
690 4645 788 4721 Deus
810 4645 1049 4720 commonefa-

59 4752 194 4823 rtiones
208 4774 300 4836 esse,
327 4763 369 4821 ut
383 4751 428 4819 de
442 4748 688 4838 magnitudine
701 4751 774 4821 irae
793 4750 936 4821 divinae
952 4752 1048 4842 cogi-

59 4867 187 4930 temus.
221 4851 347 4944 Legis,
369 4864 497 4920 matres
512 4850 552 4918 in
567 4849 815 4922 obsidionibus
828 4866 945 4924 coctos
958 4853 1049 4922 lilios
1766 4903 1774 4923 .

58 4977 183 5026 rursus
205 4956 299 5026 intra
323 4965 481 5023 materna
505 4951 637 5021 viscera
667 4952 878 5025 condidisse.
935 4953 1050 5043 Legis,
1106 4911 1280 5043 Q
1907 4924 2081 5044 Q

58 5056 99 5125 in
115 5060 204 5126 urbe
222 5050 461 5126 Xanthiorum
478 5053 690 5144 pendentem
712 5053 757 5121 de
780 5065 870 5123 tecto
887 5069 1049 5139 matrem,
1080 5066 1082 5070 ‘
1332 5117 1342 5136 ,
1632 5119 1633 5122 ,
1809 5116 1821 5135 ,
1887 5117 1900 5136 ‚

57 5171 96 5228 et
117 5159 162 5228 de
197 5156 289 5227 rollo
320 5155 446 5226 matris
467 5153 726 5243 strangulatum
748 5152 939 5225 infantem:
974 5156 1048 5224 imo
1142 5190 1149 5211 =-
1181 5115 1259 5201 De
1288 5115 1436 5202 dmm
1470 5113 1679 5203 Auem
1708 5117 1896 5202 'mim
1924 5128 2006 5206 m·

58 5283 155 5330 nunc
171 5260 269 5330 vides
280 5256 429 5349 grassari
444 5254 483 5324 in
494 5253 679 5325 Pannonia
690 5251 846 5340 Tuscos,
871 5256 1049 5327 trucidare
1166 5275 1198 5332 tn
1219 5277 1313 5333 retest.
1333 5276 1413 5335 Dect.
1432 5278 1469 5331 r.
1485 5273 1534 5332 ut.
1554 5292 1581 5341 ρ.
1594 5272 1676 5344 ets,
1697 5274 1815 5331 servent.
1830 5274 1879 5332 tu.
1896 5296 1922 5349 p
1937 5276 2020 5347 sot„
2042 5274 2095 5328 tti-

57 5360 212 5430 inlantes
226 5371 443 5452 aparentum
458 5357 643 5448 complexu
656 5355 813 5425 avulsos:
840 5356 970 5426 deinde
983 5382 1047 5449 pa·
1134 5407 1135 5410 κ
1199 5346 1297 5470 siffi-
1313 5344 1373 5467 {3¹2⁰
1374 5345 1496 5466 1⁹²·le
1516 5351 1545 5423 ‘l
1563 5343 1591 5423 {¹¹
1608 5341 1646 5463 ἶ
1655 5344 1716 5465 ,L'f
1734 5343 1853 5428 ΨΜ.
1862 5345 1902 5400 ’ἢ
1913 5344 1943 5402 ⁸·
1975 5343 2044 5425 ¹⁸²¹!
2065 5343 2095 5396 ⁵³

1389 5433 1425 5484 gn
1475 5429 1590 5483 rencspts
1634 5430 1652 5464 n
1698 5424 1747 5466 tem
1773 5431 1923 5469 cormones
1946 5419 1974 5464 et
1992 5421 2095 5483 scripta

59 5475 177 5533 rentes
196 5462 235 5531 in
255 5461 480 5545 servitutem,
511 5472 626 5530 morte
648 5455 841 5528 tristiorem
860 5456 1045 5532 abducere.
1198 5480 1324 5548 (wara,
1338 5483 1418 5542 toto.
1438 5481 1503 5550 cot)
1519 5496 1546 5549 p.
1561 5479 1643 5549 sos,
1669 5480 1717 5534 ast
1737 5480 1766 5536 t.
1787 5479 1843 5534 sne
1861 5481 1973 5534 ratem
1994 5480 2098 5536 netem
