4732 6030
184 270 259 345 877

185 443 400 513 collocarant
425 439 462 507 in
485 441 621 513 foenus.
681 435 729 511 Et
750 440 908 509 minatur
927 441 1083 530 ignavis,
1116 441 1175 508 in-

186 551 328 637 quiens:
364 532 518 610 Habenfi
546 542 706 626 dabitur,
736 555 771 611 ct
797 566 870 610 non
897 537 1040 611 habenti
1068 541 1173 611 etiam

185 647 280 738 quod
308 644 446 712 videtur
468 637 616 726 habere,
648 644 838 712 auferetur.
891 644 1047 732 Agamus
1066 643 1175 730 igitur

185 742 261 815 Deo
284 759 426 814 aeterno
445 744 536 834 patri
551 741 697 812 Domini
721 745 833 813 nostri
852 743 929 814 lesu
943 741 1077 814 Christi
1094 767 1174 831 gra-

184 847 270 929 tias,
297 846 502 914 ardentibus
528 845 682 915 motibus
708 861 910 934 pectorum,
936 849 1031 939 quod
1057 844 1174 913 Evan-

184 948 266 1037 gelii
283 949 396 1015 lucem
411 970 532 1015 rursus
547 947 706 1014 accendit
723 948 760 1014 in
779 944 954 1032 Ecclesia,
981 962 1014 1016 et
1031 949 1174 1037 insuper

185 1072 261 1117 eam
287 1049 487 1134 linguarum
510 1048 711 1136 cognitione
734 1062 768 1117 et
799 1049 984 1118 universae
1010 1045 1173 1117 Philoso-

183 1145 289 1241 phiae
304 1149 429 1217 studiis
448 1149 608 1232 ornavit,
638 1163 671 1218 et
688 1151 781 1242 quod
800 1144 854 1217 his
871 1151 975 1219 bonis
998 1150 1115 1242 aliqua
1133 1174 1173 1217 ex

184 1264 283 1342 parte
297 1250 461 1322 fruimur.
513 1246 613 1318 Nihil
637 1252 730 1318 enim
755 1246 809 1319 his
824 1253 1031 1321 muneribus
1046 1250 1173 1318 melius

185 1364 235 1419 est
257 1352 296 1419 in
318 1364 390 1420 tota
415 1374 531 1419 rerum
559 1365 704 1436 natura,
732 1375 805 1418 non
829 1376 931 1442 opes,
962 1377 1036 1420 nou
1057 1375 1174 1440 regna,

184 1475 259 1521 non
281 1453 487 1542 voluptates.

285 1568 466 1638 Postremo
501 1571 626 1653 etiam,
662 1585 702 1641 ut
737 1571 987 1661 gratitudinem
1015 1585 1172 1640 nostram

185 1671 414 1750 declaremus,
442 1684 473 1739 et
492 1668 649 1740 honestis
664 1675 822 1741 moribus
837 1668 921 1740 haec
937 1674 1052 1741 studia
1069 1697 1173 1741 orne-

184 1796 280 1855 mus,
306 1785 339 1841 et
352 1772 487 1862 aliquid
503 1797 627 1863 operae
643 1774 680 1840 in
698 1768 788 1841 hanc
802 1775 959 1862 linguam
976 1776 1018 1842 ad
1036 1776 1173 1842 animos

159 1850 322 1949 *rastros
336 1873 548 1941 erudiendos
569 1888 602 1942 et
620 1875 899 1959 confirmandos,
926 1888 959 1944 et
977 1877 1019 1942 ad
1047 1876 1170 1943 iuvan-

185 1976 264 2043 dam
285 1973 523 2064 posteritatem
539 1978 771 2044 eonferamus.
824 1974 919 2044 Dixi.

618 2180 791 2189 ----—-—-
796 2180 1155 2191 ---—----—-—-—-..-
1160 2181 1169 2188 -

183 2326 250 2399 No.
270 2329 353 2400 110.

191 2423 362 2452 w..
1002 2337 1170 2449 9139

320 2532 395 2616 Dc
429 2531 817 2643 appellationibus
849 2561 1038 2645 partam.

253 2707 283 2759 ln
302 2707 394 2762 select.
409 2710 559 2763 Declamat.
577 2708 611 2763 T.
625 2711 674 2763 lv,
692 2726 719 2779 p.
732 2709 782 2762 318
795 2729 869 2782 sqq„
894 2712 921 2765 iu
940 2710 1058 2767 Sera-est.
1078 2712 1111 2767 T.
1127 2666 1173 2769 lV.

285 2777 384 2842 p.290.
408 2788 434 2831 et
457 2777 526 2845 apud
551 2777 676 2830 llichard.
700 2780 733 2830 T.
753 2779 783 2831 ll.
803 2784 885 2846 p.s9.
931 2782 1005 2832 ldem
1025 2782 1053 2834 in
1078 2783 1112 2835 T.
1127 2781 1173 2835 ΙΙΙ.

285 2843 394 2902 Erford.
410 2847 449 2900 lit.
462 2845 479 2911 i,
492 2844 534 2903 3.,
558 2844 605 2896 ubi
617 2846 768 2912 adscriptus
783 2847 880 2915 legitur
895 2867 981 2901 annus
995 2851 1069 2904 15s9.

184 3008 311 3076 Oratio
340 3002 388 3071 de
412 2998 730 3091 appellationibus
752 3025 918 3092 parram,
952 3027 975 3074 a
1003 3009 1096 3076 Mel
1106 3006 1170 3080 cb.

291 3101 466 3172 Fendio
494 3104 544 3172 D.
571 3105 665 3172 artis
691 3102 860 3176 medicae
885 3110 1062 3179 recitata.

182 3240 328 3324 Multae
343 3264 426 3320 suut
442 3251 665 3340 gravissimae
682 3275 824 3338 causae,
845 3268 990 3346 propter
1006 3279 1092 3350 quas
1108 3259 1167 3326 de·

183 3369 236 3425 cet
248 3349 340 3422 hanc
355 3353 546 3423 testimonii
566 3353 869 3424 renunciationem
883 3380 957 3425 non
974 3361 1088 3427 solum
1104 3383 1170 3448 pu-

181 3456 292 3540 blice,
326 3454 514 3523 sedetiam
542 3453 579 3520 in
602 3477 727 3542 magna
750 3456 943 3528 iuventutis
973 3459 1169 3553 frequentia

180 3558 267 3640 ficri,
293 3568 331 3626 ut
350 3555 401 3625 ibi
417 3569 450 3624 et
466 3578 549 3623 voce
564 3557 764 3623 docentium
781 3572 815 3626 et
831 3559 906 3648 ipso
923 3560 994 3627 ritu
1010 3586 1169 3645 commo-

180 3657 329 3741 nefacti,
355 3657 511 3726 iuniores
531 3655 669 3724 discant
686 3657 853 3726 admirari
878 3672 912 3726 et
925 3682 1042 3728 amare
1063 3675 1169 3729 artes:

182 3776 215 3833 et
237 3757 315 3831 Deo
344 3782 409 3849 pro
440 3753 507 3825 hoc
538 3779 676 3824 summo
701 3757 869 3827 beneficio
899 3760 1026 3847 gratias
1054 3774 1170 3849 agant,

181 3864 275 3956 quod
291 3861 399 3930 vitam
417 3854 603 3947 hominum
619 3856 796 3939 instruxit,
823 3874 856 3930 et
872 3860 1013 3930 ornavit
1029 3862 1170 3951 sapien-

182 3965 229 4033 tia
251 3978 284 4033 ct
300 3961 454 4041 artibus,
485 3961 584 4028 etad
606 3971 782 4027 aeternam
806 3984 845 4029 ac
863 3962 1045 4030 coelestem
1060 3963 1168 4032 vitam

181 4077 376 4155 praeparat.
427 4058 589 4153 Denique
604 4073 642 4129 ut
664 4062 873 4131 accendatur
889 4063 1047 4131 discendi
1069 4064 1170 4154 cupi-

181 4165 291 4246 ditas,
317 4163 445 4232 artium
466 4161 637 4250 dignitate
660 4174 693 4230 et
719 4157 983 4253 pulchritudine
1007 4166 1169 4234 conside-

182 4277 267 4336 rata.
320 4261 376 4333 Sit
399 4263 506 4351 igitur
521 4278 555 4332 et
576 4263 614 4330 in
630 4257 696 4330 hoc
715 4277 835 4333 nostro
849 4288 1038 4354 congressu
1055 4266 1167 4356 prima

182 4363 268 4437 haec
289 4389 375 4449 vox,
407 4387 512 4455 quam
535 4388 670 4434 mecum
701 4364 768 4455 piis
792 4368 990 4455 pectoribus
1013 4367 1167 4440 recitate.

184 4467 271 4537 Tibi
285 4465 510 4556 omnipotens
526 4463 635 4550 Deus,
661 4479 801 4536 aeterne
824 4481 924 4558 pater
939 4468 1085 4539 Domini
1101 4495 1169 4539 no-

181 4568 245 4638 stri
263 4564 341 4636 lesu
356 4562 511 4647 Christi,
537 4566 700 4634 eonditor
721 4569 811 4638 coeli
838 4583 873 4640 et
889 4583 1021 4654 terrae,
1047 4583 1081 4639 et
1102 4566 1168 4639 ho-

179 4670 331 4749 minum,
357 4681 392 4738 et
406 4663 582 4736 Ecclesiae
598 4679 690 4748 tuae,
715 4692 785 4738 una
803 4695 883 4740 cum
901 4671 975 4740 lilio
991 4685 1052 4741 tuo
1068 4696 1168 4741 coae-

180 4784 282 4843 terno
315 4767 471 4840 Domino
504 4779 624 4835 nostro
662 4762 740 4835 lesu
771 4766 933 4856 Christo,
972 4786 1006 4843 et
1031 4772 1167 4863 Spiritu

182 4886 324 4955 sancto,
350 4871 508 4961 sapiens,
540 4869 652 4951 bone,
689 4867 795 4952 iuste,
820 4897 943 4954 verax,
969 4873 1168 4943 misericors

180 4975 304 5055 iudex,
333 4986 442 5055 caste,
464 4968 661 5051 liberrime,
687 4968 815 5057 gratias
836 4950 900 5061 ag'o
923 4999 986 5064 pro
1005 4976 1169 5044 omnibus

179 5075 369 5160 beneficiis,
394 5098 433 5144 ac
445 5070 655 5153 nominatim
669 5094 735 5161 pro
749 5070 827 5140 luce
843 5074 1036 5161 doctrinae,
1063 5090 1168 5170 teque

180 5203 262 5261 oro,
290 5201 335 5247 ne
351 5200 427 5246 eam
443 5172 599 5263 extingui
615 5170 720 5245 sinas.

640 267 800 343 DECb.
839 267 914 342 DE
941 265 1494 342 APPELLATIONlBUS
1527 267 1740 342 PANUM.

2136 271 2211 342 878
2279 324 2284 331 -

1224 464 1324 531 saepe
1347 436 1425 525 hic,
1452 440 1507 508 vel
1525 442 1568 508 de
1591 453 1666 510 toto
1682 436 1995 534 genere‘Physicae
2017 440 2212 526 doctrinae,

1224 544 1279 610 vel
1302 545 1345 610 de
1370 555 1466 632 parte
1490 542 1607 634 aliqua
1629 543 1761 612 dictum
1787 557 1848 615 est.
1908 542 2090 629 Quantum
2115 544 2211 610 enim

1223 666 1409 733 possumus
1423 643 1460 710 in
1479 644 1628 712 rudibus
1645 644 1846 733 pectoribus
1857 645 2022 711 adversus
2039 645 2210 713 immanes

1223 745 1304 812 illos
1319 744 1509 838 Cyclopes,
1535 746 1594 836 qui
1620 758 1652 814 et
1666 745 1792 828 Deum,
1819 760 1852 814 et
1869 740 1960 813 hanc
1979 746 2137 811 divinam
2155 745 2212 813 lu-

1223 870 1316 930 cem,
1343 869 1432 937 quae
1453 847 1490 912 in
1514 847 1648 915 artibus
1665 848 1842 936 proposita
1861 860 1928 928 est,
1953 848 2111 914 furenter
2126 869 2211 912 con·

1223 960 1405 1030 temnunt,
1442 947 1574 1015 iudicia
1600 950 1754 1016 formare
1783 947 1976 1017 conamur?
2026 943 2078 1014 Ac
2109 970 2212 1035 saepe

1223 1048 1293 1116 iam
1306 1049 1439 1118 dictum
1457 1061 1518 1132 est,
1543 1063 1639 1117 certo
1654 1049 1743 1116 velle
1759 1046 1874 1118 Deum
1891 1047 2000 1137 aspici
2015 1072 2131 1115 rerum
2147 1072 2211 1115 na·

1224 1165 1349 1230 turam,
1368 1164 1401 1218 et
1415 1144 1506 1217 hanc
1523 1151 1840 1219 considerationem
1856 1165 1890 1220 et
1904 1150 2112 1239 sapientiam
2130 1150 2212 1239 pul·

1223 1246 1435 1320 cherrimum
1461 1252 1566 1319 decus
1589 1275 1661 1319 esse
1690 1245 1894 1332 hominum,
1926 1265 1959 1320 ct
1984 1250 2210 1340 praecipuum

1223 1354 1314 1422 vitae
1329 1352 1554 1442 praesidium.

1322 1452 1410 1523 Cum
1432 1466 1547 1521 autem
1569 1454 1607 1520 in
1637 1466 1732 1522 tanta
1765 1477 1883 1521 rerum
1913 1453 2146 1543 amplitudine
2167 1454 2212 1521 dc

1223 1554 1343 1623 multis
1359 1567 1503 1623 naturae
1520 1556 1679 1642 partibus
1694 1554 1763 1622 dici
1783 1578 1854 1623 uon
1870 1555 1989 1644 possit,
2009 1579 2118 1644 pauca
2139 1553 2210 1619 iam

1224 1657 1266 1723 ele
1284 1656 1470 1744 generibus
1492 1656 1595 1745 panis
1610 1656 1768 1724 dicturus
1785 1678 1874 1723 sum.
1926 1651 1989 1723 Est
2011 1655 2105 1722 enim
2127 1677 2210 1744 pro-

1222 1757 1311 1824 fecto
1334 1755 1515 1843 diligentia
1543 1751 1688 1823 homine
1702 1757 1829 1844 digna,
1855 1756 1968 1826 victus
1989 1756 2063 1838 sui,
2089 1769 2124 1823 et
2143 1754 2210 1823 ali-

1224 1870 1423 1926 mentorum
1439 1857 1509 1923 rim
1532 1858 1773 1939 considerare,
1800 1871 1833 1925 et
1858 1871 1895 1926 ut
1911 1855 1986 1926 Deo
2009 1881 2073 1948 pro
2092 1855 2212 1955 quoti-

1223 1957 1338 2025 dianis
1359 1957 1566 2025 muneribus
1593 1958 1720 2047 gratias
1743 1971 1840 2046 agat,
1875 1971 1908 2025 et
1930 1970 1971 2027 ut
1991 1959 2029 2024 iu
2056 1959 2210 2025 fovendo

1223 2060 1376 2127 delectus
1398 2072 1430 2126 et
1447 2060 1572 2127 modus
1597 2054 1818 2131 adhibeatur.
1868 2055 1922 2127 Eo
1939 2059 2043 2127 etiam
2062 2060 2105 2125 de
2121 2081 2211 2147 pane

1222 2161 1425 2248 diligentius
1447 2161 1657 2248 cogitemus,
1689 2161 1771 2253 quia
1797 2161 1961 2229 omnibus
1993 2159 2211 2250 temporibus

1223 2262 1259 2328 in
1284 2261 1460 2329 sacrificiis
1477 2259 1552 2330 Deo
1575 2285 1683 2353 panes
1703 2263 1892 2332 consecrati
1916 2277 2019 2341 sunt,
2046 2284 2116 2353 quo
2140 2260 2212 2330 ritu

1223 2363 1339 2433 testari
1372 2363 1474 2431 nobis
1496 2360 1591 2432 Deus
1620 2363 1750 2445 voluit,
1781 2377 1815 2431 et
1844 2365 1950 2431 vitam
1979 2376 2012 2431 et
2044 2362 2211 2430 alimenta

1223 2464 1313 2533 vitae
1330 2464 1440 2554 ipsius
1455 2486 1543 2553 opus
1564 2478 1596 2534 et
1611 2465 1705 2531 dona
1729 2485 1811 2531 esse.
1865 2462 1988 2531 Voluit
2013 2462 2118 2530 etiarn
2134 2462 2209 2550 ipsa

1224 2567 1293 2634 liba
1309 2564 1479 2653 imagines
1494 2588 1566 2632 esse
1584 2564 1741 2633 coelestis
1756 2564 1898 2653 pabuli,
1924 2577 1964 2633 ut
1980 2576 2100 2653 postea
2115 2563 2210 2631 dice·

1223 2690 1309 2735 mus.
1363 2665 1437 2735 lmo
1464 2667 1554 2734 ritus
1575 2666 1648 2757 ipse
1673 2665 1910 2734 dulcissimam
1940 2663 2210 2755 promissionem

1223 2769 1389 2840 continet.
1428 2765 1517 2836 Cum
1531 2765 1627 2836 Deus
1643 2768 1781 2836 iusserit
1796 2767 1863 2836 sibi
1879 2766 2075 2835 consecrari
2090 2788 2211 2857 panes,

1222 2870 1328 2939 simul
1346 2869 1531 2958 pollicetur
1553 2893 1588 2937 se
1605 2871 1770 2938 daturum
1791 2883 1904 2937 terrae
1924 2866 2209 2952 foecunditatem,

1224 2986 1260 3040 ut
1276 2973 1451 3040 frumenta
1468 2971 1605 3058 gignat,
1632 2992 1704 3038 sese
1719 2970 1808 3038 velle
1824 2965 1915 3039 hanc
1939 2970 2082 3059 inopem
2103 2978 2224 3037 natu-'

1222 3097 1296 3140 ram
1312 3066 1497 3138 hominum
1524 3072 1617 3139 alere
1644 3086 1678 3140 et
1695 3071 1828 3141 fovere:
1860 3094 1932 3140 sese
1948 3070 2146 3161 postulare,
2170 3082 2211 3139 ut

1222 3186 1255 3240 et
1276 3184 1433 3263 petamus
1456 3167 1540 3240 haec
1563 3173 1730 3241 beneficia
1749 3175 1792 3241 ab
1809 3173 1906 3261 ipso,
1933 3186 1967 3240 et
1982 3193 2209 3260 agnoscamus

1222 3298 1260 3343 ac
1276 3273 1491 3342 celebremus
1506 3287 1676 3346 autorem.
1733 3269 1824 3341 Cum
1844 3273 1951 3361 igitur
1965 3272 2097 3342 multae
2113 3296 2210 3340 com-

1220 3374 1494 3442 monefactiones
1512 3376 1550 3441 iu
1569 3376 1639 3442 illis
1656 3373 1782 3443 ritibus
1799 3388 2066 3464 proponuntur,
2093 3374 2209 3441 liben-

1221 3476 1289 3546 tius
1312 3469 1404 3543 hanc
1426 3476 1800 3545 commonefactionem
1824 3476 1867 3542 de
1887 3474 2052 3542 varietate
2076 3496 2207 3563 panum

1221 3577 1372 3646 institui.

1324 3673 1432 3744 luitio
1449 3689 1564 3745 autem
1581 3675 1769 3745 dicendum
1786 3689 1878 3760 erat,
1905 3700 1968 3745 cur
1982 3698 2089 3764 panes
2107 3700 2208 3765 prae-

1220 3776 1339 3845 sertim
1355 3799 1397 3843 ex
1413 3776 1530 3844 tritico
1547 3776 1645 3860 facti,
1667 3777 1737 3845 sint
1761 3778 1987 3867 praecipuum
2010 3777 2209 3844 nutrimen-

1219 3890 1317 3960 tum,
1343 3890 1377 3945 et
1399 3889 1627 3966 perpetuum,
1662 3876 1763 3945 cuius
1778 3900 1862 3945 usus
1883 3877 2052 3947 adsiduus
2069 3872 2209 3946 homini

1220 4000 1293 4044 non
1319 3975 1586 4064 intemperanti,
1613 3992 1647 4046 et
1664 4002 1737 4045 non
1761 3973 1907 4049 habenti
1926 3980 2109 4062 morbum,
2134 4004 2209 4048 non

1220 4078 1333 4146 adfert
1347 4076 1547 4161 fastidium,
1579 4092 1619 4146 ut
1634 4102 1718 4147 usus
1735 4081 1925 4149 diuturnus
1941 4081 2102 4149 omnium
2120 4081 2208 4150 alio-

1219 4203 1297 4248 rum
1322 4178 1493 4252 ciborum.
1545 4177 1647 4266 Quae
1674 4176 1758 4249 haec
1783 4206 1863 4250 cum
1885 4177 2042 4250 humano
2062 4205 2210 4272 corpore

1219 4280 1382 4369 cognatio
1407 4295 1474 4365 est,
1502 4293 1539 4349 ut
1562 4276 1648 4350 haec
1668 4304 1774 4371 grana
1793 4307 1833 4351 ex
1855 4297 1947 4353 terra
1964 4297 2064 4367 nata,
2091 4283 2208 4352 statim

1220 4382 1257 4450 iu
1284 4404 1425 4451 succum
1452 4382 1659 4471 corporibus
1685 4384 1815 4454 nostris
1836 4386 2106 4453 convenientem
2129 4408 2209 4453 ver-

1219 4482 1364 4554 tantur?
1401 4481 1469 4553 Hic
1492 4485 1535 4553 ad
1555 4485 1813 4574 providentiam
1830 4488 2012 4556 referenda
2029 4509 2131 4555 causa
2148 4498 2209 4570 est,

1219 4599 1259 4656 ut
1272 4585 1496 4654 manifestum
1513 4608 1602 4675 opus
1618 4600 1667 4654 est
1683 4588 1925 4677 providentiae
1941 4588 2094 4670 divinae,
2111 4589 2206 4679 quod

1220 4688 1332 4756 foetus
1349 4686 1386 4753 in
1402 4699 1521 4768 utero,
1545 4698 1580 4754 et
1597 4700 1715 4775 postea
1731 4710 1851 4757 recens
1868 4688 1983 4756 editus
1999 4689 2106 4757 alitur
2121 4688 2209 4759 lacte

1218 4801 1315 4857 cocto
1338 4786 1376 4853 in
1400 4787 1569 4855 uberibus
1593 4788 1730 4858 matris:
1764 4789 1810 4857 ita
1837 4812 2066 4877 agnoscamus
2090 4791 2210 4859 Deum

1218 4900 1399 4957 curantem
1434 4910 1543 4976 genus
1568 4882 1781 4973 humanum,
1813 4885 1904 4959 hane
1935 4886 2209 4981 pulcherrimam

1218 4987 1343 5058 mundi
1361 5003 1521 5059 naturam
1540 4988 1587 5056 ita
1603 4991 1819 5074 condidisse,
1846 5005 1882 5060 ut
1900 4993 2065 5084 praebeat
2079 4997 2208 5078 sedem,

1218 5092 1354 5174 cibum,
1377 5104 1519 5183 potum,
1541 5092 1707 5175 remedia,
1732 5106 1949 5181 tegumenta,
1976 5119 2105 5184 organa
2121 5118 2206 5186 ope-

1217 5217 1355 5276 rarum,
1381 5206 1414 5262 et
1439 5193 1550 5262 multa
1571 5191 1639 5260 alia
1655 5193 1745 5265 vitae
1763 5197 1973 5280 necessaria,
2000 5196 2119 5286 generi
2139 5192 2206 5264 hu-

280 5295 420 5368 Deinde
443 5317 523 5363 cum
546 5293 589 5361 ad
615 5290 817 5362 invitandos
837 5305 898 5363 aut
913 5293 1089 5363 docendos
1112 5293 1168 5363 iu·
1216 5318 1335 5362 mano.
1387 5292 1444 5365 Sit
1461 5293 1569 5382 igitur
1584 5295 1825 5384 providentiae
1843 5298 2095 5379 testimonium,
2121 5290 2208 5366 haec

180 5398 301 5470 nara
316 5395 451 5495 acqua
472 5392 576 5464 araon
594 5395 639 5464 a
661 5393 747 5487 spos
763 5392 897 5466 ..ersus
911 5394 982 5465 aa
1002 5396 1089 5465 ursle
1111 5396 1167 5481 aa,
1188 5353 1193 5479 l

1217 5397 1466 5466 alimentorum
1486 5419 1564 5465 cum
1580 5398 1711 5467 nostris
1728 5399 1936 5491 corporibus
1951 5398 2208 5474 convenientia.
2284 5488 2287 5495 Ι
