4756 6022
160 262 285 384 as

166 476 354 578 Scythicus
370 477 487 569 legum
499 498 613 546 sermo
626 487 724 562 esset,
750 488 870 548 tamen
883 476 1050 568 pinguius
1060 477 1159 549 iudi-

169 599 268 671 cant,
292 585 420 652 docent
442 579 627 649 obscurius
644 592 679 647 et
693 579 975 671 imprudentius,
999 604 1160 674 quacun-

170 712 238 781 que
262 688 305 756 de
329 707 366 752 re
389 681 506 750 dicere
527 680 737 764 instituunt,
763 682 850 752 dant
873 681 949 749 sine
964 696 1081 753 mente
1098 707 1160 753 so-

168 812 268 871 num,
293 796 467 878 quotquot
480 783 623 852 dicendi
638 797 730 853 artes
745 806 818 852 non
833 783 989 873 attigere.
1028 782 1160 873 Magna

169 890 224 961 vis
253 901 306 957 est
329 885 370 954 in
390 880 642 956 humaniorum
665 885 849 955 literarum
873 886 1009 966 studio,
1053 910 1159 979 quam

170 990 291 1061 animo
312 987 441 1057 rectius
464 1010 623 1067 cernere,
657 1011 764 1080 quam
788 987 948 1057 oratione
972 987 1160 1077 depingere

170 1113 370 1185 possumus.
421 1083 467 1157 Et
487 1089 642 1179 exempla
658 1089 850 1179 superioris
867 1089 988 1159 aetatis
1004 1113 1161 1158 commo-

171 1207 275 1276 nent,
290 1190 387 1284 -quid
410 1190 567 1281 sapiant,
592 1204 736 1282 quotam
759 1187 890 1259 mentis
912 1191 1052 1260 unciam
1077 1191 1161 1259 reli-

171 1319 278 1388 quam
301 1288 474 1372 babeant,
499 1291 525 1359 ii
548 1291 610 1383 qui
634 1294 678 1360 ab
703 1291 778 1362 istis
792 1292 928 1362 artibus
944 1291 1052 1361 alieni
1069 1305 1162 1361 sunt.

169 1396 282 1467 ,Vides
300 1416 407 1487 quam
426 1394 545 1484 inepte
563 1393 774 1463 tradiderint
790 1416 871 1464 suas
887 1408 978 1463 artes
995 1390 1162 1464 Philoso-

174 1495 256 1589 phi,
296 1506 430 1588 quanto
460 1508 607 1579 conatu,
645 1509 793 1589 quantas
821 1518 932 1586 nugas
963 1497 1160 1566 docuerint.

172 1594 297 1670 Nihilo
320 1596 478 1665 saniores
494 1593 729 1666 lureconsulti
746 1599 842 1666 fuere
860 1598 922 1690 qui
938 1597 1164 1688 disputarunt

174 1703 218 1770 de
234 1699 385 1781 Lazaro,
407 1698 559 1767 valuerit
582 1721 626 1766 ne
644 1711 909 1784 testamentum,
935 1714 1162 1792 posteaquam

174 1803 206 1871 is
222 1793 367 1884 revixit,
393 1812 428 1868 et
445 1794 513 1868 hoc
529 1823 639 1888 genus
655 1801 854 1869 innumera.
907 1800 1051 1871 Solebat
1069 1803 1161 1892 apud

175 1926 242 1972 nos
264 1905 387 1971 doctus
410 1901 585 1993 quispiam
608 1896 734 1984 homo,
766 1903 914 1971 istorum
940 1902 1090 1991 ineptias
1112 1904 1163 1971 fe-

175 2006 267 2075 stivo
289 2016 489 2073 commento
514 2002 642 2075 ridere.
691 2000 773 2071 Non
791 2003 915 2092 procul
928 2005 1060 2095 oppido
1074 2029 1165 2096 quo-

176 2111 277 2191 dam,
309 2105 441 2188 aiebat,
474 2106 517 2174 ad
541 2105 672 2173 flumen
694 2105 904 2195 pistrinum,
931 2129 972 2174 ex
993 2131 1063 2198 quo
1085 2130 1164 2174 cum

175 2207 321 2277 nonita
346 2206 460 2276 multo
485 2219 567 2276 ante
587 2220 754 2298 aquatum
777 2207 897 2275 asinus
921 2207 1166 2290 descendisset,

176 2333 256 2379 cum
272 2308 311 2376 in
327 2320 479 2377 extrema
494 2308 569 2398 ripa
587 2331 649 2377 seu
663 2308 839 2378 lutulenta
849 2332 911 2378 seu
922 2309 1064 2378 tenuior
1074 2332 1164 2401 aqua

175 2411 319 2494 flueret,
345 2433 450 2501 quam
471 2421 565 2479 utos
580 2408 739 2477 imbuere
752 2423 889 2501 posset,
914 2411 952 2477 in
970 2412 1165 2499 proximam

176 2513 301 2606 cybam
322 2511 413 2579 forte
438 2511 569 2601 pergit,
604 2513 701 2580 unde
720 2511 922 2580 uberiorem
945 2511 1028 2580 iusti
1053 2512 1167 2581 amnis

176 2637 304 2706 aquam
328 2608 498 2685 hauriret.
550 2610 663 2681 Porro
680 2636 760 2681 cnm
778 2612 1006 2684 inscendisset
1022 2614 1167 2683 navicu-

177 2714 267 2794 lam,
293 2713 428 2804 impetu
451 2715 639 2805 detorquet
658 2737 678 2784 a
701 2712 778 2803 ripa
797 2714 835 2782 in
849 2715 1012 2789 medium.
1021 2716 1167 2800 flumen,

176 2840 351 2909 quocum
374 2828 462 2884 esset
485 2830 646 2906 excepta,
671 2818 835 2884 secundis
858 2817 972 2885 ventis
988 2819 1026 2884 in
1041 2841 1166 2908 scopu-

177 2918 251 2985 lum
275 2917 441 2987 defertur.
494 2913 563 2985 Hic
585 2928 772 3010 postquam
794 2917 959 3009 impegit,
980 2920 1090 2987 fracta
1105 2933 1167 2998 est,

176 3034 212 3088 et
235 3018 419 3107 imperitus
441 3017 502 3086 ille
518 3015 711 3087 Nauclerus
734 3019 772 3086 in
798 3019 903 3088 undis
923 3020 1040 3111 periit.
1092 3018 1167 3090 Do-

178 3118 248 3187 luit
268 3118 442 3202 molitori,
468 3119 529 3186 ubi
548 3143 622 3198 rem
639 3119 798 3204 rescivit,
825 3121 978 3201 iactura,
1003 3136 1037 3191 et
1053 3123 1167 3215 pisca-

179 3233 293 3289 torem
309 3219 346 3285 in
360 3218 415 3287 ius
431 3232 543 3300 vocat,
568 3221 738 3289 damnum
753 3223 889 3291 dedisse
900 3239 1048 3309 accusat,
1072 3225 1166 3317 qnod

180 3323 255 3389 eius
278 3319 419 3409 navigio
442 3318 640 3388 iumentum
662 3335 820 3390 avectum
843 3322 899 3396 sit.
951 3321 1085 3394 Contra
1108 3326 1168 3394 ille

178 3424 305 3493 factam
329 3423 374 3490 ab
397 3422 497 3489 asino
514 3421 737 3512 pauperiem,
763 3446 869 3516 seque
883 3427 1054 3495 damnum
1072 3450 1167 3494 acce-

179 3524 272 3616 pisse
298 3523 487 3605 exclamat,
512 3525 607 3614 quod
632 3525 813 3613 navigium
835 3525 1010 3611 amiserit,
1038 3527 1076 3594 in
1097 3528 1167 3597 flu-

180 3649 263 3693 men
292 3626 337 3692 ab
366 3625 464 3693 asino
493 3625 697 3713 impulsum.
756 3623 933 3720 Utrinque
959 3630 1168 3697 acerrimea

180 3726 408 3796 conductitiis
438 3727 573 3795 rabulis
603 3740 772 3797 certatum
802 3743 862 3801 est.
922 3728 1036 3799 ludici
1065 3754 1167 3801 causa

181 3830 254 3897 visa
278 3842 329 3898 est
350 3824 565 3914 intricatior,
589 3854 696 3922 qnam
711 3842 753 3899 ut
769 3830 909 3915 liceret,
935 3856 1008 3901 non
1026 3834 1167 3901 consul-

181 3931 226 3999 tis
256 3930 343 3998 inris
373 3931 647 4017 professoribus,
689 3932 936 4024 pronunciare.
995 3933 1169 4004 Deferunt

181 4034 226 4100 ad
253 4031 431 4119 leguleios.
481 4029 548 4098 His
576 4056 659 4101 vero
683 4035 864 4121 negotium
884 4037 1014 4106 mirum
1037 4039 1167 4107 factum

182 4145 252 4212 est,
286 4134 371 4198 dum
397 4153 462 4219 pro
485 4152 522 4198 se
545 4131 693 4224 quisque
718 4133 898 4203 vindicare
922 4139 1059 4229 asinum
1082 4164 1170 4210 con-

182 4232 314 4311 tendit,
348 4229 605 4320 disputationes
633 4233 748 4300 varias
775 4234 975 4321 instruunt,
1007 4238 1170 4308 rixantur

183 4335 227 4401 de
257 4332 355 4399 asino
384 4330 422 4397 in
451 4327 582 4399 scholis
612 4346 646 4401 et
674 4334 919 4405 conciliabulis
946 4339 1170 4430 pertinacius,

183 4434 329 4526 opinor,
365 4456 470 4524 quam
497 4430 654 4502 Graecus
683 4433 744 4502 ille
772 4436 816 4503 de
846 4438 938 4506 asini
959 4441 1104 4525 umbra,
1136 4456 1170 4512 et

184 4532 280 4605 haud
304 4535 394 4619 scio,
427 4558 473 4602 an
496 4536 657 4604 nondum
680 4536 785 4606 etiam
809 4540 854 4607 de
874 4563 1010 4610 summa
1033 4542 1085 4609 rei
1108 4544 1169 4612 de-

183 4637 368 4711 creverint.
421 4632 581 4707 Obsecro
603 4662 677 4708 non
701 4639 857 4710 insanire
882 4644 947 4713 tibi
972 4645 1170 4730 videantur,

184 4741 211 4808 si
229 4741 289 4832 qui
306 4763 341 4808 se
357 4738 394 4807 in
411 4732 481 4811 tam
499 4739 648 4809 ridicula
661 4766 762 4811 causa
777 4743 840 4812 diu
855 4746 1066 4838 torqueant?
1099 4744 1169 4814 Ve-

183 4866 285 4921 rum,
309 4837 535 4925 mihicrede,
560 4842 708 4913 istorum
725 4845 980 4935 disputationes
995 4848 1170 4919 [utiliores

183 4957 267 5012 sunt
296 4937 362 5010 hac
392 4943 566 5013 molitoris
596 4947 835 5016 contentione.
902 4947 1043 5036 Quotus
1073 4950 1168 5018 enim

888 300 1052 379 DECL.
1084 302 1160 378 DE
1193 301 1468 381 LEGIBUS.

2152 304 2208 383 84

1212 494 1247 552 et
1263 472 1460 572 puerilibus
1474 475 1609 561 erratis,
1632 475 1677 545 de
1691 473 1855 546 barbarie
1870 473 2045 547 sermonis
2059 497 2203 570 queror,

1212 606 1318 675 quam
1341 578 1616 674 praescriptione
1639 590 1803 664 tuentur,
1828 577 1953 648 iudicii
1967 577 2126 670 inopiam
2144 602 2205 649 ac-

1213 708 1314 769 cuso,
1338 706 1407 778 qna
1427 683 1484 767 lit,
1510 693 1552 751 ut
1567 703 1633 750 nec
1647 679 1704 751 ius
1720 703 1786 749 nec
1799 679 1853 748 fas
1867 679 1907 761 in
1922 680 2101 773 plerisque
2117 703 2205 750 cau-

1214 786 1260 856 sis
1280 798 1439 855 cernant.
1490 778 1672 853 Adversus
1694 805 1771 850 eam
1794 794 1948 874 pestem,
1975 780 2120 852 dicendi
2143 803 2203 851 ar·

1213 888 1302 958 tium
1324 888 1443 957 studio
1466 908 1564 953 mens
1586 882 1865 975 praemunienda
1885 898 1954 964 est,
1980 881 2129 976 perinde
2150 893 2207 952 at·

1214 1013 1282 1082 que
1302 991 1468 1058 adversus
1485 984 1603 1056 Circes
1619 1010 1773 1070 venena,
1799 982 1960 1079 Ulyssem
1979 985 2076 1080 moly
2094 977 2206 1053 herba

1213 1090 1416 1161 Mercurius
1436 1087 1663 1181 praemuniit.
1715 1087 1754 1158 Si
1779 1089 1866 1180 quid
1889 1087 1978 1157 iuris
1996 1086 2207 1177 interpretes

1214 1192 1354 1263 inscitia
1381 1192 1565 1262 literarum
1597 1202 1804 1281 peccarunt,
1846 1201 2002 1259 vestrum
2032 1201 2102 1273 est,
2143 1210 2206 1257 ve-

1214 1310 1346 1380 strum,
1382 1294 1528 1386 inquam
1536 1342 1549 1377 ,
1586 1286 1869 1362 honestissimam
1900 1289 2118 1383 provinciam
2148 1311 2207 1358 re·

1215 1419 1382 1487 purgare,
1409 1407 1445 1465 et
1467 1393 1618 1483 explosis
1639 1393 1794 1463 indoctis
1817 1391 2082 1462 commentariis
2095 1414 2119 1459 a
2134 1390 2206 1463 situ

1216 1512 1251 1569 et
1272 1498 1435 1590 squalore
1457 1496 1549 1583 leges
1572 1497 1751 1579 adserere,
1776 1508 1811 1564 et
1832 1517 1999 1584 germano
2022 1492 2133 1563 nitori
2148 1515 2208 1562 re-

1215 1601 1370 1669 stituere.
1423 1596 1461 1666 ld
1479 1593 1670 1667 humanius
1686 1609 1753 1680 est,
1777 1621 1883 1690 quam
1899 1597 1992 1686 leges
2007 1593 2100 1686 ipsas
2117 1616 2208 1665 neu·

1215 1704 1350 1796 tiquam
1368 1700 1459 1769 male·
1476 1699 1619 1769 meritas
1633 1701 1677 1767 de
1692 1698 1815 1783 nobis,
1841 1697 2043 1770 obliterare.

1320 1898 1391 1971 Sed
1403 1901 1511 1971 audio
1521 1899 1625 1970 etiam
1640 1901 1684 1969 de
1694 1899 1932 1992 professorum
1942 1897 2103 1968 moribus
2113 1921 2209 1969 non·

1217 2003 1335 2072 nidlos
1362 2003 1475 2094 queri.
1525 2000 1687 2072 Primum
1716 2001 1870 2092 optarim
1895 1996 1961 2070 bos
1983 2023 2146 2071 censores
2168 1999 2207 2070 in

1216 2104 1289 2173 suis
1307 2103 1403 2173 vitiis
1418 2104 1667 2187 emendandis,
1690 2104 1776 2173 nolo
1793 2103 1887 2171 enim
1901 2126 1997 2171 nunc
2012 2102 2208 2197 quidquam

1217 2206 1377 2274 acerbius
1397 2206 1532 2290 dicere,
1555 2217 1626 2274 tam
1646 2228 1719 2274 esse
1734 2227 1850 2289 acres,
1876 2227 1982 2297 quam
1997 2217 2080 2275 sunt
2095 2205 2133 2272 in
2149 2227 2209 2274 re·

1218 2303 1480 2399 prehendendis
1509 2306 1635 2377 alienis
1664 2307 1806 2378 oculati.
1865 2303 2004 2376 Deinde
2027 2331 2107 2375 cum
2135 2304 2209 2376 sint

1218 2409 1257 2477 in
1280 2405 1347 2480 hoc
1371 2409 1497 2479 ordine
1519 2408 1679 2502 plerique
1694 2408 1780 2476 boni
1796 2406 1885 2490 viri,
1908 2407 2071 2501 iniquum
2087 2420 2139 2478 est
2153 2407 2208 2476 le·

1218 2510 1321 2601 gibus
1340 2511 1532 2603 imputare,
1558 2509 1690 2603 siquid
1707 2510 1872 2578 adferunt
1886 2509 1964 2578 vitii
1980 2509 2208 2601 professores.

1222 2611 1295 2681 lam
1321 2636 1383 2702 ego
1408 2614 1456 2682 ob
1477 2608 1570 2681 hanc
1592 2634 1731 2682 causam
1756 2611 1977 2681 doctissimos
2001 2625 2035 2681 et
2055 2610 2209 2703 optimos

1219 2737 1377 2807 quosque
1400 2713 1506 2806 cupio
1528 2712 1663 2801 legibus
1685 2713 1861 2783 discendis
1878 2736 2020 2804 operam
2038 2715 2142 2792 dare,
2167 2724 2210 2783 ut

1219 2816 1368 2885 extrusis
1390 2815 1646 2886 veteratoribus
1663 2829 1696 2885 ct
1710 2809 1936 2908 sycophantis
1949 2815 2042 2898 illis,
2068 2813 2210 2898 iudicia,

1219 2919 1407 3010 forumque
1419 2918 1567 2987 redeant
1582 2916 1772 3010 aliqnando
1788 2916 2014 2986 inhonorum
2030 2940 2070 2984 ac
2085 2917 2210 2986 docto-

1219 3043 1299 3089 rum
1322 3020 1480 3088 virorum
1507 3031 1724 3109 potestatem.
1777 3017 1889 3087 Modo
1907 3041 1962 3088 res
1976 3017 2134 3088 iudicant
2150 3016 2210 3084 in-

1221 3122 1315 3191 docti
1336 3122 1428 3203 fere,
1462 3121 1523 3213 qui
1547 3143 1592 3188 ne
1614 3114 1707 3186 nihil
1728 3119 1885 3207 sapiant,
1916 3145 2029 3189 unum
2052 3118 2208 3211 aliquem

1221 3247 1261 3291 ex
1282 3223 1488 3312 vulgaribus
1511 3218 1733 3313 pragmaticis
1755 3219 1793 3285 in
1815 3220 2004 3288 consilium
2027 3214 2210 3304 adhibent,

1221 3324 1416 3416 inquibus
1446 3337 1485 3394 ut
1515 3321 1664 3416 quisque
1691 3332 1742 3388 est
1770 3318 2051 3404 indoctissimus,
2087 3321 2135 3391 ita
2159 3331 2212 3390 est

1221 3425 1473 3494 audacissimus
1493 3437 1528 3493 et
1548 3421 1794 3516 nequissimus.
1845 3417 1964 3490 Huius
1978 3419 2109 3492 fviuent
2125 3446 2213 3491 ocu-

1221 3527 1282 3606 lis,
1309 3521 1416 3596 huius
1443 3526 1595 3596 audiunt
1618 3523 1762 3604 auribus
1787 3522 1916 3615 reliqui
1937 3546 2076 3605 omnes,
2110 3523 2211 3614 quod

1222 3622 1279 3696 hic
1310 3628 1515 3708 somniarit,
1557 3625 1686 3719 reliqui
1716 3626 1926 3694 decernunt:
1967 3623 2049 3708 Ait,
2067 3657 2069 3662 η
2088 3623 2210 3695 aiunt:

1221 3727 1350 3819 Negat,
1372 3743 1513 3820 negant.
1562 3719 1690 3819 Capita
1709 3739 1792 3795 sunt
1808 3727 1883 3795 sine
1899 3725 2047 3815 linguis,
2069 3724 2125 3793 ius
2140 3723 2211 3816 ipsi
2246 3801 2249 3805 ,

1221 3851 1254 3900 et
1271 3831 1343 3899 vim
1362 3826 1547 3924 aequitatis
1562 3829 1737 3919 ignorant.
1782 3826 1970 3918 Leguleius
1984 3827 2045 3896 illa
2063 3827 2212 3896 naribus

1221 3956 1344 4002 omnes
1372 3928 1540 4026 tanquam
1571 3931 1726 4001 bubulos
1753 3924 1874 4002 trahit.
1927 3927 1969 3997 ln
1992 3943 2090 3998 tanto
2113 3927 2211 3996 iudi-

1221 4061 1302 4107 cum
1318 4049 1483 4119 veterno,
1510 4033 1672 4123 irrepunt
1688 4033 1725 4101 in
1743 4033 1859 4100 forum
1879 4043 1913 4099 et
1929 4030 2135 4098 vanissimae
2152 4052 2212 4098 ra-

1222 4139 1326 4207 bulae
1352 4161 1471 4208 causas
1494 4136 1627 4219 acturi,
1652 4135 1732 4227 qui,
1757 4134 1901 4225 quando
1923 4132 1952 4200 is
1977 4144 2142 4224 quaestus
2159 4143 2213 4202 est

1221 4239 1439 4321 uberrimus,
1464 4262 1503 4305 ex
1525 4236 1648 4305 litibus
1666 4235 1745 4306 lites
1761 4249 1900 4318 serunt,
1926 4234 2070 4303 clientes
2086 4231 2212 4321 deglu-

1223 4343 1332 4426 bnnt,
1361 4336 1520 4430 Respub.
1543 4339 1815 4429 depeculantur,
1849 4337 2032 4406 indoctum
2057 4335 2211 4405 iudicem

1222 4444 1325 4512 novis
1347 4442 1497 4512 subinde
1519 4434 1656 4508 technis
1679 4439 1915 4509 ludificantur.
1967 4435 2048 4507 Non
2066 4458 2212 4526 possum

1222 4544 1350 4614 adduci
1371 4557 1410 4613 ut
1431 4544 1589 4624 credam,
1611 4534 1765 4612 Athenis
1785 4563 1943 4630 unquam
1965 4532 2211 4632 sycophantas,

1222 4645 1284 4738 qui
1314 4645 1364 4713 sic
1392 4644 1623 4728 dicebantur,
1654 4643 1748 4712 ullos
1767 4639 1896 4710 nostris
1919 4640 2213 4732 impudentiores,

1222 4746 1454 4839 nequioresve
1477 4745 1594 4820 fuisse.
1646 4742 1772 4815 Ausim
1794 4755 1827 4811 et
1845 4734 1931 4810 haec
1948 4741 2032 4812 vitia
2049 4741 2213 4811 inscitiae

1223 4848 1436 4938 elegantium·
1458 4848 1641 4918 literarum
1664 4847 2029 4936 imputare,'quarum
2049 4844 2213 4937 quisunt

1222 4950 1394 5042 imperiti,
1419 4950 1536 5019 nescio
1554 4950 1683 5044 quibus
1699 4944 1834 5015 artibus
1850 4947 1895 5014 ad
1912 4940 2131 5015 honestatem
2144 4945 2213 5014 fle-

184 5044 334 5140 quisque
364 5045 408 5112 de
437 5048 685 5117 communibus
715 5049 822 5118 rebus
855 5050 1026 5137 civiliter,
1064 5064 1098 5122 et
1129 5076 1170 5120 ex
1221 5052 1268 5123 cti
1288 5053 1442 5143 possint,
1467 5055 1611 5146 quando
1634 5049 1706 5117 vim
1728 5047 1887 5133 virtutis,
1912 5047 2031 5115 nullae
2051 5047 2143 5116 aliae
2164 5046 2213 5115 li-

184 5144 366 5216 commnni
395 5168 499 5214 sensu
521 5147 676 5221 iudicati
729 5148 872 5239 Ingenia
897 5153 935 5220 in
957 5156 1073 5226 stultis
1095 5155 1170 5224 for-
1220 5167 1315 5225 terae
1337 5153 1486 5246 perinde
1510 5152 1622 5224 oculis
1639 5149 1770 5220 nostris
1786 5150 1984 5232 subiecere,
2009 5161 2114 5241 atque
2132 5143 2213 5227 hae,

182 5247 418 5318 mulariorum
435 5246 547 5317 literis
562 5250 839 5337 obbrutuemnt‚
863 5248 996 5347 hasque
1012 5257 1049 5323 in
1067 5249 1171 5325 scho—
1220 5281 1310 5348 quae
1325 5253 1555 5326 humaniores
1567 5252 1761 5323 rectissime
1775 5264 1958 5322 vocantur.
2010 5247 2154 5320 Etcum
2167 5273 2214 5319 ne

183 5352 229 5419 lis
250 5363 285 5419 et
308 5350 386 5419 foro
408 5373 482 5423 non
502 5337 605 5418 iliter
620 5365 724 5445 atque
742 5377 821 5424 suas
836 5358 965 5447 epodas
982 5357 1081 5446 Magi
1096 5380 1170 5425 non
1220 5357 1312 5447 leges
1335 5359 1478 5452 quidem
1503 5359 1596 5448 ipsas
1618 5357 1793 5445 attingant
1810 5353 1894 5437 isti,
1919 5366 2055 5423 tantum
2074 5376 2115 5422 ex
2132 5374 2214 5421 ver-

184 5451 379 5523 intellectas
399 5465 593 5525 recensent.
651 5447 754 5524 Nihil
773 5451 833 5526 hic
855 5459 899 5528 de
920 5454 1171 5530 Grammaticis
1220 5471 1382 5534 sutorum
1399 5460 1624 5554 quomndam
1643 5456 1808 5529 formulis
1823 5453 1977 5548 sapiant,
2001 5476 2047 5524 ne
2062 5452 2216 5546 possunt

328 5685 339 5725 Ι
