4732 6030
158 333 232 408 stc
612 324 771 404 nucu,
804 322 880 399 nu
912 320 1076 397 nono
1109 316 1724 397 rnrnnrnnrarroms.
2105 306 2180 401 ste

160 504 308 574 liorihus
328 523 364 569 se
380 498 595 586 temporibus
610 500 805 570 servabant.
857 493 989 566 Brutus
1004 496 1042 563 in
1060 495 1145 587 ipsis
1167 504 1172 565 l
1194 493 1348 563 stantino
1378 495 1420 561 ad
1452 490 1719 582 palaeologum,
1766 516 1878 564 annos
1908 495 2045 566 circiter
2077 495 2175 566 mille

159 606 281 676 castris
307 599 483 688 Pompeii,
510 599 612 667 etiam
635 594 824 689 Epitomen
847 593 1014 665 historiae
1036 595 1144 690 Poly·
1191 592 1313 665 fuisset
1329 590 1502 661 Ecclesiae
1517 592 1583 665 Dei
1605 589 1799 683 hospitium
1816 608 1849 663 et
1868 597 1966 664 sedes
1980 597 2174 682 doctrinae,

159 707 208 774 bii
231 701 438 790 composuit.
497 697 543 768 Et
564 712 681 788 postea
703 700 892 769 constituta
916 698 960 765 ab
982 693 1142 784 Augusto
1193 697 1287 764 unde
1317 694 1355 765 in
1378 692 1581 775 Graeciam,
1615 696 1652 761 in
1677 689 1797 762 Asiam
1826 707 1859 762 et
1884 693 2064 787 lllyricum
2093 699 2174 768 lite-

158 830 258 898 pace,
285 800 464 884 Trebatii,
490 799 630 868 Pisonis
645 814 678 871 et
693 797 875 891 Capitonis
891 797 1065 876 consiliis,
1093 799 1143 865 le·
1192 818 1250 863 rae
1273 809 1479 884 propagatae
1502 810 1602 879 sunt,
1627 809 1711 864 tunc
1727 818 1746 865 a
1763 792 1890 864 Turris
1907 817 2087 884 oppressa,
2111 822 2174 867 ve-

158 928 234 995 ges,
269 902 476 993 disciplina,
510 899 724 969 iudiciorum
752 901 919 971 autoritas
950 901 1142 966 instaurata
1192 909 1247 965 tus
1269 895 1358 963 illud
1380 917 1419 962 ac
1442 918 1563 964 verum
1589 896 1694 965 decus
1715 895 1841 968 amisit.
1892 891 1940 965 Et
1956 918 2035 963 cum
2051 895 2172 966 fuisset

160 1020 219 1076 est.
279 1004 375 1072 Idem
398 1004 558 1071 futurum
580 1014 651 1081 est,
677 998 753 1069 Deo
774 1003 899 1081 dante,
925 999 1030 1088 paulo
1054 1010 1143 1088 post,
1191 1019 1250 1063 arx
1274 995 1432 1085 imperii,
1459 996 1584 1065 amissa
1609 1019 1687 1066 arce
1711 996 1824 1064 victor
1848 995 1966 1065 statim
1990 996 2174 1085 occupavit

159 1131 238 1174 eum
260 1104 367 1172 armis
388 1102 575 1190 depositis,
601 1102 644 1168 de
669 1124 770 1191 pace,
797 1101 953 1178 iusticia,
979 1099 1142 1167 debonis
1192 1096 1343 1164 vicinam
1372 1119 1469 1164 oram
1500 1109 1651 1165 veterem
1682 1093 1868 1188 Mysorum
1899 1097 2037 1178 sedem,
2070 1095 2174 1165 Pelo-

159 1205 334 1281 moribus,
367 1204 410 1270 de
431 1199 608 1269 Ecclesiae
637 1202 893 1293 tranquillitate
915 1199 1141 1267 deliberatio·
1192 1219 1409 1285 ponnesum,
1434 1192 1667 1282 Corinthum,
1693 1195 1922 1290 Mitylenem,
1948 1211 1981 1266 et
1997 1198 2173 1286 ingressus

159 1328 221 1376 nes
243 1316 364 1371 emant:
392 1300 603 1392 Respublica
625 1301 807 1371 doctorum
831 1303 1006 1383 virorum,
1032 1299 1141 1368 Iuris-
1191 1296 1369 1364 Barbarus
1391 1297 1429 1363 in
1449 1292 1591 1383 Asiam,
1616 1297 1758 1387 imperii
1780 1320 1894 1366 arcem
1919 1298 2064 1365 alteram
2081 1295 2174 1368 Tra-

96 1392 101 1398 ’
159 1405 399 1474 consultorum
432 1425 552 1470 vocem
583 1414 615 1470 et
644 1402 853 1471 sententiam
877 1401 1011 1471 audiet:
1052 1423 1141 1492 quae
1191 1410 1373 1488 peruntem
1392 1398 1494 1486 cepit.
2006 1420 2008 1425 ·

158 1521 244 1575 tunc
259 1504 399 1596 quidem
415 1503 541 1571 llorere
565 1524 687 1570 rursus
708 1503 871 1594 incipiet,
896 1502 926 1569 si
947 1500 1141 1578 veritatem,
1291 1497 1549 1569 Lamentantur
1571 1494 1770 1589 Prophetae
1798 1498 1937 1568 avulsas
1960 1520 1979 1566 a
2004 1494 2109 1582 luda,
2140 1512 2175 1568 et

159 1608 295 1676 exclusa
310 1596 528 1693 sophistica,
553 1625 669 1672 amare
689 1603 853 1694 eoeperit.
896 1601 1020 1670 Talem
1043 1616 1141 1671 tran·
1191 1598 1374 1688 dissipatas
1387 1601 1506 1667 decem
1522 1599 1647 1683 tribus,
1674 1600 1712 1668 in
1727 1598 1856 1691 quibus
1871 1600 2063 1669 floruerant
2077 1620 2175 1667 sum-

160 1706 369 1799 quillitatem
397 1715 437 1772 ut
459 1701 555 1773 Deus
576 1703 737 1776 restituat
760 1701 989 1786 Germaniae,
1020 1723 1141 1771 omnes
1191 1700 1243 1767 mi
1263 1696 1459 1789 Prophetae
1480 1695 1578 1769 Elias
1601 1715 1635 1770 et
1652 1697 1808 1781 Eliseus‚
1834 1712 1868 1769 et
1890 1723 2012 1768 eorum
2033 1698 2175 1768 audito-

160 1806 335 1875 exanimo
351 1818 522 1895 optemus.
571 1801 665 1876 Dixi.
1190 1821 1257 1868 res.
1310 1796 1500 1868 Doleamus
1521 1813 1557 1871 et
1576 1823 1659 1885 noa,
1685 1797 1838 1870 Graecas
1861 1812 1895 1869 et
1915 1795 2083 1868 Asiaticas
2104 1794 2176 1868 Ec-

1192 1897 1314 1966 clesias
1338 1909 1390 1967 tot
1408 1901 1540 1969 deletas
1562 1922 1655 1989 esse,
1681 1915 1715 1971 et
1735 1890 1774 1968 irl
1797 1923 1837 1968 ea
1860 1901 2005 1969 natione
2023 1899 2174 1969 extincta

894 2022 1142 2037 ·····-····
1192 1997 1325 2082 studia,
1350 2023 1439 2091 quae
1460 2000 1684 2089 ingeniorum
1705 2000 1887 2090 sagacitate
1901 1999 2044 2069 caeteris
2059 1998 2175 2087 genti-

207 2175 219 2199 γ
784 2100 787 2105 ⁴
1192 2101 1259 2168 bus
1282 2100 1449 2169 omnibus
1472 2101 1694 2185 antecelluit,
1724 2114 1816 2173 artes
1837 2102 1975 2188 genuit,
2007 2113 2068 2168 aut
2090 2099 2175 2169 illu·

169 2170 339 2296 Μ
967 2176 1136 2295 Q
1193 2199 1335 2278 stravit,
1369 2213 1401 2269 et
1430 2201 1469 2267 in
1494 2201 1713 2290 possessione
1735 2200 1916 2271 doctrinae
1936 2201 2004 2270 fuit
2022 2200 2174 2290 amplius

1193 2301 1334 2369 duobus
1344 2300 1504 2370 millibus
1519 2324 1706 2375 annorum.
1746 2299 1843 2370 llaec
1857 2314 1953 2372 tanta
1969 2312 2176 2371 ornamenta

319 2385 395 2467 De
425 2384 544 2469 dono
573 2385 978 2495 interpretationis.
1193 2401 1329 2489 generis
1350 2394 1497 2468 humani
1520 2401 1613 2471 intra
1634 2403 1753 2470 decern
1769 2424 1944 2471 annorum
1959 2400 2184 2470 curriculum·

231 2544 261 2594 ln
289 2541 438 2596 Declamat.
461 2542 496 2597 Τ.
509 2542 557 2597 lll.
581 2562 608 2613 p.
619 2541 671 2596 468
682 2560 758 2613 sqq.,
790 2541 906 2598 Servest.
923 2543 956 2597 T.
971 2544 1019 2600 lll.
1053 2546 1143 2608 Alo„
1194 2513 1273 2593 imst
1296 2513 1431 2589 captam
1446 2498 1794 2618 (Jonstaonl'lmpdim
1815 2502 1940 2569 obruta
1959 2514 2052 2572 ⁸⁰⁰¹·
2102 2498 2177 2616 Nfc

260 2612 323 2663 item
343 2612 369 2662 in
388 2609 476 2662 Tamo
488 2611 534 2667 lll.
551 2609 717 2663 Erlordisno
735 2611 774 2665 lit.
786 2610 827 2681 K,
846 2613 871 2666 ⁵.
889 2622 914 2664 et
932 2613 1003 2681 apud
1017 2613 1144 2668 Rsclssrd.
1194 2624 1277 2669 vero
1299 2612 1434 2669 lanium
1456 2600 1732 2671 rmhecrllstatem
1750 2622 1867 2668 rerum
1886 2595 2119 2668 humanarum
2136 2622 2176 2667 tn

263 2678 297 2732 T.
312 2678 361 2797 ¹¹2·-
375 2697 400 2747 Ρ·
413 2678 525 2800 3⁷⁵pb‘·
539 2765 547 2780 ,
560 2678 647 2800 Eam
664 2679 761 2798 23⁰⁶ss
778 2679 865 2761 P'l’i!
884 2681 1039 2801 ¹2⁰¹g¹⁵¹⁸Pl
1057 2684 1144 2736 “⁸¹³⁰
1195 2698 1260 2771 hac
1284 2701 1494 2790 cogitatione
1517 2702 1756 2793 deploremus,
1789 2701 1847 2769 sed
1873 2701 1976 2769 etiam
2000 2720 2119 2768 causas
2142 2712 2177 2769 et

262 2763 400 2869 lllielei:
410 2764 582 2886 lirilnlh'rc.
600 2759 1144 2885 ,ffllll’quillitlplleitivilli'dyiiio
1193 2802 1466 2891 significationes
1478 2801 1702 2893 aspiciamus:
1727 2814 1762 2872 et
1775 2814 1947 2893 quantum
1960 2800 2036 2869 fieri
2050 2812 2177 2889 potest,

263 2882 396 2940 ΨΜ·
505 2955 509 2962 -
833 2924 837 2931 ·
1195 2926 1396 2987 caveamus,
1434 2928 1479 2974 ne
1506 2902 1682 2972 similibus
1712 2901 1967 2970 calamitatibus
1996 2899 2178 2991 opprima·

162 3043 330 3111 Omma
355 3037 480 3124 om·
507 3036 752 3128 &womero
778 3040 962 3127 recitata,
989 3039 1145 3115 depono
1194 3029 1287 3073 mur.
1343 3003 1436 3073 Sunt
1458 3004 1554 3121 enirn
1577 2996 1814 3071 humanorum
1840 3002 2178 3119 scelerumpoenae,

359 3138 688 3225 interpretationis
709 3140 750 3207 ,επ
771 3139 949 3213 Ecclesia·
1195 3128 1280 3194 quas
1294 3101 1580 3221 DfusoEcclesrae
1597 3127 1712 3173 mores
1728 3125 1810 3173 suos
1824 3104 2045 3220 emendantr,
2071 3114 2104 3170 et
2120 3124 2178 3168 rn-

1195 3217 1335 3272 vocann
1351 3205 1463 3272 lilrum
1476 3202 1723 3288 Medratorem,
1748 3228 1788 3274 ac
1801 3215 1968 3273 retinent:
1982 3204 2096 3271 lucem
2113 3202 2179 3271 do·

161 3288 274 3369 Initio
301 3296 427 3384 gratias
453 3318 596 3383 agamus
618 3296 696 3365 Deo
717 3312 859 3369 aeterno
879 3296 978 3370 Patri
999 3302 1145 3373 Domini
1195 3304 1328 3373 ctrinae
1342 3318 1418 3373 tum
1433 3305 1601 3386 remittit,
1627 3318 1701 3375 tum
1717 3305 1863 3393 mitigat.

163 3398 276 3468 nostri
299 3395 377 3465 lesu
392 3392 544 3480 Christi,
569 3397 663 3489 quod
679 3393 872 3469 Ecclesiam
896 3423 1012 3484 suam,
1037 3404 1146 3472 mini·
1293 3400 1389 3493 Ergo
1405 3419 1438 3475 et
1453 3405 1539 3472 illae·
1551 3404 1675 3472 ruinae
1691 3402 1877 3487 Graeciae,
1902 3417 1938 3474 et
1950 3428 2045 3474 nunc
2060 3424 2179 3472 recens

162 3499 308 3570 sterium
330 3492 531 3583 Evangelii,
565 3510 599 3565 et
629 3491 712 3567 haec
734 3501 851 3569 studia
873 3503 1072 3589 doctrinae,
1105 3506 1144 3572 in
1195 3503 1399 3573 incendium
1418 3502 1640 3582 Pannoniae,
1667 3528 1731 3572 nos
1747 3507 1790 3572 de
1806 3506 1857 3572 ira
1873 3501 1941 3571 Dei
1956 3507 2181 3587 admoneant,

163 3601 270 3670 tantis
299 3596 413 3665 ruinis
441 3595 688 3686 imperiorum,
728 3611 763 3667 et
789 3600 930 3668 diaboli·
954 3604 1146 3688 furoribus,
1195 3616 1230 3671 et
1251 3604 1295 3670 ad
1311 3624 1451 3671 morum
1466 3604 1742 3672 moderationem
1758 3598 1956 3684 retrahant,
1982 3618 2016 3673 et
2032 3603 2181 3674 incitent
2299 3626 2303 3635 ·

163 3724 238 3770 non
260 3698 344 3768 sinit
364 3696 496 3787 ubique
516 3695 643 3764 deleri:
669 3697 728 3768 sed
754 3699 925 3767 mirandis
945 3702 1060 3769 modis
1072 3727 1148 3772 ser·
1195 3702 1240 3770 ad
1262 3702 1471 3791 placandum
1488 3702 1612 3772 Deum.
1665 3700 1746 3772 Uno
1769 3715 1926 3793 pectore,
1952 3729 2025 3773 arno
2047 3704 2182 3793 gemitu
2299 3692 2306 3703 ⁵

165 3815 239 3884 vat,
261 3811 295 3868 et
316 3797 466 3867 subinde
485 3796 675 3879 instaurat,
699 3810 733 3867 et
748 3797 863 3867 lucem
873 3794 1062 3891 Evangelii
1077 3804 1145 3873 late
1196 3815 1229 3870 et
1256 3824 1329 3870 una
1354 3814 1446 3869 'voce
1474 3802 1685 3872 clamemus:
1720 3798 1958 3891 Omnipotens
1986 3817 2020 3871 et
2043 3815 2182 3870 aeterne

164 3901 310 3992 spargit:
343 3922 383 3966 ac
408 3896 614 3965 ardentibus
641 3895 839 3966 animorum
862 3900 953 3969 votis
977 3916 1147 3992 petamus,
1196 3898 1311 3977 Deus,
1343 3913 1482 3969 aeterne
1501 3897 1609 3968 Pater
1629 3898 1776 3968 Domini
1800 3902 1912 3970 nostri
1938 3899 2016 3970 lesu
2037 3897 2183 3987 Christi,

164 4016 205 4069 ut
228 4001 360 4070 diutius
381 3997 488 4066 etiam
508 3997 577 4065 sibi
592 3992 783 4065 Ecclesiam
800 3999 959 4087 colligat,
984 4014 1018 4071 et
1031 4003 1146 4071 studia
1198 3999 1361 4069 conditor
1390 3997 1550 4064 omniurn
1580 4023 1719 4079 rerum,
1760 4013 1792 4069 et
1817 4015 2059 4081 conservator,
2100 4026 2181 4071 cum

167 4095 370 4186 Evangelii,
394 4111 431 4168 et
443 4098 602 4166 omnium
617 4096 761 4182 artium,
784 4095 1062 4190 quaeEcclesiae
1076 4103 1147 4171 uti·
1196 4097 1290 4169 Filio
1311 4109 1371 4165 tuo
1393 4109 1576 4167 coaeterno
1597 4096 1753 4169 Domino
1782 4114 1903 4171 nostro
1925 4104 2006 4172 Iesu
2027 4097 2185 4186 Christo,

168 4202 219 4267 les
239 4213 340 4278 sunt,
366 4200 532 4268 defendat
552 4209 586 4267 et
603 4197 764 4283 adiuvet,
785 4211 826 4268 ut
842 4213 933 4268 recte
950 4200 1148 4287 invocetur,
1197 4211 1366 4287 regnante
1381 4211 1514 4282 tecum,
1540 4212 1574 4267 et
1589 4201 1758 4288 patefacto
1773 4201 1811 4268 in
1825 4200 2032 4286 ierusalem,
2055 4217 2088 4272 et
2100 4201 2183 4294 Spi-

169 4323 209 4368 ac
233 4298 323 4366 veris
349 4299 512 4368 laudibus
532 4299 741 4380 celebretur,
770 4313 804 4369 et
825 4300 941 4395 aliqua
967 4302 1061 4372 inter
1081 4299 1148 4372 ho-
1197 4302 1275 4370 ritu
1294 4312 1414 4368 sancto
1436 4311 1517 4381 tuo,
1543 4301 1707 4370 miserere
1729 4296 1835 4371 huius
1850 4316 1988 4373 nostrae
2005 4301 2183 4374 Ecclesiae

169 4399 283 4469 mines
297 4398 466 4485 virtutum
483 4400 644 4468 exercitia
659 4413 693 4469 et
707 4400 892 4468 seminaria
908 4418 1083 4476 maneant.
1199 4414 1233 4469 et
1268 4395 1641 4485 coetus-scholastici,
1685 4415 1829 4492 propter
1857 4400 1973 4473 lesum
2001 4398 2183 4474 Christum

271 4497 366 4568 Haec
380 4512 416 4568 et
428 4499 585 4590 quotidie
600 4501 749 4590 petenda
763 4512 856 4581 sunt,
882 4515 916 4570 et
931 4517 971 4572 ut
985 4503 1148 4574 iuventus
1199 4501 1311 4570 filium
1333 4514 1454 4584 tuum,
1479 4525 1583 4592 quem
1605 4501 1747 4571 voluisti
1770 4526 1835 4593 pro
1858 4504 1962 4573 nobis
1986 4504 2183 4574 esse-victi-

170 4600 350 4670 admnnita
374 4593 503 4667 horum
524 4610 702 4669 tantorum
724 4600 898 4670 bonorum
912 4624 995 4671 cura
1011 4604 1150 4672 adlicia-
1200 4625 1313 4684 mam,
1337 4596 1400 4670 καὶ
1422 4596 1580 4692 μεσίτην
1599 4597 1662 4670 καὶ
1684 4597 1826 4693 ἱκέτην,
1853 4617 1886 4673 et
1903 4603 2039 4693 Spiritu
2061 4618 2181 4674 sancto

170 4716 249 4787 tur,
275 4695 316 4769 hi
338 4718 541 4787 congressus
563 4696 714 4768 instituti
736 4714 833 4771 sunt:
860 4701 898 4769 in
921 4702 1050 4794 quibus
1069 4705 1149 4775 ideo
1199 4716 1263 4772 tuo
1284 4722 1363 4787 rege
1387 4722 1501 4767 mores
1523 4712 1681 4785 nostros,
1706 4715 1739 4769 et
1762 4702 1843 4770 iuva
1861 4704 1976 4772 studia
1992 4706 2184 4790 doctrinae,

172 4805 216 4873 de
240 4799 422 4870 doctrinae
445 4811 479 4867 et
498 4799 542 4866 de
562 4796 702 4867 virtutis
718 4802 843 4869 studiis
859 4802 1026 4883 dicimus,
1049 4820 1089 4875 ut
1106 4808 1151 4874 ad
1200 4813 1345 4893 propter
1378 4811 1474 4868 tuam
1508 4798 1668 4868 laudem:
1706 4823 1771 4868 nec
1800 4812 1859 4869 aut
1888 4801 2184 4885 Turcicosurore,

172 4902 433 4973 invocationem
453 4898 525 4967 Dei
556 4911 592 4967 et
620 4898 664 4966 ad
694 4913 825 4970 caetera
856 4897 1004 4976 honesta
1039 4907 1151 4975 officia
1202 4914 1264 4972 aut
1290 4900 1371 4968 aliis
1401 4898 1657 4969 calamitatibus
1677 4895 1864 4989 Evangelii
1890 4902 2003 4973 lucem
2027 4904 2185 4994 extingui

173 5004 312 5096 aliquos
334 5001 574 5071 accendamus.
623 4994 779 5069 Maxime
800 5024 884 5071 vero
907 4999 966 5073 hic
990 5005 1063 5074 dies
1087 4994 1153 5076 nos
1203 5003 1307 5072 sinas.
1357 4998 1545 5070 Servahas
1560 4999 1721 5091 politias,
1746 5016 1931 5092 quaesunt
1947 4999 2185 5096 hospitiaEc-

173 5100 336 5175 hortetur
351 5104 396 5172 ad
415 5100 669 5192 precationem,
694 5099 755 5192 qui
772 5100 876 5170 nobis
892 5102 932 5172 in
948 5108 1152 5177 memoriam
1204 5101 1328 5172 clasiae
1357 5114 1436 5169 tuae
1462 5113 1497 5169 et
1518 5100 1658 5192 piorum
1683 5100 1891 5174 studiorum.
1953 5100 2185 5194 Agnoscimus

173 5205 305 5295 redigit
326 5202 482 5290 ingentes
505 5198 681 5271 Ecclesiae
702 5199 828 5270 clades.
893 5200 962 5273 Hie
986 5219 1037 5276 est
1059 5208 1153 5276 enim
1205 5216 1239 5273 te
1266 5202 1356 5271 iuste
1380 5200 1483 5270 irasci
1507 5202 1628 5285 nobis,
1660 5215 1803 5293 propter
1823 5204 1934 5273 multa
1956 5207 2041 5276 vitia
2063 5218 2185 5275 nostra
2298 5262 2302 5269 .

175 5308 251 5376 dies
271 5318 391 5395 captae
404 5300 746 5392 Constantinopolis,
767 5312 850 5371 ante
869 5325 980 5374 annos
995 5330 1107 5377 unum
1122 5322 1156 5377 et
1206 5317 1240 5372 et
1256 5300 1410 5392 ingentia
1427 5301 1569 5372 delicta:
1594 5301 1656 5371 sed
1669 5326 1749 5371 cum
1762 5302 1836 5393 ipse
1850 5327 1989 5374 revoces
2003 5327 2067 5371 nos
2082 5305 2125 5371 ad
2142 5317 2187 5388 te,

176 5407 386 5495 nonaginta:
422 5426 511 5496 quae
537 5426 616 5471 cum
645 5402 729 5471 iude
749 5425 861 5495 usque
882 5428 902 5474 a
921 5405 1037 5495 primo
1060 5407 1158 5479 Con·
1207 5418 1241 5474 et
1260 5426 1387 5474 arcano
1409 5427 1449 5473 ac
1468 5400 1699 5475 inenarrabili
1713 5404 1861 5476 consilio
1875 5403 2096 5473 constitueris
2110 5404 2188 5496 pla·
2309 5496 2313 5503 Ι

229 5506 413 5575 Mraanrrr.
441 5509 544 5581 Orrn.
569 5506 653 5573 Vos.
679 5506 741 5571 xl.
1600 5499 1650 5575 41
