4732 6030
116 270 191 344 art
519 318 527 323 -
686 264 846 345 DECL.
896 266 971 344 DE
1003 258 1286 343 ENCOMIO
1319 258 1589 337 stlattas
1707 289 1711 296 ·
2085 270 2163 349 878

119 443 209 515 lueis
227 440 338 532 magis
356 440 625 529 inclaruerunt,
658 455 693 514 et
713 467 806 514 nova
830 443 942 533 gloria
966 441 1118 516 suevieu
1166 426 1263 521 ririt,
1292 434 1492 526 intelligitis
1516 459 1624 532 quam
1648 437 1846 528 optandum
1868 437 1915 511 sit
1939 435 2164 517 Fridericum

122 544 261 618 numiui
287 545 440 618 secessit,
497 543 590 616 Narn
615 569 661 615 ne
686 546 807 616 amnia
833 570 1118 632 commemorem,
1167 539 1325 632 aliquem
1338 539 1487 624 exoriri,
1513 540 1614 612 cuius
1629 563 1760 611 nomen
1776 536 1938 613 hostibus
1960 546 2090 616 terrori
2105 548 2164 635 sit,

41 700 45 706 .
121 672 209 719 neve
235 643 422 717 historiam
453 647 573 739 potius
601 662 713 741 qtram'
740 650 942 719 encomium
973 673 1118 742 compo.
1166 641 1300 735 quique
1322 666 1502 733 opponere
1525 643 1801 713 immanissimae
1822 644 1921 735 genti
1945 649 2163 738 praesidium

122 751 230 821 suisse
263 749 407 831 videar,
443 763 584 821 tantum
615 750 769 841 insignia
803 754 976 845 quaedam
1009 776 1117 823 orna·
1166 744 1268 818 ausit.
1319 743 1578 816 SiFridcricus
1599 745 1661 814 ille
1677 747 1879 832 reviviscat,
1905 749 2164 823 nondeHun·

119 864 237 922 menta
266 852 448 942 attingam.
500 851 600 942 Quid
625 855 742 945 potuit
764 855 970 945 contingere
990 853 1117 925 Suevis
1166 845 1262 935 garis
1285 849 1477 934 vastanda,
1516 871 1592 918 non
1615 850 1660 919 de
1687 851 1845 919 vexanda
1869 847 2065 923 Germania
2088 854 2161 924 iam

119 954 315 1039 illustrius,
353 978 460 1048 quam
492 953 650 1027 Romani
677 956 820 1048 imperii
851 958 1000 1028 titulus?
1041 981 1116 1027 nou
1165 945 1316 1019 Barbari
1337 951 1509 1041 cogitent,
1537 952 1662 1021 sedda
1685 951 1873 1023 retinenda
1895 948 2070 1040 Thracia,
2096 957 2163 1027 de-

120 1056 181 1127 ille
199 1057 344 1151 quidem
360 1056 490 1126 scelere
508 1070 647 1150 raptus,
673 1058 764 1130 sicut
779 1072 881 1130 antea
907 1084 1008 1152 saepe
1024 1061 1117 1130 acci·
1166 1075 1234 1145 que
1251 1052 1340 1121 fotis
1355 1076 1395 1122 ac
1417 1053 1553 1125 laribus
1576 1054 1649 1125 suit
1666 1054 1950 1147 propugnandis:
1983 1056 2161 1151 siquidem

119 1161 237 1244 derat,
262 1161 324 1228 sed
346 1160 484 1230 delatus
500 1157 715 1232 Germaniae
730 1175 835 1256 atque
855 1161 978 1234 ltaliae
999 1187 1116 1256 pupu-
1166 1152 1390 1224 Germanicis
1406 1155 1517 1247 copiis
1529 1157 1618 1243 iam,
1641 1172 1680 1229 nt
1695 1158 1764 1229 fuit
1779 1157 1879 1227 illius
1897 1171 1935 1235 ct
1946 1158 2111 1230 'celeritas
2127 1175 2163 1234 et

118 1263 238 1332 lorum
278 1284 464 1331 consensu.
524 1260 622 1351 Quid
665 1265 782 1356 potuit
823 1261 1115 1337 honorificentius
1164 1255 1368 1347 diligentia,
1392 1257 1613 1328 circumsessi
1638 1280 1775 1329 summa
1799 1261 1836 1328 vi
1858 1277 2162 1353 oppugnarentur.

118 1363 295 1448 accidere,
320 1387 428 1457 quam
450 1359 517 1434 hoc
544 1378 597 1436 tot
618 1367 778 1457 gentium
803 1368 998 1453 iudicium,
1024 1391 1115 1462 quae
1163 1356 1247 1429 Non
1270 1373 1371 1430 vacat
1393 1353 1501 1430 huius
1528 1359 1707 1452 Principis
1732 1361 1870 1453 egregia
1891 1365 1982 1435 facta
2006 1390 2163 1436 comme-

119 1480 254 1538 tantam
269 1464 342 1534 vim
366 1467 509 1539 virtutis
527 1468 566 1537 in
589 1463 657 1539 hac
679 1471 825 1540 natione
846 1485 1049 1556 senserunt,
1075 1483 1114 1541 ut
1164 1484 1325 1547 11101119»
1359 1485 1484 1533 verum
1509 1463 1593 1556 quit
1615 1463 1710 1536 111110
1734 1464 1919 1534 1111ῐῦ11111
1943 1490 2050 1560 quam
2074 1491 2162 1561 pact

119 1591 194 1638 non
218 1567 417 1640 dubitarint
439 1591 538 1639 suam
568 1573 738 1659 salutem,
777 1595 857 1643 suas
890 1576 1053 1648 fortunas
1079 1586 1114 1643 et
1161 1563 1270 1634 fuisse
1292 1563 1404 1659 aliqui
1426 1579 1572 1657 putant,
1597 1579 1640 1638 ut
1660 1567 1878 1657 cognoscatis
1903 1583 2034 1660 quanta
2062 1595 2162 1641 seve·

119 1668 413 1763 tranquillitatem
439 1672 550 1742 tutius
578 1674 720 1768 imperii
750 1673 949 1747 suevorum
973 1674 1112 1746 princi.
1163 1666 1251 1737 ritas
1270 1666 1345 1739 eius
1361 1667 1579 1738 ineritdomi
1601 1669 1807 1739 indicendo
1830 1669 1928 1754 iure,
1954 1670 1995 1738 in
2015 1671 2159 1743 latroci-

118 1797 203 1871 puru
224 1773 353 1842 tutelae
376 1773 622 1845 committere?
661 1774 713 1847 Ea
729 1779 873 1848 demum
895 1803 976 1848 vera
1000 1778 1112 1868 gloria
1162 1768 1235 1838 niis
1262 1769 1473 1860 puniendis,
1513 1784 1548 1840 et
1574 1770 1763 1863 disciplina
1791 1771 1933 1863 imperii
1963 1774 2163 1860 retinenda,

117 1888 186 1960 est,
211 1889 247 1946 et
262 1876 360 1944 bono
378 1873 539 1969 Principi
553 1877 707 1948 maxime
722 1882 897 1970 optanda,
922 1893 962 1949 ut
977 1880 1112 1949 intelli.
1162 1870 1316 1941 recitabo
1336 1893 1443 1963 quam
1467 1873 1624 1960 graviter
1646 1874 1938 1945 animadverterit
1958 1874 1998 1944 in
2020 1873 2163 1947 Princi-

118 1990 215 2067 gant,
240 1976 512 2069 existimeutque
527 1973 703 2069 homines,
727 2004 808 2050 enm
824 2004 897 2050 esse
913 1982 1112 2072 praeditum
1163 1995 1243 2061 pem
1267 1969 1472 2041 Palatinum
1494 1985 1530 2044 et
1553 1973 1810 2065 Magantinum
1835 1971 2072 2069 Episcopum,
2099 1980 2163 2073 qni

118 2092 155 2150 et
169 2102 208 2148 ea
224 2072 396 2148 charitate
410 2101 491 2168 erga
506 2080 685 2166 subditos,
710 2095 751 2152 ut
765 2077 857 2151 nihil
873 2085 979 2153 dueat
1000 2082 1112 2175 prius,
1163 2073 1390 2167 bellumipto
1407 2076 1550 2146 absente
1576 2076 1735 2149 initalia
1756 2091 1952 2151 moverant.
2005 2079 2048 2149 ln
2070 2079 2162 2174 Epi·

116 2203 226 2275 quam
242 2178 388 2248 illorum
402 2180 509 2251 saluti
524 2185 727 2269 consulere,
752 2199 786 2255 er
802 2209 841 2254 aa
857 2210 937 2270 rum
954 2187 1112 2278 pruden.
1163 2198 1321 2268 scopum,
1346 2177 1428 2270 qnia
1438 2180 1654 2270 parcendum
1669 2181 1834 2271 dignitati
1843 2179 2075 2254 Sacerdotum
2091 2187 2161 2255 du-

116 2284 180 2368 tia,
202 2294 279 2352 tum
295 2280 409 2350 animi
423 2284 687 2373 magnitudine,
712 2300 753 2356 ut
766 2288 956 2357 defendere
968 2310 1112 2358 consor·
1161 2277 1232 2363 xit,
1267 2280 1445 2350 mitiorem
1474 2305 1625 2373 poenam
1654 2284 1858 2369 coustituit,
1893 2299 2032 2357 tanturn
2063 2287 2159 2357 enim

115 2404 270 2475 vereque
291 2406 432 2475 pacem,
457 2399 493 2455 et
514 2410 633 2456 arcere
658 2411 699 2457 ac
718 2385 909 2480 prohibere
929 2389 1111 2475 iniuriam,
1162 2381 1521 2471 pecuniamulctavit.
1567 2384 1639 2456 Sed
1656 2385 1695 2455 in
1710 2384 1914 2457 Palatinum
1930 2388 2056 2457 durius
2072 2413 2160 2459 con-

117 2500 152 2557 et
173 2485 313 2574 legibus
331 2507 372 2554 ac
391 2487 499 2557 armis
515 2489 656 2558 munire
671 2492 967 2585 tranquillitatem
989 2493 1110 2585 publi·
1161 2483 1289 2570 suluit3
1328 2506 1411 2554 nam
1437 2486 1549 2576 coegit
1571 2509 1654 2556 eum
1676 2510 1740 2578 per
1759 2500 1871 2557 totam
1893 2491 2018 2558 urbem
2037 2489 2159 2560 Wor·

117 2612 194 2660 eam
209 2587 329 2678 possit.
370 2584 473 2676 Quos
488 2587 702 2682 triumphus,
728 2618 819 2689 quae
834 2590 1002 2688 trophaea
1018 2594 1110 2664 rnat-
1161 2586 1306 2655 matiam
1321 2610 1445 2656 canem
1462 2589 1507 2658 ab
1529 2587 1681 2659 humero
1696 2590 1912 2681 pendentem
1935 2603 2089 2681 gestare,
2115 2615 2157 2662 ea

115 2690 274 2763 leutsibi
290 2691 433 2760 decerni
447 2690 651 2785 Principes,
676 2696 706 2765 ri
720 2711 894 2788 raperent,
921 2722 1028 2791 qnam
1043 2692 1111 2768 hue
1160 2687 1230 2757 init
1264 2687 1337 2757 illis
1372 2690 1596 2782 temporibus
1631 2692 1791 2762 censoria
1825 2703 1911 2762 nota
1945 2693 2158 2765 nobilitatis.

115 2797 161 2864 de
183 2816 219 2863 se
241 2792 414 2863 indicium
436 2798 532 2886 apud
550 2797 665 2866 bonos
681 2798 777 2868 viros
789 2800 891 2868 fieri?
941 2799 1109 2880 Proinde,
1162 2787 1261 2859 idem
1276 2791 1475 2883 exemplum
1494 2793 1533 2862 in
1548 2794 1737 2889 plerosque
1753 2792 1848 2864 alios
1862 2794 2033 2888 equestris
2056 2797 2158 2865 ordi-

116 2920 196 2969 tum
213 2895 520 2988 periculosissimis
535 2898 757 2987 temporibus
771 2903 814 2968 ad
838 2899 975 2969 Suevos
998 2903 1109 2992 impe.
1161 2891 1218 2961 nis
1232 2892 1347 2979 viros,
1372 2891 1528 2965 Palatini
1543 2896 1678 2981 socios,
1700 2896 1932 2968 constitutum
1949 2910 2012 2969 est.
2063 2897 2158 2967 Nul-

113 3000 161 3070 rii
181 3020 321 3070 summa
344 2997 462 3063 delata
481 2996 548 3074 sit,
580 3019 748 3086 maguum
774 2999 947 3093 quiddam
968 3001 1023 3069 illi
1045 3025 1110 3070 na-
1159 2994 1214 3064 las
1228 3017 1294 3085 ego
1310 2985 1476 3065 victorini
1488 2998 1570 3088 plus
1582 2999 1699 3068 landis
1712 2998 1841 3069 mereri
1857 2999 2032 3086 existimo,
2049 3024 2156 3094 quam

112 3100 208 3174 tioni
223 3097 382 3186 reliquae
396 3107 517 3184 gentes
533 3097 746 3171 tribuerunt.
796 3098 921 3193 Neque
935 3127 1018 3172 vero
1032 3127 1108 3172 non
1160 3090 1368 3167 huiusmodi
1392 3099 1603 3190 exemplum.
1663 3099 1754 3170 Nam
1770 3125 1851 3171 eum
1873 3102 1965 3172 bene
1980 3102 2158 3195 imperare

112 3199 378 3289 responderunt
395 3200 628 3288 expectationi
641 3199 855 3290 Frideriens,
880 3203 938 3273 cui
955 3229 973 3273 a
991 3203 1108 3275 Barba
1160 3211 1279 3288 putet,
1317 3197 1378 3291 qui
1405 3202 1504 3270 domi
1529 3202 1671 3272 civilem
1699 3203 1924 3295 disciplinam
1945 3227 2157 3275 conservare

113 3300 226 3375 Ruffa
242 3321 374 3367 nomen
388 3298 521 3367 factum
535 3314 606 3386 est,
632 3316 665 3373 et
688 3299 795 3374 huius
819 3328 931 3396 nepos
949 3305 1109 3378 Frideri-
1159 3301 1267 3374 norit.
1299 3296 1401 3371 Nihil
1413 3302 1502 3372 soris
1514 3326 1623 3385 arma,
1649 3300 1743 3374 nihii
1757 3301 1931 3397 triumphi
1945 3308 2158 3399 Pmdtmflb

114 3425 198 3487 eus,
229 3423 337 3495 quem
357 3397 520 3472 Siculum
551 3419 741 3488 vocarunt,
774 3431 928 3502 quorum
959 3423 1108 3504 uterque
1158 3401 1189 3469 si
1204 3402 1302 3471 domi
1322 3403 1475 3474 nimium
1497 3405 1600 3477 liceat
1620 3406 1807 3499 improbis.
1858 3405 1892 3478 ls
1914 3410 2057 3479 demum
2083 3396 2187 3479 lm·'

114 3505 217 3576 omni
237 3525 365 3594 genere
385 3501 694 3595 imperatoriarum
712 3509 888 3581 virtutum
903 3511 1016 3582 cuivis
1028 3512 1108 3582 lau·
1159 3504 1331 3595 paraturis
1346 3506 1493 3577 nomine
1510 3508 1638 3598 dignus
1661 3524 1730 3595 est,
1757 3509 1820 3603 qui
1834 3533 1909 3580 non
1931 3523 2070 3582 tantum
2087 3506 2157 3583 ho-

114 3605 380 3677 datissimorum
407 3601 617 3698 Principum
644 3610 799 3680 conferri
824 3626 992 3686 meretur,
1048 3609 1107 3682 Ab
1158 3606 1271 3677 stibus
1292 3607 1531 3678 formidabilis
1555 3624 1626 3696 est,
1651 3612 1713 3680 sed
1735 3613 1842 3681 etiam
1858 3612 1951 3683 cives
1976 3613 2017 3683 in
2035 3614 2156 3686 officio

113 3732 180 3782 avo
200 3706 385 3779 Friderico
407 3704 600 3778 Germania
621 3723 727 3804 atque
746 3713 846 3784 ltalia
868 3715 1031 3783 maximis
1054 3712 1108 3783 la-
1157 3709 1311 3778 retinere
1331 3711 1500 3784 studebit.
1553 3711 1650 3801 Quid
1676 3715 1720 3783 de
1741 3712 1925 3784 Friderico
1946 3730 2076 3807 nepote
2098 3717 2156 3784 di-

113 3811 262 3883 horibus
280 3821 314 3879 et
332 3809 763 3902 periculispacatacsunt.
800 3812 964 3885 Armain
983 3813 1106 3886 Asiam
1158 3833 1255 3895 cam,
1281 3810 1382 3882 cuius
1398 3809 1638 3903 pulcherrima
1655 3814 1822 3894 consilia,
1848 3816 1878 3884 si
1895 3817 2156 3908 nonimpedis·

113 3926 235 4008 postem
249 3912 437 3998 translata,
462 3910 659 3984 saladinus
674 3939 853 4009 repressus
866 3931 934 4002 est,
960 3932 993 3988 et
1011 3920 1105 3988 bona
1157 3926 1236 3981 sent
1253 3909 1409 3985 Romani
1425 3910 1632 3998 Pontifices,
1658 3938 1733 3983 nou
1749 3916 1859 3986 alium
1875 3910 2057 3989 habuisset
2079 3919 2155 3989 nti·

114 4014 223 4088 Asiae
239 4028 338 4107 parte
362 4017 406 4084 ad
431 4011 622 4085 Armenias
643 4041 754 4110 usque
779 4017 954 4110 expulsus.
1003 4014 1106 4090 Nihil
1156 4012 1283 4082 liorem
1316 4009 1520 4104 Principem
1555 4011 1762 4092 Germania.
1822 4015 2009 4108 ingenium
2044 4020 2083 4090 in
2109 4045 2153 4091 eo

114 4112 175 4188 hic
194 4117 282 4189 libet
297 4117 478 4198 attollere,
504 4132 566 4188 aut
578 4121 811 4211 amplificare,
835 4133 974 4191 tanturn
991 4134 1106 4192 extre-
1158 4113 1369 4183 acerrimum
1392 4115 1482 4201 suit,
1508 4139 1634 4207 magna
1655 4119 1761 4188 etiam
1783 4119 1969 4191 literarum
1993 4121 2154 4207 scientis,

112 4220 184 4292 mis
196 4219 317 4312 digitis
328 4219 455 4290 leviter
469 4221 606 4312 attingo
619 4245 676 4292 res
692 4223 794 4293 istius
809 4237 931 4313 gestas.
970 4220 1106 4293 Verum
1159 4229 1194 4288 et
1208 4229 1250 4287 ut
1262 4215 1360 4286 aliud
1375 4216 1461 4288 boni
1476 4215 1570 4288 nihil
1583 4222 1809 4312 praestiterit,
1821 4244 1986 4313 magnam
2001 4224 2056 4294 illi
2071 4246 2152 4317 gra-

112 4347 178 4393 vos
204 4323 299 4417 ipsos
322 4322 477 4412 cogitare
502 4317 570 4393 hoc
596 4325 635 4395 in
665 4325 744 4396 loco
770 4326 900 4411 velim,
931 4341 1105 4420 quantum
1157 4319 1244 4389 tiam
1260 4321 1448 4407 debemus,
1475 4324 1572 4417 quod
1591 4325 1729 4396 curavit
1749 4325 1789 4395 in
1803 4323 1969 4396 Latinam
1991 4326 2152 4419 linguam

111 4426 325 4497 beneficium
353 4425 391 4494 id
422 4424 592 4516 temporis
622 4426 661 4496 in
688 4423 872 4520 Europam
903 4428 1106 4515 contulerit,
1156 4422 1315 4493 converti
1331 4446 1373 4492 ex
1387 4422 1597 4496 saracenico
1613 4450 1774 4497 sermone
1788 4422 1859 4522 τὴν
1879 4421 2048 4528 μεγάλην
2060 4423 2153 4503 σύν-

112 4529 367 4601 erndelissimis
382 4522 544 4597 hostibus
558 4529 737 4620 repressis,
755 4544 789 4602 et
804 4531 989 4622 proculab
1003 4527 1105 4602 ltalia
1154 4524 1261 4607 ταξιν
1273 4521 1488 4614 Ptolemaei3
1522 4552 1606 4597 nam
1622 4531 1755 4624 absque
1771 4554 1813 4600 eo
1826 4529 1920 4601 libro
1938 4545 2012 4605 tota
2023 4531 2152 4604 Astro-

112 4642 151 4702 st
166 4630 360 4703 Germania
383 4629 581 4704 summotis.
631 4630 737 4704 Nunc
759 4633 888 4705 videtis
904 4647 1039 4729 quanto
1066 4634 1106 4702 in
1155 4628 1279 4698 nomia
1298 4627 1462 4699 funditus
1481 4629 1683 4703 interiisset.
1744 4631 1867 4725 ltaque
1890 4631 2018 4705 Suavis
2040 4638 2152 4706 debe-

112 4735 273 4827 periculo
289 4735 415 4814 simus,
442 4731 524 4825 quia
539 4732 603 4801 din
620 4735 799 4804 nerninem
816 4734 970 4805 similem
987 4750 1105 4806 custo·
1157 4752 1247 4816 mus,
1267 4731 1364 4822 quod
1380 4730 1517 4824 reliqua
1533 4745 1585 4802 est
1600 4734 1660 4802 illa
1671 4729 1923 4826 Philosophiae
1937 4760 2028 4826 pars,
2044 4762 2152 4831 quam

112 4838 196 4911 dem
210 4836 353 4931 imperii
373 4829 696 4908 huiushahuimus.
747 4835 812 4908 ille
823 4840 949 4931 procul
965 4840 1004 4908 in
1019 4838 1106 4908 Asia
1155 4832 1233 4903 iure
1257 4832 1388 4902 dixeris
1406 4834 1743 4924 praestantissimam
1767 4859 1863 4909 esse..
1913 4836 2045 4929 Magna
2073 4841 2152 4911 laus

112 4944 358 5038 quaerendum
372 4936 442 5006 sihi
456 4931 594 5009 hostem
609 4959 684 5008 esse
705 4939 823 5027 drmit,
848 4941 1027 5035 sensitque
1049 4964 1105 5010 se·
1155 4947 1206 5004 est
1227 4935 1406 5005 invenisse
1427 4950 1518 5007 artes
1540 4937 1646 5009 utiles
1668 4932 1752 5009 huic
1768 4939 1881 5020 vitae,
1905 4942 2057 5012 sednon
2076 4943 2149 5013 mi-

111 5066 196 5115 rum
212 5058 288 5116 tum
313 5039 484 5113 auxilium
500 5039 593 5127 fore,
618 5040 647 5109 si
669 5053 848 5134 pateretur
862 5041 1041 5113 Barbaros
1065 5043 1105 5112 in
1154 5060 1224 5108 nor
1241 5048 1312 5121 est,
1336 5038 1393 5108 vel
1406 5040 1601 5111 restituisse
1617 5040 1674 5111 vel
1687 5063 1922 5117 conservasse.
1959 5042 2149 5140 Siquidem

110 5158 256 5218 nostros
271 5146 358 5215 fines
373 5162 454 5213 suas
469 5142 587 5235 copias
600 5144 796 5215 traducere.
848 5143 952 5216 Nunc
967 5170 1047 5216 eum
1066 5146 1104 5214 in
1155 5141 1194 5209 in
1209 5141 1335 5232 primis
1349 5143 1387 5211 iu
1405 5142 1519 5213 literis
1542 5139 1609 5213 hoc
1625 5144 1783 5214 accidere
1801 5145 1981 5232 videmus,
2008 5162 2050 5219 ut
2074 5172 2150 5219 non

113 5250 193 5344 ipso
218 5246 394 5339 vestibulo
418 5240 632 5315 Germaniae
662 5246 886 5318 constiterint
907 5247 1104 5318 saevissimi
1154 5244 1274 5317 miuus
1296 5245 1434 5336 negocii
1460 5245 1506 5317 sit
1528 5268 1736 5317 conservare
1759 5247 1943 5335 inventas,
1967 5275 2071 5342 quam
2091 5250 2151 5318 in·

111 5350 270 5440 Turcae,
295 5375 336 5422 ac
356 5342 646 5420 florentissimum
671 5346 806 5440 Regem
825 5371 937 5440 regno
959 5361 1103 5421 exutum
1154 5349 1288 5423 venire.
1339 5347 1480 5418 Videtis
1496 5349 1619 5442 quales
1636 5347 1873 5442 Imperatores
1888 5349 2018 5422 Suevia
2043 5350 2152 5421 nobis

110 5454 306 5548 fugientem
321 5478 363 5527 ex
378 5452 452 5525 acie
468 5473 560 5546 pene
574 5453 623 5523 ob
641 5453 764 5524 oculos
786 5466 928 5525 nostros
946 5452 1103 5525 tnrcida-
1153 5449 1325 5538 ediderit,
1352 5448 1415 5546 qai
1431 5450 1501 5522 nisi
1522 5450 1610 5522 belli
1622 5453 1790 5549 pacisque
1804 5468 1898 5525 artes
1913 5475 2037 5524 omnes
2053 5455 2150 5547 apud
