4732 6030
232 196 308 274 219

804 181 966 258 unet.
1016 178 1091 259 Dll
1130 178 1390 263 SCRIPTO
1429 178 1572 257 tuna
1609 200 1700 261 arc.

2070 193 2276 266 «220

235 389 356 464 parem
377 356 616 457 eloquentiam
631 364 748 424 tantae
771 371 894 419 causae
910 348 1066 433 adferre,
1091 347 1228 417 medio·
1282 373 1365 419 men
1380 361 1500 442 postea
1515 347 1686 439 scriptum
1702 344 1758 416 ius
1774 343 2037 438 expetiverunt,
2063 350 2100 421 id
2116 367 2183 438 est,
2208 353 2275 429 Αι-

237 473 344 544 erne,
362 467 545 537 declarant
561 480 664 526 suurn
686 450 843 523 studium
868 463 903 521 et
919 449 1103 524 iudicium.
1155 446 1229 520 Alii
1282 453 1351 522 tica
1367 464 1401 521 et
1414 449 1596 536 Romana,
1620 462 1662 520 ut
1676 447 1762 518 certi
1780 447 1868 521 iuris
1889 450 2077 522 autoritate
2096 465 2171 526 tuta
2187 473 2277 530 esset

237 577 320 669 plns
348 571 513 640 adferunt
537 558 593 626 vel
620 553 819 625 autoritatis
847 553 904 621 vel
934 551 1129 636 facultatis,
1168 551 1229 618 sed
1284 553 1441 626 libertas.
1481 548 1600 641 Quam
1615 549 1720 643 pauci
1732 549 1805 619 sint
1821 549 1908 619 boni
1923 548 2117 646 Principes,
2141 557 2277 630 dictum

238 692 358 748 „men
383 669 465 763 quia
487 655 576 731 mihi
599 681 696 726 nunc
717 651 782 725 hae
805 669 922 748 partes
944 653 1085 722 dicendi
1109 676 1130 722 a
1153 653 1231 719 viro
1283 652 1427 726 Claudii
1451 653 1635 725 cuiusdam
1655 652 1805 737 indicat,
1835 651 1899 745 qui
1915 653 1982 726 ait:
2008 650 2186 728 Omnium
2210 663 2277 733 bo-

239 772 434 848 elarissimo
446 756 748 848 DeeanoCollegii
763 756 891 836 nostri,
915 755 1060 825 domino
1080 751 1232 824 Doctore

1285 781 1416 828 norum
1431 754 1640 847 Principum
1659 753 1830 844 imagines
1847 754 1885 822 in
1906 779 1980 827 uuo
2001 760 2135 829 annulo
2159 765 2275 855 sculpi

238 876 486 963 Hieronymo,
508 875 733 955 praeceptore
750 872 871 928 nostro
888 881 1022 927 summa
1040 858 1234 925 observan-
1285 881 1401 951 posse.
1456 855 1597 927 Deinde
1622 870 1658 926 et
1683 855 1768 924 boni
1796 855 1900 924 facile
1922 859 2160 954 depravantur
2182 863 2277 936 inter

240 981 310 1059 tia,
336 975 475 1062 fideque
492 965 653 1045 colendo,
679 961 864 1030 mandatae
879 972 979 1041 snnt,
1005 981 1156 1051 aeqvmm
1174 971 1235 1036 est,
1285 974 1339 1031 tot
1362 959 1590 1049 corruptelas.
1641 955 1714 1027 Nec
1740 958 1784 1026 de
1804 953 1920 1027 nihilo
1944 973 2011 1044 est,
2036 963 2133 1053 quod
2154 965 2214 1035 itte
2238 970 2277 1036 11,

240 1101 305 1149 vos
320 1096 461 1170 quoqne
476 1081 621 1160 propter
635 1064 858 1132 autoritatem
874 1060 1044 1149 Collegii,
1070 1083 1124 1126 me
1143 1060 1233 1125 bona

241 1205 323 1251 cnm
339 1177 441 1245 venia
458 1168 601 1249 audire,
627 1164 763 1235 etiamsi
785 1185 858 1231 non
876 1187 1018 1254 possum
1036 1186 1100 1251 pro
1115 1159 1235 1249 digni·

242 1298 315 1356 tate
333 1275 425 1347 hnnc
441 1283 600 1343 nostram
616 1265 815 1337 doctrinam
833 1288 971 1333 ornare.

347 1404 540 1482 Suetonius
562 1399 684 1471 scribit
704 1395 922 1486 Caligulam,
949 1396 1011 1489 qni
1030 1395 1148 1465 verius
1168 1395 1237 1465 fuit

244 1510 412 1586 immanis
428 1506 601 1601 quaedam
617 1502 718 1570 belua
735 1524 840 1593 quarn
852 1496 1059 1590 lmperator,
1083 1498 1112 1567 si
1130 1497 1238 1566 vixis-

246 1633 314 1701 set,
339 1612 556 1683 aboliturum
575 1604 680 1672 fnisse
694 1600 814 1671 omnia
830 1601 958 1690 scripta
974 1597 1236 1668 lnreeonsnlto-

246 1744 339 1790 rnnr.
391 1711 483 1783 Sunt
513 1719 627 1775 antem
649 1726 723 1772 non
748 1702 850 1793 pauci
873 1697 940 1769 hoc
965 1714 1143 1791 tempore,
1174 1701 1236 1790 qui

249 1818 412 1892 similiter
436 1813 589 1881 oderunt
611 1807 667 1874 ins
683 1803 864 1894 scriptum,
890 1804 951 1871 sed
974 1802 1159 1892 praecipue
1184 1815 1237 1869 ta-

249 1943 332 1992 men
356 1910 678 1986 lureconsultorum
704 1904 921 1986 doctrinam,
952 1929 992 1971 ac
1015 1904 1160 1972 nrallent
1184 1925 1237 1970 res

250 2016 401 2093 iudicari
434 2009 590 2084 arbitriis
624 2019 824 2099 potentum,
869 2028 942 2073 non
978 2002 1107 2095 scripto
1144 2005 1238 2086 iure,

250 2118 549 2218 quemadmodum
575 2107 680 2180 hodie
703 2107 873 2176 dicuntur
892 2100 1042 2198 Scythae
1064 2117 1124 2172 ant
1151 2104 1239 2171 aliae

250 2227 422 2297 barbarae
444 2215 606 2286 nationes
622 2231 742 2297 regere
757 2230 838 2276 suas
855 2206 1032 2288 civitates,
1058 2218 1092 2273 et
1109 2204 1238 2273 indicia

250 2346 410 2400 exercere
430 2319 507 2390 sine
527 2313 659 2406 scripto
681 2311 774 2379 iure:
802 2304 929 2379 horum
946 2330 1101 2377 errorem
1121 2306 1240 2376 breri-

251 2444 305 2500 ter
324 2423 493 2495 refutabo.

353 2557 454 2647 Quae
471 2567 553 2622 sunt
572 2563 688 2619 antem
704 2567 828 2615 musae
844 2568 953 2635 quare
974 2555 1132 2633 potentes
1154 2543 1240 2611 ode-

253 2677 340 2736 runt
356 2660 413 2730 ius
438 2650 634 2746 seriptum?
666 2647 772 2717 Prior
786 2660 856 2725 est,
879 2644 962 2736 quia
978 2645 1106 2712 nolunt
1121 2643 1240 2730 legnm

252 2762 405 2835 vinctssis
426 2753 598 2835 ctrerceri,
624 2748 754 2818 nolunt
776 2768 855 2814 suas
879 2745 1088 2837 cupiditates
1108 2744 1241 2814 frenari

253 2866 440 2940 autoritate
464 2855 549 2926 certi
582 2852 688 2933 iuris,
727 2849 789 2918 sed
819 2859 988 2937 expetunt
1019 2847 1240 2940 tyrannicam

253 2967 446 3043 licentiam,
463 2974 497 3029 et
512 2953 665 3025 faciendi
681 2963 715 3019 et
730 2948 944 3019 decernendi
958 2948 1126 3040 quiequid
1145 2949 1241 3020 libet.

254 3071 376 3142 Altera
395 3071 585 3142 causaest,
607 3055 705 3148 qnod
726 3050 894 3121 nonnulli
915 3051 1091 3136 fremunt,
1115 3072 1152 3117 se
1169 3050 1242 3117 suis

256 3164 510 3242 lureconsultis
531 3160 569 3226 in
587 3156 726 3247 Repnb.
746 3167 914 3245 tanquam
939 3167 1054 3222 mutas
1074 3174 1242 3241 personas

256 3295 350 3348 esse,
376 3264 472 3361 quod
494 3260 591 3329 velut
611 3257 648 3325 in
664 3256 778 3322 aliena
797 3253 907 3321 lutela
924 3275 1015 3332 esse,
1041 3265 1078 3323 et
1092 3253 1136 3321 ad
1155 3250 1239 3322 alie-

255 3396 345 3446 num
362 3361 615 3460 praescriptum
629 3358 817 3426 decernere
833 3365 1015 3441 cogantur.
1048 3349 1151 3422 Hanc
1169 3377 1244 3421 ser-

255 3477 417 3554 vitutem,
441 3479 481 3537 nt
495 3461 581 3554 ipsis
595 3480 668 3529 esse
684 3454 837 3537 videtur,
859 3475 960 3541 aegre
978 3455 1117 3536 ferunt,
1144 3478 1243 3545 prae-

256 3575 379 3648 sertim
402 3569 432 3639 si
456 3565 518 3660 qni
540 3573 621 3631 sunt
641 3554 874 3628 ferocioribus
904 3554 1056 3643 ingeniis
1082 3555 1243 3646 praediti.

254 3677 347 3752 Nam
368 3686 409 3746 ut
438 3680 564 3739 natura
587 3662 648 3732 alii
675 3657 981 3750 temperantiores‚
1011 3656 1151 3726 facilius
1182 3681 1244 3748 pa-

255 3782 396 3852 tiuntur
409 3774 517 3843 iustas
538 3769 646 3856 leges,
672 3760 735 3830 alii
757 3760 1031 3850 intemperantes
1055 3759 1173 3827 minus
1194 3758 1244 3828 eis

256 3894 340 3954 aunt
364 3856 553 3964 morigdli,
587 3868 636 3938 ita
669 3863 708 3933 in
732 3881 859 3953 genere
889 3860 945 3945 fit3
979 3858 1070 3930 aliae
1098 3872 1244 3929 naturae

255 3984 367 4074 magis
390 3991 613 4048 contumaces
630 3979 731 4051 sunt,
757 3962 793 4033 et
807 3962 926 4032 minus
948 3961 1120 4054 patientes
1141 3961 1246 4034 freni.

255 4086 319 4159 Hii
342 4094 424 4153 sunt
442 4075 518 4146 odii
538 4074 654 4141 fontes
666 4090 756 4159 quos
770 4064 855 4133 dixi.
906 4062 1014 4152 Quod
1030 4089 1111 4136 cum
1127 4064 1171 4135 sir
1188 4064 1246 4133 in.

255 4191 408 4264 iustum,
439 4191 475 4246 et
506 4182 631 4242 noceat
660 4165 813 4257 Reipub.
842 4187 1038 4253 repugnare
1067 4167 1181 4236 bonos
1211 4177 1246 4234 et

255 4288 448 4381 prudentes
469 4273 570 4344 omni
593 4267 711 4339 studio
734 4266 852 4347 decet,
878 4285 922 4332 ne
935 4264 1066 4334 abolita
1084 4265 1245 4335 doctrina

257 4379 603 4462 lureconsultorum,
638 4366 776 4438 infinita
807 4365 969 4457 tyrannis
995 4389 1036 4435 ac
1066 4365 1247 4436 barbaries

252 4500 437 4584 sequatur.

357 4617 468 4690 Vetus
486 4626 536 4686 est
553 4624 668 4681 autem
684 4601 897 4698 disputatio,
921 4613 1041 4687 utrum
1055 4602 1167 4693 magis
1185 4628 1245 4674 ex.

256 4726 395 4821 pediat,
419 4717 493 4808 regi
517 4713 676 4787 civitates
699 4705 858 4779 arbitriis
880 4704 1179 4794 gubernatorum,
1200 4729 1245 4774 an

256 4824 504 4921 scripto'iure;
543 4817 602 4887 sed
626 4835 707 4883 cum
731 4819 894 4902 oporteat
923 4804 978 4875 ius
999 4828 1075 4875 esse
1100 4821 1246 4890 certum,

256 4932 456 5003 voluntates
472 4935 589 4992 autem
602 4916 880 5007 gubernatorum
894 4905 967 4976 sint
981 4905 1147 4990 incertae,
1168 4930 1245 4977 sae-

256 5059 300 5125 pe
324 5032 428 5102 etiam
450 5045 595 5117 pravae,
625 5039 764 5087 necoese
787 5024 838 5082 est
854 5022 971 5080 extare
992 5023 1123 5080 certam
1142 5033 1245 5100 regu.

255 5137 343 5216 lam,
368 5153 458 5223 qnae
477 5124 682 5195 dominetur
703 5118 742 5186 in
763 5111 904 5184 iudiciis
920 5121 955 5178 et
979 5109 1246 5199 gubernatione.

256 5235 341 5308 ldeo
379 5222 695 5324 praestantissimae
728 5215 888 5306 Respnb.
916 5210 1055 5282 etiamsi
1089 5212 1243 5303 primum

253 5351 392 5410 tantum
407 5327 564 5400 consiliis
583 5319 788 5409 Principum
802 5313 1067 5385 administratae
1083 5314 1165 5394 sint,
1193 5329 1245 5385 ta-

1286 1061 1486 1152 Tragoedia
1501 1061 1565 1130 ait:
1591 1053 1639 1128 Ut
1655 1082 1759 1127 nemo
1774 1059 1899 1130 doceat
1915 1059 2066 1146 fraudes,
2089 1078 2124 1134 et
2137 1068 2279 1138 sceleris

1287 1165 1379 1242 vias,
1409 1185 1558 1251 regnum
1572 1159 1725 1232 docebit.
1775 1156 1889 1252 Saepe
1907 1186 1992 1232 vero
2010 1163 2156 1253 optimis
2172 1180 2207 1238 et
2223 1170 2278 1253 vi·

1288 1264 1491 1354 gilantibus,
1509 1277 1627 1332 tamen
1644 1260 1731 1331 falsa
1745 1263 1831 1331 recti
1847 1265 1978 1353 species
1994 1265 2157 1355 imponit.
2193 1267 2276 1343 Ideo

1289 1387 1480 1435 consensus
1515 1364 1731 1458 prudentum
1759 1375 1926 1443 testatur,
1963 1366 2090 1435 molins
2118 1392 2191 1441 esse
2224 1374 2277 1444 uti

1288 1467 1418 1559 scripto
1435 1467 1528 1553 inre;
1555 1477 1660 1558 atque
1676 1465 1723 1534 ita
1737 1465 1952 1557 pronunciat
1966 1465 2191 1557 Aristoteles,
2216 1499 2278 1544 cu-

1289 1570 1344 1639 ius
1360 1569 1465 1637 verba
1484 1581 1652 1659 tanquam
1666 1567 1848 1635 oraculum
1865 1567 2047 1653 inculcari,
2071 1577 2277 1661 praesertim

1289 1683 1429 1740 nostrae
1447 1669 1570 1738 aetatis
1594 1664 1801 1738 hominibus
1820 1669 1996 1758 oportuit,
2021 1671 2072 1743 sic
2092 1675 2185 1743 enim
2211 1680 2278 1746 ait:

1290 1771 1362 1859 Qui
1386 1772 1503 1860 legem
1517 1771 1596 1839 vult
1615 1768 1813 1851 dominari,
1839 1769 1916 1839 vult
1931 1794 2088 1859 praeesse
2100 1770 2216 1843 Deum
2241 1791 2277 1846 et

1289 1874 1400 1963 leges;
1426 1871 1488 1964 qui
1504 1885 1620 1942 autem
1634 1864 1791 1951 hominis
1805 1870 1953 1939 arbitrio
1971 1873 2048 1963 vult
2061 1874 2135 1962 regi
2150 1875 2276 1949 civita-

1290 1989 1381 2057 tem,
1405 1971 1644 2041 saevissimam
1665 1970 1806 2040 beluam
1826 1970 1939 2040 addit.
1986 1968 2078 2064 lflam
2102 1977 2277 2067 cupidita-

1290 2090 1341 2147 tes
1357 2088 1390 2144 et
1412 2075 1463 2142 ira
1486 2076 1738 2162 gubernatores
1755 2073 1968 2163 depravant,
1994 2075 2130 2155 etiamsi
2147 2078 2278 2149 fuerint

1290 2174 1416 2267 optimi
1442 2173 1531 2256 viri,
1565 2197 1674 2267 quare
1698 2175 1753 2241 lex
1775 2187 1827 2243 est
1855 2197 1955 2242 mens
1976 2176 2054 2245 sine
2078 2179 2278 2269 cupiditate.

1292 2276 1363 2348 Nec
1387 2276 1575 2365 disputabo
1600 2277 1644 2345 de
1672 2298 1709 2342 re
1732 2272 1916 2343 manifesta
1946 2276 2141 2366 prolixius,
2174 2304 2279 2350 nemo

1292 2379 1385 2448 enim
1408 2399 1515 2447 sanus
1538 2400 1613 2447 non
1635 2376 1733 2446 videt
1754 2374 1881 2443 melius
1905 2399 1978 2445 esse
2002 2379 2057 2448 uti
2078 2396 2173 2450 certo
2192 2382 2282 2466 iure,

1291 2494 1464 2572 qnantum
1479 2478 1555 2546 heri
1570 2490 1703 2568 potest,
1729 2500 1835 2568 qnam
1851 2476 1996 2550 incerto.

1391 2578 1607 2672 Quanquam
1625 2592 1742 2649 autem
1760 2577 1834 2662 illi,
1859 2579 1919 2670 qui
1943 2595 2081 2649 nostrae
2097 2583 2279 2652 doctrinae

1292 2679 1409 2775 iniqui
1424 2696 1525 2766 sunt,
1558 2703 1632 2748 non
1649 2678 1852 2770 praedicant
1873 2702 1909 2748 se
1926 2673 1993 2749 hoc
2008 2682 2115 2767 velle,
2141 2697 2179 2753 ut
2194 2685 2279 2753 nul·

1292 2783 1346 2851 lae
1359 2795 1478 2852 extent
1490 2780 1641 2871 scriptae
1655 2782 1759 2869 leges,
1784 2782 1843 2849 sed
1862 2779 1940 2849 illas
1956 2781 2077 2870 longas
2093 2785 2278 2855 doctorum

1292 2883 1567 2977 disputationes,
1593 2895 1628 2953 et
1640 2883 1769 2950 molem
1795 2885 2128 2953 commentariorum
2146 2884 2282 2976 impro-

1292 2985 1377 3056 bare
1404 3007 1439 3053 se
1465 2985 1601 3055 dicunt.
1657 2983 1742 3080 Scio
1768 2977 1835 3053 hac
1868 2980 1907 3051 in
1932 3006 1972 3051 re
1999 2984 2127 3052 multos
2153 3011 2283 3073 errare,

1292 3084 1399 3157 etiam
1414 3110 1456 3155 ex
1470 3081 1709 3166 Scholasticis,
1724 3083 1787 3175 qui
1803 3083 2043 3173 imaginantur
2058 3084 2145 3154 iuris
2159 3086 2284 3179 scripti

1294 3186 1546 3279 possessionem
1569 3185 1646 3254 sine
1670 3184 1910 3275 disputatione
1937 3185 2171 3276 interpretum
2197 3191 2284 3260 reti-

1292 3292 1370 3359 neri
1397 3311 1516 3381 posse,
1539 3287 1601 3357 sed
1624 3286 1729 3374 longe
1751 3284 1936 3355 falluntur.
1988 3284 2135 3357 Tollere
2150 3290 2283 3362 doctri-

1295 3414 1396 3473 nam,
1423 3389 1531 3460 estin
1548 3387 1754 3459 universum
1771 3384 1913 3454 abolere
1934 3386 1989 3455 ius
2004 3388 2192 3479 scriptum;
2218 3417 2283 3465 nec

1294 3492 1388 3562 enim
1407 3493 1499 3581 leges
1512 3489 1589 3560 sine
1598 3487 1678 3582 ,illis
1691 3487 1814 3557 lumen
1830 3480 1961 3557 habere
1975 3504 2141 3581 possunt,
2165 3516 2284 3586 neque

1293 3606 1420 3662 natura
1447 3593 1595 3684 patitur,
1625 3602 1664 3659 nt
1695 3588 1809 3659 ullum
1829 3611 1979 3680 usquam
2002 3588 2057 3660 ios
2084 3603 2173 3661 extet
2202 3594 2283 3667 aine

1294 3693 1614 3786 disputationibus,
1653 3689 1745 3761 sicut
1773 3688 1978 3783 gravissime
2010 3691 2141 3761 dietum
2173 3707 2227 3763 est
2261 3719 2285 3767 a

1294 3795 1494 3887 Pomponio
1509 3793 1694 3882 indigestis
1709 3792 1844 3880 legibus
1860 3789 1941 3860 latis
1959 3805 2084 3862 natura
2101 3793 2183 3864 licet
2200 3820 2285 3866 eve.

1296 3898 1391 3979 nire,
1417 3909 1456 3966 ιιι
1477 3892 1720 3985 interpretatio
1734 3892 1910 3962 desideret
1932 3893 2159 3982 prudentium
2180 3910 2286 3969 auto·

1295 3998 1435 4069 ritatem
1460 4010 1496 4067 et
1513 3994 1745 4065 necessariam
1761 3993 2049 4086 disputationem.
2089 3993 2186 4068 Haec
2201 4020 2287 4069 aen-

1295 4099 1425 4184 lentia,
1450 4122 1530 4168 curn
1553 4098 1600 4169 sit
1624 4095 1826 4180 verissima,
1850 4095 1961 4185 gratia
1977 4095 2097 4187 potius
2121 4091 2286 4172 habenda

1296 4216 1347 4275 est
1367 4200 1510 4294 peritis,
1540 4200 1603 4294 qui
1627 4199 1896 4267 illustraverunt
1918 4195 2011 4287 leges
2027 4198 2100 4267 suis
2116 4197 2285 4272 lucubra-

1295 4303 1475 4386 tionibua,
1506 4325 1614 4395 quarn
1635 4292 1927 4391 reprehendenda
1945 4298 2131 4372 industria.
2182 4299 2287 4373 Sem.

1298 4429 1359 4496 per
1380 4402 1546 4476 omnibus
1569 4399 1713 4480 seculis,
1739 4400 1779 4468 in
1802 4396 2005 4470 civitatibus¹
2020 4402 2110 4470 bene
2128 4405 2287 4486 moratis,

1297 4505 1552 4597 disputationes
1584 4506 1627 4572 de
1662 4499 1798 4590 legibus
1830 4501 2039 4586 extiterunt3
2081 4501 2287 4576 scribuntur

1297 4607 1392 4676 enim
1423 4608 1516 4694 leges
1539 4607 1583 4674 de
1604 4602 1765 4672 moribus
1793 4615 1828 4670 et
1857 4595 2044 4671 bominum
2075 4604 2288 4692 actionibus,

1297 4707 1428 4802 quibus
1442 4702 1536 4775 nihil
1551 4718 1604 4776 est
1618 4703 1810 4775 flexibilius
1826 4718 1860 4772 et
1875 4703 1985 4792 magis
2003 4704 2149 4776 varium.
2202 4705 2289 4777 Non

1299 4821 1565 4902 proponuntur,
1577 4820 1617 4876 ut
1631 4806 1669 4874 in
1682 4803 1898 4888 Geometria,
1913 4807 2107 4876 sententiae
2123 4807 2166 4877 de
2183 4833 2290 4879 men·

1297 4935 1377 4982 sura
1394 4910 1511 5002 aliqua
1533 4908 1750 4977 immutabili
1772 4906 1984 4994 figurarum,
2011 4922 2044 4976 et
2065 4923 2182 4978 tamen
2198 4935 2291 5002 opus

1297 5027 1349 5084 est
1364 5012 1481 5101 regula
1496 5023 1531 5080 et
1546 5024 1640 5090 arte,
1666 5033 1756 5103 quae
1773 5007 1917 5096 negocia
1932 5010 1977 5078 ad
2001 5010 2115 5078 fontes
2136 5027 2292 5098 revocet,

1299 5130 1338 5184 nt
1355 5115 1390 5183 id
1409 5116 1503 5207 qnod
1523 5126 1670 5182 naturae
1686 5108 1832 5201 propius
1846 5123 1897 5179 est
1915 5112 2134 5181 decernatur.
2175 5109 2286 5184 Vide·

1300 5216 1344 5285 tis
1359 5217 1396 5282 in
1406 5209 1633 5303 'l'heologicis
1647 5208 1851 5301 praeceptis,
1879 5212 2016 5281 tametsi
2033 5237 2141 5301 panca
2158 5229 2194 5286 et
2207 5230 2292 5287 tan·

1273 5390 1276 5396 ,
1299 5327 1375 5385 ιιιιιι
1392 5314 1603 5384 universalia
1627 5313 1718 5395 siut,
1745 5324 1862 5380 tamen
1879 5309 2117 5383 adhibendam
2139 5340 2213 5391 esse
2228 5344 2292 5390 ex.
