4732 6030
260 311 337 391 279
775 348 777 352 ν
912 280 1074 376 DECL
1113 290 1191 371 uu
1222 283 1649 376 rntnosorffla,
2048 322 2051 327 ·
2222 294 2303 367 280

266 484 425 576 proiecto
445 479 585 550 laudem
608 469 742 562 ingenii
757 482 793 541 et
807 468 1019 541 eruditionis
1035 468 1178 560 largiter
1191 465 1258 538 tri-
1308 462 1565 555 gantissimum.
1625 455 1746 548 Quare
1768 481 1849 530 cum
1868 469 1905 528 et
1925 462 2120 535 neucesaria
2145 463 2304 561 Reipub,

268 589 355 660 buo.
410 581 480 653 Sed
510 575 612 647 nolui
635 572 749 644 videri
776 571 953 643 morosior
979 572 1019 640 in
1051 571 1258 650 recusando,
1308 579 1345 637 et
1358 564 1461 636 vobis
1477 562 1643 635 salutaria
1657 560 1790 645 dicam,
1814 574 1849 631 et
1865 553 1952 632 haec
1964 584 2044 634 mea
2058 590 2128 636 vox
2143 592 2307 645 commu.

270 712 352 760 cum
369 681 460 754 hanc
476 701 618 771 operam
642 699 734 744 ame
748 669 857 745 homo
876 672 1108 744 amicissimus
1123 671 1259 761 flagita·
1311 691 1393 737 nem
1416 664 1578 738 omnium
1600 663 1702 734 vobis
1724 661 1934 734 senteutiam
1960 681 2130 757 exponat,
2160 685 2243 763 peto
2265 688 2308 747 ut

271 801 337 859 ret.
389 780 524 850 Verum
545 778 631 848 nolo
648 777 702 847 uti
721 776 883 867 longiore
906 774 1145 859 excusatione;
1175 795 1259 842 nam
1312 791 1369 839 me
1392 792 1458 861 pro
1478 779 1594 837 vestra
1616 759 1839 835 humanitate
1860 762 2050 854 diligenter
2073 772 2243 860 audiatis,
2270 789 2308 847 et

272 887 400 978 opinor
420 903 535 951 mores
558 901 656 949 meos
677 878 761 949 satis
780 879 946 971 probatos
961 876 1162 948 vobisesse.
1213 869 1261 944 Et
1312 868 1505 954 admoniti,
1539 891 1614 938 non
1634 879 1773 947 tantum
1796 865 1888 938 sicut
1902 861 2040 962 Ulyssis
2057 873 2142 942 socii
2160 874 2309 948 Sirenas

273 984 360 1057 haec
384 996 467 1053 sunt
490 981 679 1074 praecipue
698 1003 740 1049 ex
762 1003 805 1051 eo
828 1001 974 1071 genere,
1006 976 1140 1073 inquo
1168 974 1262 1046 valet
1312 971 1502 1043 obstructis
1516 970 1662 1039 auribus
1674 967 1903 1060 praetervecti
1914 982 2019 1055 sunt,
2043 971 2092 1043 ita
2101 998 2166 1045 vos
2179 996 2323 1050 eorum*

272 1086 484 1159 versiculus:
683 1160 689 1167 ι
1314 1075 1434 1166 inepta
1461 1070 1612 1156 iudicia,
1642 1068 1705 1163 qni
1730 1093 1805 1139 non
1834 1082 1962 1160 putant
1982 1065 2161 1146 Ecclesiae
2183 1081 2311 1150 admo-

357 1177 473 1267 τρόπος
493 1176 572 1245 ἔσθ’
594 1173 611 1244 i
633 1177 753 1242 πείθων
772 1179 830 1242 wi
851 1175 1010 1263 Ηγονῐος,
1040 1171 1078 1241 vi
1098 1165 1199 1259 liros-
1314 1177 1399 1247 dum
1413 1196 1503 1266 opus
1515 1194 1590 1247 esse
1604 1170 1744 1242 liberali
1758 1171 1959 1242 eruditione
1967 1171 2130 1265 fugiatis,
2151 1181 2209 1250 sed
2225 1181 2311 1252 illos

273 1274 337 1368 qui
360 1272 429 1355 ait,
463 1293 581 1340 mores
603 1265 753 1338 dicentis
774 1269 1003 1359 persuadere,
1032 1288 1107 1335 non
1130 1262 1264 1336 oratio·
1313 1277 1410 1370 ipsos
1432 1288 1603 1370 tanquam
1625 1271 1822 1345 teterrimas
1843 1285 1961 1365 pestes
1987 1288 2024 1345 et
2042 1277 2120 1348 dira
2143 1295 2309 1373 portenta

273 1398 367 1445 nem·
406 1368 473 1444 Est
481 1384 597 1442 autem
612 1369 749 1461 optimo
765 1367 915 1439 consilio
933 1365 1155 1449 institutum,
1168 1377 1210 1436 ut
1224 1363 1264 1434 in
1315 1376 1538 1452 execremini.
1589 1374 1729 1447 Deinde
1749 1386 1852 1446 acuat
1866 1389 1902 1447 et
1918 1376 2045 1449 excitet
2067 1381 2227 1453 discendi
2245 1408 2308 1455 ru.

274 1470 331 1545 his
346 1473 505 1566 pompis,
531 1485 592 1542 aut
608 1471 653 1541 de
667 1468 813 1551 studiis,
838 1483 901 1565 aut
913 1471 959 1540 de
972 1469 1077 1540 laude
1090 1468 1264 1538 virtutum
1314 1503 1413 1565 nm,
1445 1479 1542 1573 quod
1565 1476 1681 1547 studia
1705 1488 1820 1546 vestm
1840 1477 1885 1547 ad
1899 1472 2109 1563 31302102521„
2134 1506 2176 1554 a,
2198 1481 2309 1557 nm,

274 1577 426 1648 dicatur·
485 1571 606 1662 Quare
625 1584 666 1643 ¹¹²
688 1584 936 1660 iliumfflium
950 1569 1164 1642 ⁶⁰¹¹V0¹¹ie¹¹⁸
1183 1564 1265 1638 huic
1316 1581 1400 1674 pub.
1416 1580 1613 1672 pertinent,
1638 1601 1703 1667 nec
1719 1590 1859 1650 tantum
1875 1600 1919 1648 ex
1933 1578 2006 1651 illis
2020 1582 2158 1674 privata
2172 1586 2310 1658 utilitas

275 1679 354 1748 loco
375 1675 559 1758 afferrem,
589 1686 622 1743 et
647 1672 783 1766 aliquid
803 1675 848 1742 de
862 1672 1034 1761 dignitate
1058 1684 1093 1741 et
1112 1670 1266 1742 utilitate
1317 1698 1353 1756 01
1365 1682 1529 1774 voluptas
1549 1680 1693 1774 petitur,

276 1773 404 1848 harum
429 1775 576 1858 fliium,
607 1796 695 1868 qim
716 1766 950 1866 Philosophia
976 1772 1178 1863 profitetur,
1209 1770 1266 1840 di·
1418 1782 1579 1854 Primum
1601 1781 1695 1853 enim
1720 1778 1868 1852 omnino
1883 1778 1962 1850 ilias
1983 1781 2159 1853 malorum
2175 1797 2227 1854 est
2249 1786 2310 1856 in-

277 1901 411 1960 ertem,
440 1876 578 1946 imiimi
608 1876 823 1959 ⁰¹³ii⁰¹¹²¹1¹2
864 1875 902 1942 5¹¹
931 1897 1000 1967 (1¹¹³
1033 1873 1266 1952 ⁰⁸i²¹¹d01¹0¹¹¹2
1318 1885 1457 1956 erudita
1480 1877 1689 1973 Theologia,
1748 1877 1814 1952 Est
1828 1880 1925 1951 enim
1946 1882 2156 1954 confusanea
2172 1887 2309 1957 doctri-

275 1976 453 2050 Ecclesiae
468 1999 557 2067 opus
568 2000 641 2046 esse
654 1975 794 2046 liberali
808 1974 1025 2059 eruditione,
1050 1988 1084 2046 et
1098 1996 1172 2044 non
1188 1986 1266 2043 tan-
1318 2011 1384 2072 na,
1417 1987 1456 2055 ῐῃ
1477 2007 1547 2079 qua
1576 2006 1724 2074 magnae
1743 2005 1799 2052 res
1824 2006 1899 2053 non
1923 1983 2143 2076 explicantur
2168 1987 2311 2076 diserte,

158 2074 161 2080 ’
276 2094 353 2151 lum
379 2078 581 2170 cognitione
603 2073 879 2160 Grammali⁰⁰⁸s
912 2079 972 2146 Sed
995 2075 1101 2146 eiiam
1116 2075 1266 2144 aliarum
1297 2082 1513 2158 'miscentur
1531 2108 1572 2156 ea
1592 2108 1683 2181 quae
1706 2085 1891 2177 oportebat
1912 2085 2067 2177 seiungi,
2100 2111 2224 2158 rursus
2249 2092 2311 2161 illa

278 2182 471 2251 multarum
485 2179 615 2250 artium
632 2193 668 2249 et
680 2172 934 2270 Philosophiae
945 2177 1128 2272 scientia„
1156 2174 1266 2265 Quod
1320 2213 1409 2284 quae
1447 2201 1575 2258 „atum
1614 2185 1784 2277 coniungi
1825 2185 1999 2280 postulat,
2049 2185 2311 2262 distrahuntur,

278 2308 358 2352 rum
371 2283 423 2354 ita
437 2305 511 2352 esse
524 2293 733 2363 statuemus,
756 2292 790 2348 et
802 2281 832 2348 si
849 2279 938 2349 aliae
953 2278 1129 2349 causaead
1144 2278 1263 2347 dicen·
1320 2313 1423 2381 ,appe
1449 2287 1642 2381 pugnantia
1659 2286 1844 2372 dicuntur,
1868 2287 1987 2358 vicina
2006 2290 2229 2381 arripiuntur
2244 2317 2309 2384 pro

279 2387 365 2453 dum
383 2385 558 2468 invitant,
584 2397 701 2475 tamen
719 2382 832 2451 bonae
848 2395 983 2450 mentes
997 2381 1037 2449 in
1051 2375 1148 2450 hunc
1163 2379 1268 2447 linem
1320 2393 1414 2462 veri,
1434 2414 1474 2461 ὃς
1494 2389 1659 2482 proprii&
1717 2388 1901 2459 postremo
1923 2402 1998 2460 gog,
2018 2391 2180 2460 doctrin,
2205 2419 2310 2464 mon,

277 2484 466 2575 praecipue
496 2497 530 2552 et
555 2482 723 2551 acerrime
754 2481 886 2551 iniusti
910 2482 1057 2562 debent.
1087 2494 1129 2550 ul
1152 2477 1267 2549 “ildia
1321 2507 1432 2564 strosa
1448 2505 1516 2577 est,
1541 2505 1576 2562 et
1589 2490 1715 2561 similis
1729 2490 1784 2560 illi
1800 2490 1957 2582 picturae
1969 2494 2063 2584 apud
2079 2489 2285 2567 Horatium:

277 2586 321 2654 ad
353 2585 545 2654 iuvandam
576 2597 609 2653 et
637 2584 833 2651 ornandam
869 2580 1064 2653 Ecclesiam
1098 2580 1269 2665 referant3
1445 2599 1588 2662 nummo
1604 2602 1696 2681 apici
1708 2601 2125 2685 „ntemplatoraqutmm

279 2680 373 2754 nihil
396 2685 491 2766 enim
516 2685 621 2754 bonis
642 2683 782 2753 dulcius
794 2679 973 2753 Ecclesiae
988 2682 1150 2766 nomine,
1177 2677 1270 2751 nihil
1449 2699 1576 2784 lunga,
1590 2704 1617 2764 ,ι
1629 2704 1722 2780 wne,
1747 2715 1777 2763 st
1791 2703 1886 2763 ms„
1899 2703 2041 2763 Mum
2056 2707 2186 2785 plumas.

130 2854 133 2861 .
281 2811 322 2856 ea
339 2787 544 2879 carius'esse
560 2787 675 2855 debet.
739 2781 835 2854 Haec
851 2808 953 2854 causa
968 2783 1119 2855 maxime
1133 2779 1271 2853 hortari
1319 2793 1423 2871 Nihil
1437 2796 1477 2868 in
1493 2791 1737 2880 moltam-01,
1763 2795 1978 2882 minim,
2001 2820 2076 2867 „011
2094 2797 2313 2887 pmgrmio.

140 2927 148 2942 ·
281 2901 315 2957 et
332 2889 483 2958 excitare
496 2911 563 2956 nos
577 2888 700 2968 debet,
727 2899 766 2955 ut
790 2910 927 2955 summa
949 2887 1176 2955 contentione
1191 2884 1270 2954 ani·
1322 2925 1403 2985 110⁸,
1435 2923 1511 2969 non
1539 2898 1653 2969 exim,
1674 2898 1771 2968 temp
1799 2913 1957 2990 Pomm,
2017 2895 2118 2969 Tali,
2147 2900 2312 2969 doctrina

281 3014 422 3058 morum
444 3002 648 3079 expetamus
672 2986 861 3077 perfectam
886 2987 1106 3071 doctrinam,
1141 3010 1182 3056 ex
1200 3010 1270 3080 qua
1322 3012 1609 3094 nonpopegtnon
1626 2998 2110 3090 gignereinfinipogmreg‚
2133 2999 2313 3070 infinitam

281 3093 325 3160 ad
342 3088 519 3181 Rcmpub.
535 3103 568 3159 et
584 3091 628 3157 ad
645 3082 838 3157 Ecclesiam
856 3088 991 3158 utilitas
1012 3087 1131 3182 aliqua
1146 3111 1270 3179 perve-
1322 3102 1608 3195 ᾱῑῃῑρῃῑοῃῃῃ,
1630 3101 1712 3194 quia
1728 3100 1766 3169 ῑῃ
1781 3113 1878 3171 tant,
1894 3100 2100 3173 contagione
2113 3101 2203 3170 ,110⁸
2211 3101 2313 3171 aliud

281 3190 361 3259 nire
384 3188 505 3282 possit.
562 3188 634 3259 Nec
659 3212 745 3257 vero
771 3188 874 3258 nobis
890 3189 1178 3281 praeceptoribus
1194 3189 1273 3280 dig·
1323 3202 1510 3294 intettigtt‚
1535 3215 1570 3274 ει
1592 3202 1677 3272 dum
1699 3225 1803 3274 ,uum
1825 3203 1976 3297 quiaque
1989 3203 2168 3274 ,omnium
2190 3203 2317 3273 defen.

282 3291 364 3359 nior
385 3305 437 3361 est
460 3289 572 3361 oratio
594 3292 639 3360 dc
659 3288 733 3357 ulla
756 3313 794 3362 rc
818 3289 904 3373 alia,
936 3314 1000 3360 nec
1027 3290 1131 3361 bonis
1148 3303 1182 3360 et
1196 3304 1273 3361 stu·
1324 3305 1396 3390 dit,
1430 3302 1789 3376 utgpuustemmina
1815 3316 1849 3373 et
1863 3303 2113 3376 dimam&
2165 3302 2313 3376 {merim

282 3392 391 3463 diesis
414 3393 600 3486 quicquam
620 3388 744 3459 utilius
773 3403 843 3473 en,
874 3414 980 3482 quam
1007 3391 1128 3462 animo
1156 3392 1273 3472 finem,
1323 3406 1556 3477 conscienciae
1583 3405 1838 3499 relinquuntur
1863 3404 2094 3495 amttgentes.
2158 3403 2315 3500 Ecquis

284 3508 319 3567 ei
334 3493 433 3587 quadi
449 3508 579 3563 melam
595 3488 833 3561 honeiiissillli
849 3513 972 3561 Cutil„
985 3492 1204 3584 prospicere,
1228 3494 1272 3562 dd
1323 3507 1444 3578 nullae
1470 3503 1636 3603 Erynngg
1671 3502 1915 3577 vehempnfiug
1950 3508 2110 3579 cruciant
2141 3508 2316 3593 animum,

284 3620 390 3689 quam
406 3596 537 3664 referre
552 3616 614 3664 ⁸¹¹³
633 3591 751 3665 studia
769 3593 913 3666 debent·
1324 3632 1430 3704 quam
1454 3605 1541 3680 haec
1562 3608 1737 3680 dubitatio
1763 3608 1807 3677 de
1834 3607 2026 3698 religione,
2056 3610 2198 3679 tandem
2226 3608 2315 3678 odio

384 3707 531 3783 Adhaec
552 3711 681 3781 artium
708 3709 865 3802 ipsarum
885 3710 1040 3801 dignitas
1062 3724 1096 3784 et
1122 3712 1175 3789 ais
1198 3734 1273 3781 non
1324 3713 1480 3806 quodam
1494 3709 1660 3781 abiicitur
1674 3710 1838 3779 universa
1854 3709 2001 3801 religio,
2025 3709 2160 3780 etfiunt
2174 3724 2315 3781 mentes

283 3814 369 3886 alibi
394 3814 505 3904 magis
533 3812 691 3903 conspici
723 3824 854 3904 potest,
892 3812 1051 3906 quamsi
1082 3813 1274 3898 videamus,
1325 3806 1529 3904 prophanae
1550 3824 1583 3882 et
1599 3808 1807 3904 Epicureae.
2082 3808 2088 3817 ’

284 3931 457 4011 quantum
472 3915 616 4009 opossit
631 3909 938 3999 illisinlleclesia,
963 3914 1105 4008 quantis
1120 3915 1274 3987 tenebris
1426 3910 1518 3984 Cum
1549 3912 1658 4003 igitur
1687 3926 1824 3983 tantum
1854 3907 1984 3983 habeat
2018 3910 2105 3980 mali
2133 3910 2316 3984 inerudita

283 4019 413 4089 obruat
444 4017 581 4086 inscitia
604 4017 834 4107 religionem,
873 4029 1041 4109 quantam
1064 4017 1273 4103 vastitatem,
1325 4007 1539 4105 Theologia,
1571 4014 1674 4084 facile
1695 4013 1846 4085 iudicari
1868 4027 2002 4106 potest,
2032 4007 2209 4083 Ecclesiae
2222 4036 2317 4105 opus

284 4144 391 4214 quam
407 4113 597 4188 horribiles
611 4117 856 4208 dissipationes
871 4112 1129 4201 Ecclesiarum,
1158 4130 1274 4214 quan·
1327 4140 1399 4187 esse
1415 4116 1536 4188 multis
1555 4116 1850 4208 magnisartihus.
1901 4114 1991 4185 Nam
2010 4114 2317 4200 adiudicandum,

285 4236 357 4294 tam
387 4217 585 4288 barbariem
612 4230 646 4286 et
665 4219 908 4286 contusionem
931 4218 1039 4287 totius
1053 4214 1199 4289 humani
1215 4243 1275 4309 ge-
1325 4233 1361 4290 et
1376 4219 1421 4289 ad
1437 4232 1531 4290 recte
1548 4230 1584 4288 et
1598 4216 1755 4288 dilucide
1771 4216 1994 4307 explicandas
2007 4239 2064 4286 res
2081 4215 2262 4287 intricatas
2278 4230 2316 4288 et

285 4318 381 4390 neris
405 4318 528 4409 pariat.
587 4314 683 4386 Haec
703 4318 733 4385 si
758 4319 837 4411 quis
858 4318 1114 4405 considerabit,
1147 4322 1196 4391 its
1212 4323 1274 4390 de-
1310 4321 1511 4401 ⁰obscuras,
1537 4342 1612 4390 non
1636 4317 1720 4389 satis
1739 4329 1790 4389 est
1809 4341 1914 4389 nosse
1935 4313 2021 4390 haec
2040 4316 2198 4407 vulgaria
2214 4341 2316 4411 prae-

284 4445 383 4491 mum
399 4419 597 4489 existimare
618 4418 766 4509 poterit,
791 4430 922 4510 quanta
942 4419 989 4490 sit
1011 4420 1140 4505 artium
1155 4444 1194 4491 ac
1210 4424 1273 4491 do·
1325 4436 1423 4515 cepta
1446 4418 1702 4491 Grammaticos
1727 4434 1761 4493 et
1785 4417 2016 4500 Dialectices‚
2056 4421 2119 4490 sed
2146 4444 2235 4512 opus
2262 4433 2316 4491 est

285 4523 420 4593 ctrinae
437 4520 540 4590 viset
557 4520 776 4610 magnitudo.
856 4604 859 4610 1
1325 4522 1515 4614 multiplici
1537 4520 1716 4609 doctrina3
1754 4522 1864 4592 multa
1885 4521 1983 4591 enim
2005 4523 2216 4593 assumenda
2230 4535 2318 4593 sunt

384 4622 462 4696 Etsi
488 4629 605 4693 autem
629 4622 729 4693 nulla
752 4619 866 4691 oratio
889 4644 954 4714 par
971 4620 1078 4692 tantis
1093 4622 1198 4693 rebus
1215 4648 1275 4694 ex·
1326 4648 1366 4693 er
1383 4619 1563 4718 Physicis,
1593 4623 1705 4695 multa
1728 4648 1769 4693 ex
1790 4618 2022 4713 Philosophia
2044 4621 2174 4694 morali
2193 4623 2317 4694 confe-

285 4726 431 4817 cogitari
449 4738 579 4818 potest,
604 4738 722 4796 tamen
744 4747 825 4794 cum
847 4723 892 4793 ab
906 4725 1079 4816 imperitis
1099 4720 1200 4817 saepe
1220 4749 1273 4795 se-
1326 4725 1435 4795 renda
1453 4737 1536 4794 sunt
1552 4725 1595 4794 ad
1612 4725 1809 4796 doctrinam
1824 4720 2077 4795 Christianam.

284 4843 410 4900 rantur
430 4828 474 4897 de
494 4821 559 4898 hac
581 4851 620 4898 re
649 4850 777 4919 pravae
800 4826 1006 4918 opiniones,
1037 4827 1275 4898 adolescentes
1426 4823 1566 4896 Deinde
1586 4827 1676 4897 duae
1693 4851 1751 4898 res
1771 4839 1873 4910 sunt,
1896 4828 1940 4896 ad
1957 4848 2044 4920 quas
2060 4828 2318 4918 comparandas

284 4931 454 5001 monendi
476 4944 511 5001 et
533 4927 803 5021 praemuniendi
826 4941 927 4999 sunt:
952 4931 1046 5022 quod
1071 4954 1274 5023 quanquam
1325 4953 1415 5020 opus
1428 4941 1480 4998 est
1493 4951 1619 5020 magna
1639 4945 1674 5002 et
1690 4931 1786 4998 varia
1802 4928 1984 5012 doctrina,
2009 4940 2043 4997 et
2057 4928 2161 5016 longa
2179 4928 2316 4997 exerci-

286 5033 325 5101 in
356 5026 487 5103 scholis
514 5033 552 5104 lit
584 5031 913 5124 apraeceptoribus
937 5031 1115 5124 qnotidie,
1156 5045 1273 5102 tamen
1326 5033 1460 5103 tatione
1481 5031 1520 5100 in
1535 5032 1658 5103 moltis
1681 5031 1830 5112 artibus,
1856 5029 2037 5113 videlicet,
2069 5025 2257 5102 methodus
2277 5043 2316 5101 et

283 5135 418 5218 oratio,
449 5156 539 5227 quac
561 5127 628 5203 hoc
656 5127 735 5205 loco
765 5129 916 5204 habetur
945 5134 1087 5223 publico
1117 5134 1274 5218 nomine,
1324 5133 1437 5203 forma
1451 5134 1635 5208 orationis.
1685 5131 1799 5202 Nemo
1812 5130 1908 5200 enim
1924 5130 1999 5201 fieri
2014 5131 2137 5201 artifex
2154 5127 2316 5201 methodi

283 5236 364 5328 plus
380 5233 579 5306 autoritatis
605 5230 736 5306 habere
757 5236 872 5309 dehet
921 5230 987 5305 Est
1000 5236 1094 5304 enim
1110 5237 1273 5304 omnium
1324 5247 1459 5325 potest,
1478 5237 1548 5304 nisi
1565 5237 1654 5305 bene
1670 5246 1704 5303 et
1719 5232 2008 5303 riteassuefactus
2022 5234 2060 5302 in
2069 5226 2322 5325 Philosophia,

282 5337 567 5410 doctissimorum
585 5335 743 5407 virorum
760 5336 800 5405 in
813 5330 880 5407 hoc
896 5360 1059 5407 consessu
1074 5338 1273 5407 communis
1323 5336 1515 5428 etquidem
1538 5339 1575 5406 in
1598 5333 1666 5406 hoc
1682 5358 1755 5404 ono
1775 5357 1903 5424 genero
1919 5331 2193 5426 Philosophiae,
2219 5337 2318 5429 quod

281 5440 474 5544 sententia,
499 5462 606 5534 quam
629 5452 855 5511 contemnere
877 5440 1035 5533 profecto
1049 5438 1156 5512 fucrit
1171 5424 1271 5511 arro-
1321 5437 1478 5510 alienum
1502 5452 1554 5511 est
1570 5464 1591 5510 a
1605 5430 1827 5531 sophistica,
1861 5438 1958 5533 qnod
1982 5437 2167 5512 veritatem
2188 5437 2318 5510 ordine
