4732 6030
162 223 235 304 14⁶
892 217 1058 294 ‚naen
1089 216 1164 292 ou
1199 215 1469 292 vusrrru
1519 312 1523 319 Ι
2132 217 2207 293 146

159 399 269 470 modo
284 397 462 467 bonorum
479 390 640 462 virorum
663 391 814 476 iudicia,
838 395 899 462 sed
921 414 1043 461 omnes
1061 390 1155 481 leges
1205 415 1271 483 pro
1287 388 1464 480 Spartana
1481 387 1756 473 consuetudine,
1784 389 1963 460 iusserunt
1981 391 2121 464 civitate
2139 418 2200 461 ex-

162 511 401 572 contemuant.
439 491 488 565 Et
504 494 534 562 is
550 493 614 586 qui
631 516 729 564 nunc
743 495 885 566 videtur
900 496 1042 579 ludere,
1068 496 1154 564 dum
1207 495 1330 561 cedere
1345 516 1385 561 ac
1401 489 1501 560 domi
1516 489 1657 560 Milesia
1678 512 1847 564 exercere.
1899 490 1995 561 Haec
2008 493 2062 561 illi
2078 494 2117 562 in
2131 489 2197 564 ho·

162 599 227 672 has
250 598 401 691 ineptias
427 597 465 664 in
480 597 609 666 vestitu
629 611 742 680 amat,
766 597 874 688 paulo
890 611 969 687 post
989 596 1156 665 omnibus
1205 593 1330 686 spitem
1352 592 1629 683 constituerunt,
1662 609 1794 685 quanto
1817 595 1938 664 minus
1959 596 2096 665 civibus
2118 620 2199 686 per-

161 704 315 793 legibus,
339 700 508 769 omnibus
524 696 793 786 Magistratibus
809 699 954 769 audebit
969 700 1155 789 oppedere.
1205 696 1298 766 mitti
1321 697 1492 778 debebat,
1520 695 1679 785 exempla
1701 694 1806 765 bonis
1828 721 1867 765 ac
1886 697 2064 767 veteribus
2087 694 2199 766 moriss

159 803 315 876 Tantam
338 802 480 870 ruinam
504 798 578 869 edit
608 822 682 885 res,
711 823 802 893 quae
829 800 975 893 quidem
1007 802 1045 868 iu
1075 824 1156 891 spe·
1205 800 1273 869 bus
1289 797 1478 881 offectura,
1504 796 1541 864 in
1557 797 1706 887 patriam
1729 792 1920 866 invehere?
1952 796 2077 891 Neque
2100 800 2197 868 enim

144 907 249 985 ¹ciem
264 928 373 998 parva
393 902 508 972 videri
528 913 658 991 potest:
685 926 808 971 verum
832 903 1031 993 exemplum
1055 902 1155 972 latis·
1205 903 1280 971 abit
1293 894 1362 969 hoc
1375 899 1451 969 sine
1467 900 1692 990 publicorum
1703 924 1842 969 morum
1858 901 2096 987 corruptione,
2113 902 2198 994 quia

160 1008 249 1080 sime
263 1019 369 1100 patet.
407 1003 498 1074 Nam
515 1027 595 1072 cum
613 1004 720 1072 semel
734 1005 852 1094 legum
868 1005 1033 1095 repagula
1050 1004 1156 1073 effre·
1203 1016 1245 1073 ut
1265 1014 1317 1072 est
1338 1001 1465 1091 vulgus
1487 1016 1614 1072 natura
1635 994 1873 1096 φιλόκαινον,
1898 1003 2015 1072 statim
2041 998 2103 1071 has
2128 1029 2197 1072 nu-

161 1110 300 1201 gerint,
346 1101 461 1176 nihilo
494 1103 660 1195 deinceps
698 1104 871 1176 firmiores
898 1129 1021 1175 omncs
1053 1107 1155 1195 leges,
1204 1127 1264 1193 gas
1286 1102 1464 1186 imitatur,
1500 1116 1533 1172 et
1559 1104 1676 1191 legum
1700 1120 1796 1175 metu
1829 1104 1998 1195 paulatim
2024 1106 2199 1196 deposito,

161 1237 269 1307 qoam
291 1232 500 1280 aranearum
521 1206 608 1275 telas
636 1229 710 1276 esse
733 1208 997 1281 existimabunt.
1048 1204 1097 1279 Et
1114 1220 1155 1277 ut
1203 1230 1358 1276 amorem
1384 1219 1611 1274 externorum
1628 1203 1797 1275 vitiorum
1822 1206 1951 1276 induit.
2001 1202 2135 1300 Estque
2158 1209 2197 1276 in

160 1315 260 1383 scitis
282 1306 378 1407 ἀρχὴ
397 1306 513 1404 ἥμισυ
535 1303 684 1388 παντὸς.
753 1307 862 1397 Quod
885 1335 1088 1403 quanquam
1115 1310 1153 1378 in
1204 1308 1437 1377 maximarum
1452 1307 1636 1376 civitatum
1652 1306 1802 1377 interitu
1819 1309 1949 1391 videre,
1968 1310 2012 1377 ab
2028 1305 2084 1377 his
2097 1310 2197 1401 prin-

159 1414 310 1508 privatis
325 1414 483 1482 moribus
502 1410 624 1479 videre
640 1433 842 1501 possumus,
867 1426 985 1482 tamen
1006 1412 1044 1481 in
1066 1412 1154 1482 civi·
1204 1411 1305 1503 cipiis
1322 1424 1456 1481 caetera
1476 1409 1562 1478 vitia
1581 1422 1657 1478 orta
1675 1431 1760 1482 esse.
1813 1406 1893 1478 lure
1907 1410 2016 1498 igitur
2033 1410 2071 1478 in
2095 1426 2198 1483 auto-

160 1530 276 1588 tatum
299 1514 528 1585 inclinatione
550 1513 679 1582 clarius
702 1514 853 1605 perspici
877 1527 999 1605 potest.
1052 1512 1153 1603 Quae
1203 1535 1257 1582 res
1274 1511 1400 1582 talium
1421 1512 1848 1604 exemplommtanquam
1864 1511 1903 1579 in
1921 1507 2040 1583 hostes
2063 1515 2197 1604 patriae

159 1619 258 1689 enim
280 1617 403 1686 civitas
421 1639 497 1685 non
526 1615 576 1683 ita
599 1615 752 1706 collapsa
771 1616 957 1710 estirquia
978 1641 1058 1686 cum
1078 1616 1154 1708 pri·
1204 1615 1443 1684 severissimae
1473 1637 1608 1705 poenae
1638 1614 1805 1683 constitui
1841 1614 2029 1684 debebant.
2093 1615 2198 1687 Tunc

159 1744 260 1791 mum
277 1709 501 1810 disciplinam
519 1716 557 1784 in
574 1716 693 1807 parvis
706 1718 814 1788 rebus
828 1719 1047 1808 neglexisset,
1067 1718 1154 1787 aluit
1203 1717 1338 1786 bellum
1372 1716 1489 1807 parari
1522 1708 1691 1784 adversus¹
1725 1715 1896 1806 patriam,
1930 1730 2014 1785 tunc
2041 1718 2199 1787 obsideri

161 1821 394 1915 petulantiam
427 1818 545 1908 vulgi,
593 1819 681 1889 adeo
716 1833 757 1891 ut
781 1832 901 1912 postea
928 1820 967 1887 in
992 1819 1155 1888 maximis
1204 1843 1281 1887 eam
1296 1839 1370 1887 non
1387 1818 1491 1900 loris,
1516 1819 1576 1885 sed
1592 1817 1686 1886 intra
1702 1818 1844 1887 moenia
1860 1820 2010 1909 putetis,
2036 1844 2117 1889 cum
2135 1844 2199 1911 pa-

160 1925 267 1994 etiam
282 1925 390 1993 rebus
404 1920 595 2012 imperium
609 1921 822 1991 detrectarit.
872 1919 1058 1989 Praeterea
1073 1944 1154 1990 cum
1204 1918 1454 1989 triusvcstitus
1479 1918 1628 1988 exuitur.
1681 1917 1758 1999 Hos
1779 1944 1859 1989 cum
1882 1920 2076 2011 peregrinis
2100 1924 2198 1991 clan-

158 2026 267 2096 vestis
290 2024 453 2094 imitetur
473 2020 586 2088 animi
608 2023 786 2106 adfectus,
808 2034 849 2092 ut
868 2021 1080 2112 supradixi,
1103 2021 1156 2106 lit,
1204 2022 1340 2092 destina
1365 2021 1505 2090 foedera
1529 2020 1671 2106 fecisse,
1697 2035 1835 2092 etcum
1858 2021 1994 2113 legibus
2016 2023 2054 2091 in
2079 2025 2199 2114 perni-

158 2139 203 2197 ut
216 2127 290 2195 illis
306 2125 391 2216 ipsis
404 2122 657 2213 cupiditatibus
680 2122 826 2194 inclusis
843 2123 881 2192 in
906 2122 1044 2208 animo,
1068 2146 1154 2217 quas
1205 2124 1293 2194 ciem
1319 2123 1451 2214 patriae
1473 2123 1677 2214 conspirare
1704 2124 1946 2210 arbitremini,
1971 2149 2060 2219 quos
2084 2141 2197 2197 exter-

158 2228 277 2320 premi
310 2240 344 2296 et
375 2220 556 2295 coherceri
588 2226 790 2316 oportebat,
829 2225 971 2296 frenum
1002 2227 1154 2296 laxetur.
1203 2250 1333 2296 norum
1359 2238 1464 2318 atque
1487 2219 1644 2296 hostium
1670 2249 1785 2295 mores
1815 2228 1928 2317 magis
1952 2253 2058 2320 quam
2091 2229 2196 2320 patrii

162 2329 257 2402 Sunt
285 2329 348 2423 qui
377 2339 522 2417 propter
547 2326 722 2396 feritatem
744 2326 876 2408 animi,
909 2321 1036 2398 habitu
1057 2328 1154 2397 dele·
1204 2329 1390 2398 delectant.
1442 2324 1524 2395 Non
1540 2328 1634 2397 enim
1652 2323 1712 2397 hic
1733 2329 1848 2399 cultus
1866 2331 1936 2398 alio
1952 2345 2101 2421 spectat,
2129 2331 2198 2400 nisi

161 2445 322 2515 etantur,
341 2431 404 2523 qui
420 2442 591 2499 terrorem
606 2428 827 2499 intuentibus
842 2430 1010 2500 incuciat:
1045 2430 1084 2498 in
1098 2424 1155 2498 his
1205 2455 1267 2515 eo,
1300 2444 1341 2501 ut
1361 2429 1551 2498 domestica
1576 2453 1617 2497 ac
1646 2430 1791 2519 publica
1815 2431 2003 2519 disciplina
2032 2447 2198 2522 corrupta

162 2533 333 2627 quoniam
347 2530 415 2601 sibi
431 2529 634 2618 indulgent,
657 2531 782 2602 crescit
796 2532 928 2606 feritas.
981 2529 1075 2602 Sunt
1092 2530 1156 2624 qui
1205 2527 1321 2601 trahat
1336 2531 1498 2600 omnium
1513 2529 1645 2600 civium
1660 2530 1799 2599 animos
1814 2534 1857 2601 ad
1876 2544 2018 2601 externa
2040 2532 2199 2624 imperia,

161 2649 308 2727 propter
330 2633 521 2704 molliciem
546 2633 657 2701 animi
681 2647 811 2704 ornent
834 2655 872 2704 se
895 2626 1154 2727 propemodum
1206 2633 1408 2727 peregrinas
1446 2633 1635 2721 religiones
1660 2646 1694 2703 et
1723 2632 1843 2703 omnia
1873 2634 2105 2725 turpitudinis
2137 2659 2198 2726 ge-

160 2738 352 2808 mulicrum
374 2758 489 2820 more,
514 2757 604 2827 quos
628 2734 925 2806 effoeminatiores
945 2737 1050 2807 vestis
1072 2737 1156 2805 red·
1206 2761 1289 2806 nera
1305 2735 1521 2827 recipienda.
1575 2733 1647 2804 Sed
1662 2760 1744 2805 cum
1767 2731 1854 2805 haec
1871 2737 2011 2807 novitas
2029 2738 2198 2808 omnibus

162 2840 232 2911 dit:
258 2853 299 2910 ut
321 2840 415 2908 enim
430 2837 539 2906 febris
555 2837 682 2915 alitur,
708 2837 738 2904 si
752 2838 832 2928 quis
847 2838 880 2905 ei
896 2861 1032 2905 morem
1047 2850 1156 2926 gerat,
1205 2835 1414 2909 hominibus
1441 2836 1644 2927 turpissima
1670 2838 1735 2921 sit,
1770 2850 1845 2907 tum
1868 2839 1908 2907 in
1932 2839 2057 2930 primis
2077 2842 2198 2910 abesse

163 2956 198 3013 et
211 2942 322 3025 bibat,
342 2938 518 3032 quidquid
534 2935 656 3003 vitiata
673 2948 800 3004 natura
816 2937 957 3026 expetit,
975 2936 1025 3005 ita
1039 2937 1155 3007 morbi
1206 2966 1227 3011 a
1241 2935 1528 3031 Christianorum
1550 2937 1710 3007 moribus
1724 2939 1892 3023 debebat,
1918 2963 2006 3034 quos
2022 2941 2060 3009 in
2081 2945 2198 3010 omni-

161 3043 275 3113 animi
291 3049 471 3120 crescunt,
496 3035 524 3102 si
550 3033 629 3126 quis
651 3033 701 3103 eis
724 3034 926 3126 indulgeat,
952 3060 1017 3105 nec
1042 3061 1156 3108 reme-
1205 3044 1274 3112 bus
1289 3042 1382 3111 vitae
1400 3039 1558 3131 partibus
1576 3040 1802 3131 praecipuam
1824 3043 2032 3130 gravitatem
2055 3067 2139 3136 prae
2161 3068 2199 3116 se

160 3146 222 3215 dia
255 3151 424 3231 opponat.
481 3134 552 3205 Sed
588 3136 747 3205 omnium
782 3138 932 3207 maxime
954 3153 1092 3211 nocent
1118 3140 1157 3207 in
1207 3145 1300 3212 ferre
1333 3143 1442 3212 decet.
1500 3135 1549 3210 At
1571 3136 1640 3210 hoc
1663 3142 1874 3233 accipimus,
1910 3142 2046 3214 Turcas
2069 3159 2103 3215 et
2121 3148 2197 3238 ple-

160 3263 354 3315 commune
378 3234 435 3322 hi,
466 3237 529 3330 qui
555 3237 671 3326 gentis
692 3238 844 3309 alicuius
867 3254 1031 3310 externae
1049 3241 1156 3312 vesti·
1207 3264 1336 3338 rosque
1360 3245 1531 3314 barbaros
1552 3244 1714 3333 religiose
1738 3246 1892 3336 patrium
1916 3271 2053 3317 morem
2074 3248 2112 3317 in
2137 3275 2200 3319 ve-

161 3360 241 3416 tum
268 3353 403 3412 amant:
443 3352 484 3408 ut
508 3339 604 3407 euim
626 3355 799 3412 amatores
822 3343 1036 3412 amasiarum
1059 3345 1157 3415 colo·
1208 3348 1293 3417 stitu
1326 3347 1490 3417 retinere.
1540 3342 1631 3416 Cum
1666 3361 1785 3417 autem
1820 3343 2044 3418 Christianae
2075 3352 2198 3421 literae

159 3470 238 3518 rem
251 3443 447 3525 imitantur,
467 3441 515 3510 ita
530 3440 590 3510 isti
603 3463 640 3510 se
653 3441 728 3512 eius
744 3443 858 3532 gentis
872 3468 999 3529 mores,
1020 3445 1157 3530 luxum,
1207 3448 1422 3538 singularem
1440 3446 1545 3517 nobis
1559 3450 1791 3533 modestiam,
1811 3474 1852 3518 ac
1868 3452 2138 3543 verecundiam,
2163 3469 2198 3526 et

160 3560 224 3622 aut
239 3546 310 3616 alia
325 3544 412 3615 vitia
426 3566 559 3627 amare,
584 3556 620 3613 et
640 3545 773 3636 patrios
795 3546 885 3616 ritus
900 3570 939 3617 ac
955 3548 1048 3636 leges
1070 3572 1157 3618 con·
1206 3576 1348 3621 morum
1383 3550 1616 3620 constantiam
1649 3551 1882 3640 praecipiant,
1920 3565 2023 3645 turpe
2055 3569 2106 3625 est
2133 3552 2200 3627 hac

161 3663 342 3731 temnere,
362 3640 428 3714 hac
443 3645 588 3715 vestitus
604 3645 803 3718 imitatione
819 3647 1029 3736 significant.
1080 3646 1156 3737 Qui
1207 3666 1307 3745 parte
1336 3653 1488 3721 leviores
1520 3674 1587 3721 nos
1614 3648 1795 3741 perhiberi
1820 3653 1865 3721 iis
1891 3657 2075 3743 gentibus,
2108 3682 2198 3749 quae

159 3750 346 3841 Principes
366 3748 522 3839 primum
543 3744 697 3818 Romam
718 3751 937 3821 advexerunt
956 3751 1156 3823 diademata
1207 3750 1608 3845 Christianapraecepta
1625 3754 1801 3841 ignorant.
1841 3754 1968 3821 Videte
1982 3779 2111 3845 quaeso
2125 3756 2200 3827 Da-

161 3869 198 3926 et
211 3854 397 3945 plerasque
415 3847 617 3939 peregrinas
633 3851 768 3920 vestes?
798 3874 919 3923 nonne
941 3853 996 3922 illi
1016 3854 1079 3946 qui
1095 3877 1157 3923 ve·
1208 3859 1347 3935 videm,
1381 3879 1487 3946 qnam
1507 3855 1697 3939 diligenter
1723 3852 1900 3942 putaverit
1922 3853 1959 3920 in
1981 3849 2198 3945 huiusmodi,

162 3957 297 4027 teribus
318 3953 458 4042 legibus
481 3950 625 4035 deletis,
650 3951 688 4019 in
711 3953 837 4021 urbem
860 3956 1034 4025 obscoena
1059 3978 1156 4024 sacra
1208 3978 1412 4051 quanquam
1430 3953 1547 4043 parvis
1563 3952 1679 4035 rebus,
1703 3955 1871 4021 decorum
1887 3959 2099 4026 servandum
2115 3985 2199 4033 esse.

165 4072 376 4140 exterorum,
396 4068 437 4125 ut
450 4048 688 4139 bacchanalia,
713 4066 894 4144 praeterea
910 4056 1066 4144 exempla
1083 4056 1158 4123 loe-
1210 4057 1245 4128 ls
1267 4054 1363 4124 enim
1384 4077 1463 4123 cum
1486 4053 1609 4142 legatis
1631 4075 1713 4122 suae
1733 4055 1847 4143 gentis
1868 4080 1887 4124 a
1905 4057 2024 4127 vicino
2044 4064 2207 4153 quodam

165 4158 309 4227 dissime
325 4156 529 4250 peregrinae
545 4154 706 4225 luxuriae
720 4156 950 4226 adserebant?
984 4155 1157 4227 Videmus
1208 4158 1307 4247 Rege
1323 4169 1434 4226 vestes
1448 4178 1511 4246 per
1526 4157 1776 4226 coutumeliam
1794 4160 1995 4229 decurtatae
2009 4181 2132 4250 essent,
2160 4152 2202 4238 εἴ

165 4254 237 4329 hoc
263 4273 420 4350 tempore
447 4258 619 4351 quosdam
643 4256 798 4327 Turcico
822 4252 948 4328 habitu
978 4259 1156 4340 delectari,
1208 4261 1320 4333 barba
1335 4271 1456 4328 contra
1472 4281 1607 4327 morem
1621 4281 1699 4328 rasa
1712 4271 1822 4342 essct,
1849 4261 1949 4332 iussit
1969 4277 2009 4333 ut
2025 4265 2062 4332 in
2086 4282 2200 4338 extre-

166 4384 245 4431 non
259 4361 423 4431 ccedoob
444 4360 550 4429 aliam
571 4382 730 4442 causam,
757 4359 827 4436 nisi
843 4360 926 4453 quia
944 4374 1084 4433 nostrae
1100 4385 1158 4432 re-
1209 4388 1268 4433 mo
1292 4361 1392 4451 regni
1416 4359 1547 4452 oppido
1577 4384 1613 4430 se
1639 4373 1818 4442 tenerent,
1852 4386 1917 4432 nec
1944 4367 2130 4455 prodirent
2160 4375 2200 4440 in

163 4463 315 4553 ligionis
334 4476 378 4534 ¹et
406 4463 523 4552 legum
558 4475 758 4531 nostrarum
793 4463 933 4534 satietas
962 4487 1022 4533 eos
1054 4464 1158 4555 cepit,
1209 4465 1413 4557 publicum,
1447 4465 1561 4532 donec
1593 4463 1701 4532 barba
1731 4464 1907 4536 crevisset.
1969 4467 2068 4556 Quid
2101 4474 2202 4545 aliud

163 4589 258 4661 qnos
284 4564 451 4658 quoniam
476 4577 621 4635 externa
649 4564 797 4655 imperia
828 4577 1009 4655 expetere,
1041 4589 1158 4635 mores
1211 4567 1359 4637 sensisse
1383 4564 1643 4634 sanctissimum
1670 4563 1804 4655 Regem
1829 4570 1991 4649 creditis,
2027 4598 2133 4664 quam
2157 4581 2202 4647 ad

162 4667 428 4761 religionesque
443 4690 562 4737 amare
578 4678 740 4757 apparet,
764 4689 838 4736 non
856 4666 982 4737 dubito
1008 4691 1067 4737 eos
1089 4663 1159 4738 ho·
1210 4670 1365 4740 officium
1389 4667 1477 4739 boni
1491 4665 1558 4734 viri
1577 4667 1753 4755 pertinere
1774 4663 2024 4764 huncquoque
2048 4677 2204 4766 diligen·

163 4786 235 4843 stes
249 4770 387 4863 patriae
399 4771 586 4861 appellare.
639 4764 724 4836 Non
738 4768 985 4841 enimtantum
1002 4770 1068 4850 illi,
1096 4771 1159 4863 qui
1211 4774 1296 4844 tiam
1314 4769 1600 4861 cautionemque,
1625 4792 1670 4838 ne
1686 4792 1813 4858 genere
1829 4773 1993 4858 vestitos,
2020 4792 2078 4846 aut
2101 4782 2204 4850 simi-
2255 4763 2302 4791 “’“

164 4873 255 4946 foris
276 4896 375 4944 arma
398 4884 527 4963 gerunt
549 4864 717 4951 adversus
745 4870 914 4961 patriam,
948 4866 1065 4942 hostes
1089 4897 1158 4963 pu·
1211 4875 1306 4943 libus
1323 4873 1446 4951 rebus,
1473 4872 1680 4963 cuiusquam
1695 4872 1816 4941 oculos
1832 4873 2013 4946 offendat?
2048 4877 2097 4953 At
2111 4880 2204 4955 hanc

163 4975 268 5047 tandi
282 4988 383 5060 sunt,
409 4975 471 5042 sed
492 4974 606 5042 multo
620 4971 731 5061 magis
753 4971 831 5064 isti,
857 4974 919 5066 qui
934 4974 1158 5067 disciplinam
1212 4973 1434 5064 diligentiam
1470 4973 1621 5041 maxime
1655 4995 1721 5041 nos
1760 4969 1985 5047 scholasticos
2027 5000 2205 5071 praestare

164 5072 325 5162 civilem,
351 5077 416 5170 qui
436 5073 609 5144 maiorum
633 5074 794 5144 instituta
817 5070 910 5143 nihil
929 5077 1027 5145 adse
1050 5076 1161 5168 perti·
1212 5079 1381 5169 oportuit.
1432 5073 1502 5145 Sed
1526 5099 1547 5144 o
1568 5073 1684 5144 Deum
1713 5076 1970 5162 immortalem,
2004 5085 2084 5176 quis
2105 5094 2206 5175 ordo,

164 5200 252 5251 uere
266 5179 498 5260 arbitrantur,
522 5176 610 5245 alios
624 5200 741 5245 mores
757 5176 843 5246 foris
858 5191 1049 5247 accersunt.
1076 5178 1161 5251 ¹La·
1213 5181 1308 5274 quod
1332 5201 1443 5268 genus
1464 5190 1515 5246 est
1536 5171 1742 5260 hominum,
1769 5180 1831 5273 qui
1847 5177 1910 5252 has
1929 5184 2079 5277 ineptias
2093 5194 2204 5279 magis

164 5276 584 5370 cedaemoniihospitem
607 5276 790 5349 Milesium
818 5303 898 5348 cum
922 5279 1000 5349 aliis
1023 5281 1161 5351 deliciis
1214 5297 1333 5354 ament
1348 5304 1454 5375 quam
1470 5275 1694 5349 scholastici?
1744 5279 1914 5354 Militaris
1937 5289 2123 5381 plerosque
2142 5289 2206 5359 ha.

128 5410 133 5417 ·
164 5386 406 5469 adfluentem,
432 5396 509 5452 tum
529 5380 716 5559 invvestitu
738 5380 1035 5475 sumptuosiorem
1053 5408 1160 5476 quam
1213 5386 1309 5458 bitus
1331 5385 1498 5467 delectat,
1532 5406 1637 5474 quem
1668 5408 1743 5455 non
1767 5409 1840 5458 uno
1866 5391 1973 5457 modo
1997 5391 2208 5483 deformant,

217 5494 399 5560 dlectare.
427 5489 532 5557 Orsa.
593 5512 641 5556 os.
671 5480 756 5555 ΧΙ.ι
1547 5485 1596 5556 10
