4732 6030
93 333 168 410 846
592 323 752 401 DECL.
788 324 861 398 DE
895 324 1098 400 DlCTO:
1134 326 1323 401 TYPUS
1355 320 1507 399 ESTO
1538 342 1634 397 nro.
2060 321 2135 398 846

90 507 177 579 Non
192 505 299 599 pingo
313 500 430 570 ideam
448 499 621 589 perfectae
638 497 795 583 virtutis,
822 500 883 569 sed
902 497 1086 589 possibilia
1138 511 1270 591 peteret
1295 498 1488 588 imperator
1512 494 1768 566 Constantinus
1792 516 1811 562 a
1833 492 2044 585 quibusdam
2060 488 2132 565 Ec-

90 609 276 702 p'raecepta
290 602 491 675 recitamus.
541 594 656 670 Vitari
671 614 763 672 certe
779 595 864 670 haec
881 600 1085 691 turpissima
1138 601 1252 670 clesiis
1268 600 1306 668 in
1319 595 1486 683 Oriente,
1512 597 1668 669 utPasca
1686 596 1815 667 usitato
1832 596 1890 664 die
1906 597 2050 667 caeteris
2066 621 2125 667 ce-

91 705 502 802 etpossuntetdebent,
528 701 669 791 ignavia
692 714 726 772 et
749 702 983 793 impudentia.
1036 700 1085 775 Et
1136 702 1331 786 lebrarent,
1364 717 1404 772 ut
1425 702 1552 771 laetior
1576 701 1651 791 ipse
1674 700 1713 767 in
1734 721 1854 767 earum
1877 693 2061 784 Ecclesiis,
2093 702 2125 771 si

91 814 177 905 quid
193 808 376 900 indignius
392 819 459 889 est,
482 826 590 898 quam
609 828 689 874 cum
705 804 784 875 loco
797 802 867 875 Dei
883 829 1005 875 vocem
1026 806 1084 874 di·
1135 807 1278 897 quando
1297 828 1337 873 eo
1353 805 1522 888 venisset,
1554 803 1662 872 simul
1680 802 1855 871 celebrare
1871 796 1978 868 Passa
1995 816 2123 890 posset.

30 997 32 1000 ι
73 913 209 993 vinam
234 908 361 981 sonare
381 908 527 991 debeas,
560 919 784 976 tamencum
807 931 881 977 non
904 907 1081 997 intelligas
1133 906 1216 976 Non
1241 907 1309 987 fuit
1333 930 1388 975 res
1410 905 1517 994 digna
1543 904 1772 974 contentione
1793 903 1830 970 in
1854 916 2018 971 neutram
2038 927 2122 993 par-

24 1014 26 1018 ‘
89 1005 289 1085 doctrinam
309 1010 511 1093 coelestem,
543 1010 710 1078 audacter
730 1023 766 1080 et
787 1010 1016 1103 impudenter
1039 1034 1080 1079 ex
1133 1021 1215 1084 tem.
1256 1006 1326 1077 Sed
1341 1008 1463 1078 fuisset
1478 1008 1656 1077 laudanda
1673 1006 1819 1086 lenitas,
1845 1007 1874 1075 si
1891 1001 2050 1073 Audiani
2067 1020 2122 1076 to-

89 1115 186 1204 vulgi
201 1112 427 1182 sermonibus
444 1121 609 1179 consutos
625 1121 790 1180 centones
812 1111 851 1179 in
878 1107 974 1182 hunc
999 1134 1078 1180 coe·
1132 1125 1204 1181 tam
1229 1110 1327 1179 illam
1347 1111 1608 1179 contentionem
1626 1109 1767 1180 silentio
1787 1105 2002 1177 obruissent.
2053 1105 2121 1177 Ce-

87 1209 164 1288 tum
178 1216 334 1299 adferre,
358 1214 399 1281 in
414 1212 543 1306 quibus
556 1211 661 1280 etiam
676 1210 706 1279 si
724 1236 793 1305 qua
813 1214 975 1289 ⁴membra
996 1238 1076 1283 vera
1131 1215 1224 1283 dunt
1239 1213 1334 1287 inter
1349 1234 1385 1282 se
1403 1214 1506 1282 orbes
1521 1212 1686 1281 coelestes
1700 1209 1800 1280 miris
1818 1209 2054 1294 anfractibus,
2079 1222 2120 1279 ut

87 1331 188 1397 sunt,
223 1329 341 1386 tamm
364 1315 475 1383 multa
498 1311 586 1382 falsa
611 1312 826 1396 miscentur,
862 1327 896 1385 et
925 1316 1077 1385 maxima
1130 1338 1229 1385 suam
1245 1309 1469 1385 harmoniam
1485 1329 1519 1385 et
1534 1314 1759 1385 concordiam
1775 1337 1816 1381 eo
1830 1310 1930 1405 quasi
1946 1311 2118 1403 obsequio

86 1441 168 1510 pars
182 1417 345 1504 continet,
355 1415 530 1485 virulenta
547 1427 609 1484 aut
623 1415 784 1485 scurrilia
799 1416 970 1502 convicia,
993 1416 1075 1511 quia
1129 1430 1305 1490 tueantur.
1368 1433 1376 1446 ‘

86 1516 144 1588 his
164 1519 337 1611 parergis,
370 1540 449 1588 cum
474 1516 754 1606 petulantissime
781 1518 966 1598 dicuntur,
1001 1544 1075 1588 ma·
1231 1519 1432 1589 Teneamus
1449 1516 1557 1606 igitur
1576 1515 1779 1597 discrimen.
1818 1512 1941 1583 Simus
1953 1512 1991 1580 in
2011 1513 2117 1583 rebus

85 1622 178 1690 xime
209 1618 377 1690 delectari
409 1631 443 1688 et
473 1618 621 1687 retineri
642 1618 784 1690 stultam
806 1618 1073 1699 multitudinem
1127 1621 1332 1691 necessariis
1347 1620 1441 1689 firmi
1457 1632 1491 1688 et
1505 1630 1721 1688 constantes:
1752 1617 1790 1684 in
1805 1615 1884 1684 aliis
1898 1639 1978 1684 cum
1993 1610 2117 1683 Eccle-

83 1723 212 1795 sciunt.
1126 1722 1198 1791 siae
1220 1722 1354 1804 utilitas
1371 1720 1542 1814 postulat,
1568 1722 1794 1790 moderemur
1816 1716 1964 1786 consilia
1986 1716 2117 1805 proba-

186 1820 402 1912 Quanquam'
434 1829 551 1888 autem
584 1821 627 1888 de
659 1823 767 1889 modo
792 1822 946 1890 docendi
971 1821 1074 1912 plura
1125 1823 1191 1893 hili
1208 1817 1388 1897 ἐπιείκεια.
1436 1871 1437 1874 =

83 1923 234 1993 dicenda
250 1932 375 2003 essent,
397 1933 514 1989 tamen
527 1919 598 1988 iam
613 1934 757 2012 propter
772 1923 970 2012 angustiam
985 1937 1074 1991 tem·
1156 1988 1160 1994 .
1227 1924 1341 2014 Addit
1367 1922 1516 1991 Paulus:
1556 1919 1598 1990 In
1625 1921 1715 2004 fide,
1746 1920 1784 1987 id
1816 1935 1886 2003 est,
1919 1917 2049 1987 fiducia
2080 1928 2113 1986 et

82 2026 191 2118 poris,
212 2025 255 2092 ad
274 2035 427 2090 caeteras
440 2020 588 2090 virtutes
601 2045 763 2112 propero,
783 2046 915 2116 vosque
930 2035 1074 2114 propter
1126 2025 1365 2116 expectatione
1381 2023 1496 2093 divini
1513 2023 1635 2092 auxilii
1650 2024 1688 2091 in
1704 2020 1941 2112 periculorum
1958 2019 2115 2089 toleran-

81 2127 290 2193 mandatum
316 2136 350 2192 et
373 2120 522 2210 gloriam
548 2122 620 2190 Dei
642 2122 818 2208 obtestor,
851 2123 891 2193 in
913 2125 1073 2194 docendo
1125 2125 1184 2199 tia.
1235 2125 1290 2196 De
1314 2127 1446 2196 virtute
1469 2124 1617 2210 eximia,
1651 2136 1685 2193 et
1709 2121 1874 2213 inprimis
1901 2122 1938 2189 in
1956 2117 2113 2190 Ecclesia

82 2226 188 2295 fidem
214 2238 250 2295 et
271 2222 490 2312 diligentiam
517 2219 594 2292 Deo
623 2224 779 2293 debitam
801 2228 1004 2317 praestetis,
1039 2238 1073 2294 et
1119 2221 1329 2307 necessaria,
1356 2226 1588 2318 praecipitur,
1613 2228 1657 2295 de
1672 2250 1741 2319 qua
1758 2224 1946 2312 diligenter
1962 2221 2113 2318 docendi

39 2390 40 2393 ,
74 2327 218 2417 eligatis
234 2349 289 2397 res
305 2323 532 2410 necessarias,
559 2337 593 2395 et
608 2325 806 2395 doctrinam
824 2328 994 2398 modestia
1012 2351 1071 2396 ve·
1124 2328 1394 2400 sunthomines.
1443 2324 1491 2397 Et
1512 2341 1553 2397 ut
1572 2328 1808 2415 intelligatur,
1834 2323 2020 2395 bominum
2044 2338 2115 2393 tre-

80 2442 151 2499 stra
172 2427 317 2498 ornetis.
1124 2431 1322 2521 pidationes
1339 2446 1372 2501 et
1386 2430 1532 2498 consilia
1548 2430 1586 2496 in
1601 2429 1767 2519 periculis
1783 2428 2003 2517 aspiciamus.
2031 2423 2115 2494 Usia

182 2528 308 2599 Postea
326 2529 370 2597 de
384 2527 544 2597 moribus
564 2526 725 2620 loquitur
741 2524 893 2614 Paulus,
918 2543 952 2601 et
975 2530 1073 2598 iubet
1124 2533 1334 2603 tatissimum
1353 2544 1422 2610 est,
1452 2532 1637 2599 decurrere
1654 2525 1816 2597 homines
1832 2529 1868 2595 in
1887 2525 2053 2617 periculis
2069 2526 2114 2592 ad
2131 2517 2133 2522 ’
2201 2592 2206 2603 ,

80 2655 146 2700 nos
162 2630 320 2722 exemplo
336 2628 414 2700 aliis
432 2651 515 2702 esse.
567 2630 608 2695 In
633 2630 918 2716 conversatione,
949 2631 986 2699 id
1010 2643 1072 2711 est,

80 2733 120 2800 in
138 2747 279 2802 externa
304 2730 491 2824 disciplina
516 2724 682 2816 honesta,
708 2730 805 2800 iuxta
828 2733 948 2801 omnia
970 2757 1072 2824 prae-

80 2848 180 2925 cepta
199 2831 369 2924 decalogi.
418 2831 511 2902 Cum
534 2831 629 2898 enim
649 2833 812 2900 nominat
832 2835 1071 2903 conversatio-

79 2960 180 3022 nem,
205 2937 249 3006 de
266 2948 341 3006 toto
357 2954 483 3021 genere
505 2944 728 3000 externarum
749 2932 929 3000 actionum
955 2935 1072 3025 loqui-

79 3050 148 3122 tur,
173 3038 269 3128 quod
288 3035 414 3103 usitate
430 3053 596 3100 vocamus
611 3029 780 3100 iustitiam
798 3034 1046 3106 universalem.

183 3136 254 3206 Sed
271 3133 388 3204 addit:
424 3130 466 3199 ln
486 3130 695 3216 dilectione,
727 3133 857 3215 idest,
890 3159 964 3203 non
988 3136 1071 3204 satis

79 3251 128 3309 est
153 3237 310 3307 actiones
335 3247 496 3304 externas
520 3233 718 3323 inculpatas
740 3257 832 3320 esse,
862 3250 902 3305 ut
927 3237 1069 3307 suntin

79 3339 202 3409 multis
218 3334 428 3432 hypocritis:
447 3335 508 3404 sed
525 3334 570 3407 sit
587 3336 800 3430 verasscordis
816 3336 960 3408 dilectio
977 3339 1070 3408 inter

79 3466 154 3514 vos.
222 3436 353 3511 Absint
381 3436 566 3530 superbia,
604 3439 734 3517 fastus,
774 3438 992 3526 invidentia,
1035 3454 1069 3512 et

78 3541 270 3613 aemulatio
301 3538 465 3624 Cainica,
516 3533 758 3633 φιλονεικεία,
805 3542 1066 3622 malevolentia,

76 3644 188 3730 livor,
234 3637 461 3735 κάκοήθεια,
509 3639 736 3723 obtrectatio,
782 3640 956 3730 cupiditas
987 3642 1067 3709 vin-

76 3747 209 3830 dictae,
234 3746 405 3827 insidiae,
431 3741 644 3812 calumniae:
671 3742 730 3808 sed
746 3741 791 3810 sit
814 3765 896 3810 vera
911 3742 1067 3811 benevo-

76 3849 185 3919 lentia
219 3848 314 3917 inter
346 3844 496 3933 collegas
528 3842 686 3910 muneris
719 3842 881 3912 omnium
925 3845 1067 3925 summi,

76 3975 168 4043 quae
189 3947 415 4019 concordiam
428 3945 501 4015 alat
516 3957 550 4013 et
566 3956 723 4028 tueatur,
749 3945 980 4014 necessariam
996 3941 1068 4015 Ec-

76 4051 218 4120 clesiae:
254 4051 338 4143 quia
363 4046 540 4118 discordia
564 4044 768 4114 docentium
800 4046 920 4117 turbat
940 4046 979 4115 in
1003 4070 1067 4136 po·

75 4151 162 4244 pulo
177 4151 309 4221 indicia
324 4154 367 4221 de
382 4148 556 4228 doctrina,
577 4161 611 4218 et
626 4146 786 4217 accendit
802 4147 925 4218 odium
940 4149 1067 4218 adver-

76 4277 137 4324 sus
152 4276 249 4335 eam,
276 4265 310 4321 et
325 4250 498 4341 extinguit
510 4248 784 4322 invocationem.

179 4351 308 4423 Addit:
335 4351 379 4421 ln
393 4353 540 4444 spiritu,
567 4352 605 4421 id
624 4362 699 4436 est,
725 4350 800 4420 zelo
817 4349 974 4442 spiritus.
1011 4350 1067 4423 Sit

75 4455 219 4527 dilectio
235 4454 273 4522 in
290 4454 411 4525 nobis:
442 4455 502 4522 sed
518 4467 636 4524 tamen
652 4453 724 4541 ita,
748 4477 794 4522 ne
811 4476 947 4526 errores
962 4467 997 4525 et
1011 4454 1066 4531 vi-

73 4559 123 4630 tia
141 4557 391 4627 confirmemus
413 4567 532 4624 nostra
550 4555 793 4646 indulgentie,
817 4557 878 4626 sed
900 4557 1064 4648 petulan-

73 4662 123 4733 tia
136 4658 280 4749 ingenia
300 4680 418 4728 severe
437 4648 700 4744 coherceamus,
732 4682 778 4728 ne
800 4658 917 4749 spargi
938 4680 1064 4752 pravas

75 4763 262 4855 opiniones
278 4758 454 4841 sinamus,
481 4781 547 4827 nec
568 4782 707 4828 morum
730 4761 970 4855 turpitudines
990 4760 1063 4830 dis-

72 4865 294 4937 simulemus.

174 4962 224 5039 Et
245 4963 391 5058 quidem
414 4958 548 5031 iudicio
563 4958 710 5051 spiritus
725 4964 869 5051 negocia
885 4964 1062 5035 discerna-

70 5091 171 5153 mus,
194 5081 234 5137 ut
259 5064 324 5136 ubi
346 5065 578 5156 pugnandum
602 5061 669 5147 sit,
703 5063 766 5137 ubi
788 5064 914 5136 lenitas
938 5066 1062 5136 utilior

72 5170 149 5254 sit,
161 5167 433 5238 consideremus.
480 5163 578 5233 Haec
592 5164 735 5256 propria
751 5180 834 5236 sunt
850 5166 975 5238 iudicii
988 5170 1062 5260 spi-

1124 2628 1278 2704 humana
1305 2632 1500 2725 praesidia,
1533 2620 1638 2703 etiam
1660 2630 1737 2698 sine
1761 2631 1905 2698 ordine:
1938 2642 1978 2697 ut
1996 2621 2115 2696 Achas

1125 2761 1198 2805 non
1215 2738 1293 2806 vult
1309 2736 1432 2806 audire
1446 2731 1607 2818 Esaiam,
1634 2733 1696 2825 qui
1719 2745 1812 2802 vetat
1836 2755 1915 2801 eum
1939 2750 2114 2798 accersere

1124 2839 1315 2929 impiorum
1349 2861 1469 2927 regum
1504 2836 1654 2917 auxilia,
1676 2835 1773 2926 'quia
1800 2834 1944 2901 difficile
1968 2844 2019 2899 est
2043 2830 2112 2899 fide

1124 2955 1303 3032 expectare
1318 2938 1558 3008 defensionem
1575 2934 1693 3009 aDeo.
1724 2934 1792 3005 Sed
1813 2934 1955 3026 politica
1972 2931 2113 3023 sapien-

1123 3042 1171 3111 tia
1188 3044 1264 3111 vult
1280 3064 1353 3110 esse
1371 3052 1504 3109 armata
1518 3037 1739 3121 foederibus,
1760 3037 1983 3119 exercitibus,
2008 3048 2042 3104 et
2057 3057 2114 3102 re-

1122 3143 1222 3235 liquo
1239 3144 1409 3232 adparatu
1426 3139 1571 3212 visibili.
1623 3138 1692 3207 Hic
1706 3162 1806 3207 error
1828 3138 1953 3207 evertit
1973 3136 2114 3220 multos,

1122 3243 1195 3312 imo
1219 3238 1306 3313 haec
1329 3243 1405 3335 ipsa
1425 3243 1566 3310 foedera
1591 3240 1713 3308 multis
1735 3240 1843 3308 exitio
1858 3240 2024 3322 fuerunt,
2052 3236 2114 3329 qui

1122 3370 1201 3415 cum
1218 3339 1285 3413 hac
1302 3343 1460 3435 potentia
1482 3341 1605 3411 confisi
1627 3364 1684 3409 res
1702 3341 1916 3432 periculosas
1939 3339 2112 3429 suscepis-

1121 3443 1396 3535 sent,‘tandem
1420 3457 1607 3514 senserunt
1631 3467 1706 3510 non
1728 3445 1942 3532 respondere
1966 3453 2113 3522 eventus

1120 3549 1192 3617 illis
1208 3547 1373 3637 politicae
1390 3544 1583 3635 sapientiae
1597 3542 1766 3613 consiliis.
1793 3557 1827 3612 et
1848 3542 1978 3611 similia
1991 3541 2112 3633 priva-

1120 3650 1165 3718 tis
1181 3661 1215 3716 et
1230 3646 1528 3735 gubernatoribus
1541 3645 1726 3728 accidunt,
1752 3645 1814 3736 qui
1829 3658 1966 3714 tantum
1981 3644 2024 3712 ad
2041 3637 2112 3713 hu—

1119 3771 1224 3817 mana
1243 3747 1417 3836 praesidia
1432 3747 1621 3835 confugere
1642 3745 1768 3819 solent.

1222 3845 1428 3918 Praeluceat
1449 3848 1559 3937 igitur
1583 3845 1670 3914 fides
1694 3844 1896 3914 docentium
1922 3843 2056 3936 populo
2078 3858 2115 3915 et

1121 3947 1366 4038 Principibus.
1417 3946 1516 4016 Haec
1533 3959 1694 4031 moneat,
1733 3945 1890 4038 nequid
1915 3959 2021 4036 agant
2041 3945 2113 4014 nisi

1119 4049 1331 4120 necessaria:
1366 4063 1400 4119 et
1421 4072 1502 4119 suas
1525 4042 1721 4134 Ecclesias,
1745 4070 1826 4118 suas
1847 4047 2006 4136 politias,
2035 4072 2113 4117 mo·
2198 4095 2209 4105 -

1119 4155 1217 4224 deste
1231 4174 1359 4222 ornare
1375 4153 1558 4235 studeant,
1591 4164 1626 4222 et
1648 4149 1743 4221 intra
1764 4161 1875 4221 metas
1897 4172 1981 4222 suae
2006 4173 2111 4219 voca-

1119 4254 1228 4325 tionis
1251 4277 1288 4324 se
1311 4254 1528 4324 contineant.
1587 4247 1637 4323 Et
1660 4250 1699 4322 in
1723 4250 1781 4324 sui
1803 4252 1962 4321 muneris
1985 4251 2112 4337 officiis

1119 4369 1300 4448 expectent
1313 4355 1486 4426 auxilium
1508 4368 1543 4426 et
1555 4354 1799 4425 defensionem
1823 4376 1843 4423 a
1864 4349 1956 4432 Deo.
2006 4350 2111 4424 Hanc

1118 4458 1327 4551 sapientiam
1347 4454 1527 4529 Ecclesiae
1548 4457 1737 4549 propriam
1765 4469 1800 4526 et
1823 4455 2022 4546 intelligere
2044 4478 2112 4526 nos

1118 4574 1277 4652 oportet,
1309 4561 1402 4632 etde
1418 4585 1457 4630 ea
1472 4559 1646 4650 populum
1662 4560 1811 4639 docere,
1841 4580 1888 4625 ne
1911 4581 1952 4626 ex
1976 4556 2112 4648 praesi-

1117 4663 1188 4734 diis
1202 4659 1368 4733 bumanis
1385 4662 1561 4752 pendens,
1586 4658 1817 4730 obliviscatur
1834 4654 1914 4730 Dei.

1218 4759 1272 4834 Ac
1288 4761 1392 4832 nobis
1407 4762 1608 4855 pastoribus
1621 4755 1688 4831 hac
1709 4758 1953 4831 consolatione
1976 4758 2114 4850 praeci-

1116 4891 1186 4959 pue
1210 4887 1299 4957 opus
1323 4877 1384 4935 est.
1435 4863 1576 4936 Scimus
1597 4863 1729 4933 multos
1751 4876 1786 4934 et
1808 4873 1969 4953 potentes
1994 4857 2114 4932 hostes

1115 4991 1190 5038 esse
1203 4962 1410 5056 Evangelii,
1436 4967 1499 5060 qui
1514 4979 1549 5037 et
1564 4987 1630 5034 nos
1644 4978 1678 5036 et
1692 4961 1868 5035 Ecclesias
1885 4976 2029 5037 nostras
2051 4964 2114 5033 de·

1115 5072 1189 5141 lere
1211 5070 1377 5161 cupiunt:
1419 5081 1454 5138 et
1482 5065 1863 5145 defensionem-nostri
1888 5090 1964 5137 non
1991 5065 2114 5145 multis

1115 5196 1219 5244 curae
1250 5196 1333 5242 esse.
1409 5169 1479 5241 Sed
1515 5195 1590 5240 non
1620 5170 1826 5240 abiiciamus
1854 5169 2113 5260 professionem

70 5271 172 5342 ritus.
211 5268 285 5340 Nec
302 5267 399 5338 enim
420 5266 636 5337 laudandum
653 5280 706 5337 est
722 5267 911 5363 consilium
928 5294 1062 5358 eorum,
1113 5274 1297 5345 doetrinae
1311 5273 1413 5345 fracti
1428 5286 1542 5344 metu:
1570 5273 1629 5344 sed
1647 5286 1742 5343 certo
1758 5285 1975 5354 statuamus,
1997 5267 2113 5339 Deum

70 5373 134 5467 qui
149 5384 294 5463 propter
317 5369 545 5463 pertinaciam
569 5370 608 5437 in
631 5370 738 5441 rebus
759 5393 834 5440 non
855 5374 1060 5442 necessariis
1112 5379 1294 5448 custodem
1316 5379 1393 5446 fore
1421 5387 1455 5444 et
1478 5373 1681 5447 docentium
1713 5387 1748 5444 et
1767 5370 2028 5453 Ecclesiarum,
2069 5380 2111 5441 ut

68 5475 127 5544 vel
154 5474 349 5561 disserunt,
380 5472 437 5544 vel
460 5465 664 5543 distrahunt
682 5468 880 5568 Ecclesias,
914 5488 954 5545 ut
977 5499 1058 5545 cum
1111 5479 1366 5573 scriptumest:
1394 5470 1531 5549 Omnes
1553 5477 1674 5568 capilli
1699 5475 1824 5567 capitis
1844 5471 1953 5543 vestri
1980 5493 2109 5541 nume-
