4732 6030
239 304 315 382 315
627 283 785 362 naen
822 276 907 381 ,DE
940 275 1179 356 srtjmts
1211 276 1323 362 mr.
1353 277 1473 360 NON
1504 276 1893 366 DESERENDIS.
2208 293 2330 399 816Δ

345 475 477 547 Veniat
506 464 575 540 boc
599 483 742 557 quoqne
773 457 813 527 in
838 467 1014 540 mentem,
1049 452 1114 525 etsi
1144 450 1234 522 aliae
1287 478 1371 548 ego,
1396 455 1482 526 nolo
1496 466 1647 526 mortem
1665 456 1875 547 peccatoris,
1901 459 1962 530 sed
1983 472 2024 531 ut
2042 477 2297 549 convertatur,

246 604 371 657 causae
389 587 473 649 snut
492 568 667 665 potiores,
697 584 806 656 quare
823 555 981 630 Ecclesia
1002 569 1075 626 lam
1099 554 1235 627 duriter
1287 573 1322 630 et
1340 559 1452 629 vivat:
1484 558 1613 629 surdae
1638 571 1772 628 mentes
1799 570 1905 651 atque
1930 585 2035 632 aures
2059 578 2164 648 sunt,
2198 594 2297 662 quae

248 694 441 756 exercetur:
467 688 586 745 tamen
605 665 712 736 simul
733 660 789 733 his
805 658 1063 730 calamitatibus
1079 681 1237 728 commo·
1288 685 1354 731 nec
1384 660 1675 754 promissionem,
1706 682 1772 728 nec
1797 658 2047 735 iusiurandum
2075 668 2201 739 audire
2225 697 2297 741 vo-

249 782 371 856 nefieri
396 781 508 849 bonas
528 782 682 853 mentes,
712 779 753 836 ut
773 763 884 834 sciant
909 784 1020 852 genus
1040 753 1238 829 humanum
1290 765 1389 847 lunt,
1422 765 1483 831 sed
1509 763 1637 831 docent
1663 761 1886 832 retinendam
1914 789 1988 836 esse
2014 769 2297 857 dubitationem

249 909 325 958 non
341 883 386 953 ad
402 876 494 948 hanc
509 887 648 946 tantum
664 886 909 939 aerumnosam
923 863 1033 932 vitam
1056 861 1241 931 conditum
1291 863 1439 957 perinde
1453 878 1494 934 ut
1508 859 1630 932 haeret
1646 862 1685 929 in
1693 855 1870 949 Ethnicis,
1897 866 2029 956 ignaris
2046 870 2190 943 divinae
2206 901 2296 966 pro-

251 1011 344 1070 esse,
370 984 432 1053 sed
457 978 565 1049 alium
589 985 720 1042 restare
743 981 906 1058 portum,
930 964 1055 1055 inquo
1078 959 1242 1032 homiues
1293 966 1482 1038 missionis.
1533 963 1633 1052 Quid
1656 963 1802 1034 interest
1829 967 1925 1038 inter
1947 967 2141 1041 Ecclesiam
2161 973 2231 1045 Dei
2258 994 2295 1050 et

251 1088 329 1161 Deo
344 1083 416 1155 cari
430 1078 662 1173 acquiescant.
703 1070 934 1162 Nequaquam
946 1065 1043 1134 enim
1058 1074 1243 1135 consenta-
1293 1065 1486 1151 Etbnicos,
1528 1066 1641 1133 deleta
1668 1065 1929 1157 promissione?
1970 1098 2061 1164 quae
2092 1081 2292 1151 consolatio

253 1212 361 1261 neum
376 1199 449 1268 est,
472 1177 566 1249 hanc
580 1189 743 1245 naturam
758 1171 936 1238 conditam
951 1170 995 1236 ad
1010 1163 1079 1235 Dei
1093 1165 1245 1256 agnitio·
1296 1172 1397 1238 firma
1421 1169 1458 1236 in
1482 1190 1620 1237 summo
1643 1167 1767 1235 dolore
1788 1174 1967 1242 mentibus
1992 1179 2144 1266 proponi
2163 1195 2295 1272 potest,

256 1316 337 1362 nem
364 1311 405 1358 ac
431 1280 721 1358 celebrationem,
747 1273 790 1341 ad
812 1284 971 1340 aeternas
986 1281 1122 1337 tantum
1139 1266 1246 1334 mise·
1297 1273 1327 1342 si
1353 1271 1500 1339 tolletur
1526 1292 1567 1337 ex
1594 1284 1782 1358 conspectu
1810 1273 1933 1343 divina
1959 1278 2172 1366 promissio?
2220 1283 2294 1354 Sed

256 1397 326 1464 rias
350 1388 464 1470 nasei,
489 1385 528 1453 in
547 1381 677 1473 quibus
697 1374 874 1443 celebrare
889 1367 1004 1439 Deum
1025 1393 1099 1438 non
1124 1367 1246 1462 possit·
1297 1372 1423 1442 omitto
1448 1393 1545 1440 nunc
1567 1369 1864 1460 disputationem,
1889 1399 1995 1468 quam
2013 1381 2160 1472 quidem
2181 1387 2294 1474 attigi,

258 1495 354 1564 llaec
378 1482 468 1558 mihi
496 1481 661 1571 cogitatio
690 1498 791 1565 saepe
822 1471 925 1541 leniit
948 1471 1127 1553 dolorem,
1158 1490 1248 1562 (1⁰³0
1298 1487 1340 1543 ut
1361 1497 1458 1543 nunc
1473 1472 1575 1541 valde
1598 1494 1687 1562 opus
1710 1495 1783 1542 esse
1804 1478 1930 1544 studiis
1954 1479 2139 1550 literarum
2159 1485 2294 1557 intelli-

259 1597 403 1690 qnidem
418 1589 524 1659 etiam
538 1581 649 1669 magis
664 1589 781 1645 movet
799 1574 958 1657 animos,
982 1594 1125 1641 eumer
1149 1566 1249 1638 omni
1298 1575 1408 1665 gatis,
1432 1590 1465 1644 et
1482 1597 1527 1643 ne
1542 1573 1716 1644 obruatur
1730 1575 1890 1646 doctrina
1906 1575 2084 1652 Ecclesiae
2098 1590 2244 1679 propria
2260 1605 2296 1662 et

260 1693 470 1788 antiquitate
493 1682 670 1756 Ecclesiae
690 1678 881 1768 repetimus
901 1673 1061 1762 exempla
1089 1670 1251 1740 miseria·
1300 1677 1512 1760 necessaria,
1538 1686 1574 1743 et
1589 1697 1633 1741 ne
1648 1697 1711 1743 vos
1725 1675 1793 1766 ipsi
1810 1680 2086 1754 consolationem
2101 1689 2298 1761 salutarem

259 1823 352 1881 rum,
369 1787 515 1886 quaspii
528 1784 699 1855 tulerunt:
717 1801 870 1872 quorum
884 1773 1119 1844 consideratio
1132 1785 1250 1842 oslen-
1300 1777 1483 1849 amittatis.
1532 1774 1675 1846 Namin
1694 1771 1884 1871 hocportu
1905 1795 2040 1855 tantum
2061 1790 2297 1880 acquiescunt

261 1901 316 1969 dit
338 1910 535 1983 utrunque,
561 1896 596 1953 et
611 1882 677 1952 Dei
701 1878 849 1949 consilio
873 1898 938 1945 nos
954 1875 1124 1957 exerceri,
1149 1887 1184 1944 et
1197 1897 1252 1941 se-
1302 1881 1382 1971 piae
1410 1890 1563 1961 mentes,
1599 1880 1694 1969 quod
1717 1880 1895 1952 intuentes
1923 1887 2186 1975 promissionem
2209 1894 2296 1981 fide,

263 2013 424 2070 suturam
440 2015 512 2061 esse
534 1982 799 2064 liberationem,
824 1978 854 2048 si
872 1992 991 2048 tamen
1005 1975 1205 2047 doctrinam
1218 1986 1253 2042 cl
1303 1994 1462 2052 statuunt
1486 2001 1522 2048 se
1552 1980 1663 2070 recipi
1688 1992 1724 2048 et
1745 1985 1905 2053 exaudiri
1933 1985 2067 2075 aDeo,
2097 2005 2131 2060 et
2159 2009 2297 2065 certam

263 2096 524 2173 invocationem
541 2081 877 2157 nonabiecerimus.
1302 2107 1400 2174 spem
1431 2078 1564 2150 babent
1598 2081 1721 2149 auxilii
1748 2086 1879 2169 divini,
1912 2100 1952 2157 ut
1978 2113 2045 2158 vox
2070 2091 2132 2161 illa
2159 2096 2294 2191 inquit:

1304 2183 1379 2274 Qui
1394 2184 1578 2254 confidunt
1593 2182 1631 2250 in
1646 2206 1745 2270 eum,
1772 2211 1845 2256 non
1857 2184 2137 2271 confundentur.

364 2299 534 2386 Dulciora
549 2294 695 2363 sortasse
707 2289 823 2361 studia
846 2299 929 2356 sunt
947 2285 985 2354 in
1006 2286 1112 2353 rebus
1127 2303 1254 2352 secun-

266 2408 339 2490 dis,
364 2403 423 2473 sed
442 2398 546 2468 multi
561 2410 645 2466 tunc
663 2390 896 2461 blandiuntur
910 2387 980 2457 sibi
994 2385 1073 2478 ipsi,
1099 2398 1133 2454 et
1148 2405 1255 2477 qnae·
1305 2394 1308 2399 '
1392 2382 1448 2458 Εο
1462 2403 1577 2461 autem
1593 2391 1695 2461 vobis
1709 2402 1743 2461 et
1760 2389 1971 2462 iucundiora
1987 2409 2021 2466 et
2036 2397 2189 2469 faciliora
2206 2396 2295 2472 baec

265 2519 352 2579 runt
366 2501 559 2575 ambitione
573 2507 634 2565 aut
646 2485 869 2590 φιλονεικίᾳ,
897 2487 1084 2580 opiniones
1101 2483 1255 2553 inutiles·
1304 2489 1420 2560 studia
1435 2513 1508 2560 esse
1522 2507 1699 2584 poterunt,
1727 2493 1810 2586 quia
1823 2491 1891 2562 Dei
1909 2496 2094 2584 beneficio,
2118 2516 2210 2573 recte
2225 2528 2294 2572 vo-

265 2610 373 2680 Hane
401 2600 637 2674 curiositatem
668 2616 856 2664 aerumnae
883 2602 1127 2680 compescunt,
1166 2607 1256 2677 quae
1304 2591 1360 2661 bis
1374 2591 1507 2661 semina
1529 2594 1658 2665 artium
1676 2595 1779 2664 initio
1799 2595 1926 2666 tradita
1944 2611 2043 2684 sunt,
2067 2613 2102 2671 ct
2115 2596 2296 2674 Ecclesiae

267 2733 331 2780 nos
354 2708 399 2777 ad
422 2699 616 2774 necessaria
637 2694 774 2766 timoris
797 2706 831 2763 et
851 2691 934 2761 fidei
958 2689 1121 2760 exercitia
1142 2687 1257 2780 dedu·¹
1305 2692 1504 2763 doctrinam
1517 2690 1683 2766 hausistis
1700 2720 1740 2765 ex
1758 2696 1918 2788 limpidis
1933 2700 2110 2774 fontibus:
2137 2728 2202 2774 nec
2223 2707 2296 2774 iui-

267 2823 372 2894 cunt,
395 2819 435 2877 ut
453 2827 550 2874 nunc
571 2801 661 2870 seria
681 2795 870 2867 certamina
888 2817 1006 2881 rernm
1023 2789 1256 2860 maximarum
1305 2793 1356 2865 tio
1372 2793 1562 2867 instillatae
1581 2809 1665 2866 sunt
1686 2798 1788 2866 vobis
1811 2799 1950 2891 ineptae
1971 2802 2174 2894 opiniones,
2202 2831 2296 2900 quae

268 2908 536 3006 explicationem
572 2899 773 2994 requirunt.
843 2893 1010 2991 Synodus
1043 2891 1257 2961 Tridentino
1306 2909 1425 2989 postea
1442 2896 1635 2969 offundunt
1651 2898 1835 2988 caliginem
1851 2904 2049 2990 mentibus,
2072 2930 2159 2999 quae
2176 2908 2297 3000 impe.

268 3011 484 3103 corruptelas
498 3005 668 3100 quasdam
684 2998 796 3071 edidit
811 2998 855 3066 de
869 2998 943 3086 lege
959 2993 1042 3079 Dei,
1067 3008 1101 3065 et
1115 2995 1159 3081 de
1173 3016 1258 3085 pro-
1307 2998 1361 3068 dit
1384 3010 1479 3068 recta
1504 2998 1646 3074 iudicia.
1697 2999 1898 3073 Plurimum
1923 3007 2019 3075 enim
2041 3010 2165 3088 refert,
2198 3011 2297 3103 quali

268 3110 518 3190 missionibus,
543 3129 631 3198 quae
648 3105 720 3172 duo
743 3100 962 3191 capita‘sunt
981 3096 1162 3168 doctrinae
1179 3118 1257 3164 coe·
1308 3099 1469 3170 doctriua
1482 3100 1660 3195 principio
1676 3102 1780 3173 rudia
1793 3117 1935 3196 pectora
1950 3108 2170 3186 imbuantur,

271 3213 369 3283 lestis
392 3207 590 3301 praecipua.
640 3203 769 3290 Legem
794 3203 1004 3283 obscurant,
1026 3222 1108 3268 cum
1129 3209 1258 3286 negant
1977 3226 1981 3230 ·

270 3312 522 3390 dubitationes,
536 3327 626 3396 quae
640 3315 722 3370 suut
739 3301 776 3366 in
790 3297 996 3370 bominibus
1012 3302 1056 3369 de
1069 3297 1158 3383 Deo,
1173 3299 1258 3367 item
1409 3300 1477 3372 His
1498 3301 1607 3393 igitur
1627 3303 1839 3391 argumentis
1862 3306 2082 3395 confirmati,
2108 3336 2154 3381 ne
2174 3312 2296 3386 sinatis

270 3417 415 3487 vitiosas
430 3406 663 3498 cupiditatum
683 3401 842 3470 flammas
857 3400 950 3468 mala
966 3422 1039 3467 esse
1065 3397 1258 3487 pugnantia
1308 3403 1411 3472 vobis
1427 3405 1540 3474 excuti
1555 3404 1733 3474 doctrinae
1748 3404 1876 3474 studia.
1910 3402 2074 3496 Cogitate
2089 3419 2297 3489 mandatnm

270 3540 351 3589 tum
368 3515 443 3602 ¹²8⁰
458 3507 535 3580 Dei·
587 3503 713 3575 P⁰⁵¹⁹³
729 3499 999 3594 Ρῐοηιίδδίοηειῃ
1016 3500 1153 3582 delesti,
1179 3521 1259 3567 tum
1309 3503 1376 3575 Dei
1393 3525 1483 3587 csse,
1505 3519 1544 3575 ut
1561 3508 1750 3576 discamus:
1774 3519 1809 3576 et
1824 3505 1899 3576 Deo
1922 3532 2026 3578 curae
2042 3513 2136 3599 fore,
2163 3541 2209 3587 ne
2230 3543 2298 3587 no.

271 3619 397 3688 iubent
411 3610 573 3682 dubitare
591 3630 637 3677 an
648 3604 694 3674 'in
711 3602 857 3693 gratiam
875 3601 1104 3694 recipiamur,
1130 3622 1199 3692 qua
1221 3598 1260 3667 in
1307 3608 1372 3677 stri
1386 3606 1523 3677 labores
1541 3607 1612 3679 sint
1629 3606 1740 3688 irriti,
1766 3606 1856 3678 sicut
1869 3605 1998 3679 Paulus
2013 3611 2147 3705 inquit:
2173 3617 2299 3689 Labor

270 3715 492 3792 dubitatione
515 3710 546 3781 si
567 3708 819 3800 relinquuntur
834 3703 961 3787 animi,
987 3725 1053 3771 nec
1069 3703 1113 3771 de
1131 3701 1260 3771 timore
1309 3721 1423 3778 vester
1437 3710 1593 3780 Μηρώ
1609 3708 1726 3778 inanis
1747 3708 1786 3778 ᾗ]
1799 3708 1964 3786 Domino·
2013 3708 2060 3783 Et
2077 3739 2148 3806 quo
2170 3720 2297 3788 minus

270 3835 363 3893 recte
391 3820 565 3888 docentur
593 3805 775 3887 homines,
807 3829 872 3874 ¹¹⁰⁶
899 3802 1092 3874 consolatio
1123 3802 1260 3894 pavidis
1309 3809 1501 3902 tranquilla
1519 3824 1569 3880 cst
1584 3811 1668 3891 vita,
1691 3833 1734 3879 eo
1749 3812 1859 3900 magis
1873 3835 1963 3904 opus
1979 3838 2049 3884 esse
2063 3815 2298 3888 meditatione

270 3919 504 4016 Ρΐθρῡῐῑῑῑΰῐ,
530 3929 565 3985 el
579 3910 806 3982 0¹⁰¹1ll¹¹¹¹l¹¹f
816 3906 994 3977 50V002150
1012 3919 1047 3976 ⁸²
1063 3927 1154 3998 ⁵9⁹⁵,
1179 3927 1260 3973 cum
1309 3912 1508 3997 doctrinae,
1529 3913 1619 3982 etad
1642 3910 1861 3982 excitandam
1883 3915 2158 4001 invocationem,
2191 3934 2228 3989 et
2252 3925 2301 3993 ad

270 4038 407 4095 mentes
430 4041 506 4089 1¹0ss
525 4016 657 4086 audent
682 4012 721 4081 in
744 4007 821 4078 Deo
845 4009 1075 4103 acquiescere·
1131 4001 1180 4076 Et
1206 4027 1261 4074 ὃθ-
1309 4013 1511 4083 leniendam
1540 4012 1778 4098 moesticiam,
1819 4028 1853 4084 et
1884 4040 1929 4085 ne
1961 4019 2129 4088 obruatur
2158 4021 2299 4095 veritas.

269 4138 426 4219 quantur
440 4120 510 4189 alia
524 4120 663 4187 decreta
675 4111 895 4181 absurdiora.
946 4108 1049 4178 Nunc
1064 4107 1173 4198 igitur
1185 4110 1259 4175 non
1311 4112 1473 4207 Denique
1492 4110 1579 4185 haec
1599 4116 1673 4206 ipsa
1698 4117 1870 4186 modestia
1890 4141 2016 4208 magna
2031 4121 2144 4192 virtus
2161 4137 2235 4207 est,
2261 4124 2298 4194 in

271 4229 451 4316 litigamus
473 4243 553 4289 cum
578 4211 786 4284 adversariis
799 4212 845 4280 de
860 4211 976 4300 parvis
990 4210 1117 4293 rebus,
1142 4210 1202 4277 sed
1217 4210 1262 4277 de
1310 4210 1366 4284 bis
1388 4215 1544 4286 motibus
1566 4219 1718 4290 retinere
1739 4212 1833 4287 hanc
1854 4219 1966 4288 animi
1993 4223 2299 4315 tranquillitatem,

270 4322 486 4418 gravissimis
499 4315 678 4396 materiis,
700 4334 791 4404 quae
806 4311 852 4380 ad
868 4309 1087 4400 agnitionem
1108 4320 1141 4377 et
1157 4309 1262 4377 invo-
1310 4341 1355 4386 ne
1371 4317 1627 4407 indignatione,
1652 4329 1713 4388 aug
1728 4320 1972 4409 desperatione
1988 4325 2104 4393 ,mdia
2119 4325 2298 4399 dominae

272 4428 448 4497 cationem
461 4419 528 4490 Dei
543 4415 732 4508 pertinent,
758 4412 802 4480 de
819 4410 947 4502 quibus
962 4435 1026 4480 suo
1043 4411 1121 4480 loco
1138 4411 1261 4479 dicen·
1310 4418 1470 4504 afflictas,
1496 4435 1556 4492 aut
1571 4425 1699 4494 frustra
1720 4421 1965 4503 tumultum&
1992 4427 2053 4494 ,ed
2071 4426 2162 4495 votis
2185 4440 2246 4498 ma
2267 4445 2300 4500 et

271 4533 359 4599 dum
378 4525 455 4595 erit.
497 4518 572 4589 lam
588 4540 672 4586 vcro
687 4515 766 4583 ideo
781 4525 920 4581 tantum
931 4506 999 4579 hoc
1014 4534 1261 4596 commemoro,
1311 4521 1451 4611 publica
1468 4524 1557 4592 mala
1579 4524 1695 4592 levare
1713 4524 1870 4607 studeas,
1896 4537 1930 4592 et
1953 4524 2098 4595 interim
2118 4529 2300 4601 doctrinae

271 4646 312 4703 ut
332 4654 411 4700 cum
435 4620 501 4694 hae
523 4619 684 4691 miseriae
698 4614 889 4708 praebeant
907 4613 1126 4682 occasionem
1144 4612 1189 4680 de
1205 4636 1261 4680 re·
1310 4623 1613 4694 conservationem
1641 4636 1703 4692 tuo
1726 4624 1803 4693 loco
1827 4627 1984 4696 modeste
2006 4629 2162 4698 adiuves.
2222 4630 2300 4701 Hoc

271 4736 339 4802 bus
359 4726 563 4801 necessariis
586 4718 798 4802 disserendi,
823 4715 941 4787 sciatis
957 4715 1117 4785 discendi
1140 4736 1259 4783 curam
1310 4722 1425 4815 ipsum
1450 4737 1502 4795 est
1525 4725 1641 4795 levare
1662 4724 1781 4819 aliqua
1801 4750 1843 4795 ex
1865 4740 1962 4818 parte
1975 4751 2182 4800 communes
2196 4734 2301 4803 mise·

271 4859 346 4902 non
368 4829 614 4902 remittendam
645 4845 732 4893 esse.
792 4817 868 4889 lmo
892 4840 997 4911 qnam
1026 4829 1187 4886 tenerent
1209 4815 1260 4907 pii
1311 4825 1400 4904 rias,
1426 4848 1513 4918 quas
1536 4840 1576 4897 ut
1597 4823 1694 4896 Deus
1713 4841 1876 4897 aeternos
1899 4843 1999 4920 pater
2020 4828 2170 4900 Domini
2189 4838 2300 4907 nostri

270 4934 549 5007 consolationem
575 4929 613 4995 in
638 4920 694 4994 his
717 4921 801 5012 ipsis
824 4918 1100 5002 calamitatibus,
1125 4918 1154 4986 si
1174 4912 1260 4986 haec
1311 4925 1387 4998 Iesu
1398 4923 1552 5012 Christi,
1579 4929 1743 4999 conditor
1756 4930 1891 5018 generis
1910 4926 2057 5001 humani
2074 4946 2108 5002 et
2123 4931 2301 5009 Ecclesiae

270 5037 447 5108 dubitatio
468 5026 709 5101 confirmanda
732 5024 843 5094 esset?
894 5019 933 5091 si
949 5019 1088 5091 dubitet
1100 5018 1261 5089 Lauren·
1311 5028 2007 5122 tuaemitfge12topoeumpectooeom·
2057 5030 2156 5112 Dixi·

268 5145 358 5220 tius,
384 5159 430 5203 an
446 5131 520 5202 Deo
537 5129 669 5220 placeat
685 5124 876 5203 consessio,
903 5146 974 5215 quo
989 5122 1107 5192 animo
1123 5121 1260 5212 suppli-

269 5247 363 5313 cium
381 5231 518 5307 adibit?
543 5230 636 5323 quod
655 5227 723 5297 erit
737 5228 847 5296 robur
862 5225 898 5292 in
915 5223 1027 5312 rogo?
1058 5219 1148 5292 Cum
1164 5221 1259 5292 Deus

268 5365 302 5414 et
328 5337 577 5433 promtissimus
604 5327 806 5410 tradiderit,
837 5341 870 5396 et
894 5324 1124 5395 iureiurando
1155 5323 1259 5391 nobis

267 5444 526 5520 ‹totitatiuncrn
551 5431 701 5503 eairncre
719 5431 817 5512 velit,
842 5440 881 5498 ut
901 5452 981 5498 cum
1005 5425 1138 5519 inquit:
1167 5423 1258 5496 Vivo
