4732 6030
213 314 288 391 595
784 284 788 291 ’
901 299 1062 374 DECL.
1107 298 1184 370 DE
1216 294 1546 381 AMBROSIO.
2159 307 2236 382 596

213 487 342 565 Deum,
367 485 411 552 ad
429 475 637 564 mitigandas
654 471 864 541 calamitates
879 470 1046 560 publicas.
1102 466 1199 537 ldem
1251 482 1426 537 eramenta
1445 468 1616 539 divinitus
1640 468 1783 538 tradita:
1810 481 1844 537 et
1859 482 1899 538 ut
1923 472 2094 542 barbarae
2117 489 2241 562 gentes

215 586 424 679 precabatur
439 593 472 647 et
485 579 558 666 ipse
573 573 778 643 ardentibus
792 571 900 655 votis,
922 571 1062 661 publice
1077 584 1111 638 et
1127 570 1200 660 pri·
1251 570 1498 659 superstitione
1519 570 1629 658 magis
1649 570 1911 653 devinciantur,
1936 573 2151 661 allingentur
2174 599 2241 646 no-

219 687 348 766 vatius,
391 677 621 747 confirmabat
651 698 749 756 suos,
783 696 826 738 ne
851 670 952 739 fracti
979 667 1200 740 ethnicorum
1252 694 1315 739 vae
1331 670 1526 759 opiniones.
1578 668 1625 741 Ut
1642 667 1827 738 Persarum
1842 667 1956 758 Reges
1977 673 2094 761 ignem
2120 675 2241 747 colue-

218 800 277 857 2ut
301 779 556 850 baereticorum
588 775 814 855 crudelitate,
855 796 972 839 veram
1003 772 1199 840 doctrinam
1252 783 1356 851 runt,
1390 794 1428 838 ac
1457 770 1595 839 adorari
1629 772 1836 853 voluerunt,
1876 796 1979 861 quem
2009 770 2239 847 Orimesdam

218 885 419 955 obiicerent·
469 874 624 967 Fuitque
658 875 690 943 ei
716 886 867 941 extrema
894 873 1092 941 lucubratio
1121 884 1201 940 ante

218 997 388 1059 mortem,
426 978 601 1047 enarratio
634 974 763 1042 Psalmi
792 973 1046 1064 quadragesimi
1075 972 1202 1063 quarti,

174 1106 179 1113 ·
220 1085 320 1155 cuius
334 1081 476 1149 initium
492 1091 557 1146 est:
577 1072 672 1143 Deus
689 1074 833 1142 auribus
848 1074 978 1143 nostris
992 1072 1202 1142 audivimus.

221 1184 412 1255 Arserunt
439 1174 565 1245 iubae
594 1175 667 1266 ipsa
698 1175 942 1242 lucubratione
968 1197 1073 1263 supra
1100 1183 1204 1262 caput

222 1281 404 1353 Ambrosii
426 1281 603 1347 flammam
626 1289 846 1364 conspectam
864 1298 935 1342 esse
957 1274 1064 1361 ligura
1081 1271 1205 1365 clypei,

223 1408 311 1477 quae
336 1395 453 1474 postea
470 1380 636 1448 delabens
652 1376 826 1462 fulgorem
842 1376 1047 1443 inusitatum
1065 1374 1101 1441 in
1117 1372 1204 1441 facie

222 1484 406 1576 sparserit,
433 1493 467 1549 et
483 1503 542 1547 ore
560 1473 680 1544 hausta
696 1475 751 1543 sit.

322 1581 412 1652 Cum
429 1593 544 1649 autem
561 1601 600 1644 eo
621 1576 698 1666 ipso
717 1588 872 1664 tempore
896 1597 968 1641 non
987 1572 1101 1643 solum
1125 1596 1206 1663 per-

223 1696 353 1755 texeret
377 1680 653 1755 enarrationem,
690 1676 749 1742 scd
780 1676 881 1743 etiam
917 1695 1058 1760 gemens
1081 1698 1122 1742 ac
1152 1674 1206 1739 la-

223 1778 412 1875 chrymans
436 1793 514 1847 vota
537 1777 665 1844 faceret
687 1799 751 1864 pro
774 1772 947 1855 Ecclesia,
985 1776 1098 1865 deque
1119 1798 1206 1841 ven-

223 1868 314 1954 tu⁸ris
332 1877 586 1948 calamitatibus
604 1875 871 1956 vaticinaretur,
896 1895 969 1939 non
987 1875 1137 1942 dubium
1155 1887 1206 1943 est

223 1996 344 2075 pectus
359 1978 432 2048 eius
447 1977 569 2044 divino
591 1975 718 2063 spiritu
740 1974 922 2042 incensum
946 1972 1066 2052 fuisse,
1092 1973 1206 2065 quise

223 2085 263 2151 in
278 2106 318 2150 ea
333 2081 471 2147 llamma
487 2077 652 2160 ostendit,
676 2088 713 2143 ut
731 2098 811 2143 cum
826 2072 1077 2164 Apostolorum
1093 2073 1205 2143 coetui

224 2181 365 2272 publice
381 2173 557 2248 exhibitus
572 2189 633 2248 est.
673 2171 762 2244 Erat
775 2189 890 2243 autem
906 2174 1107 2242 admonitus
1123 2196 1206 2241 voce

222 2281 375 2359 Psalmi,
400 2292 439 2348 ut
462 2280 506 2346 de
531 2291 679 2346 ventura
695 2277 889 2344 mutatione
904 2269 1079 2343 Ecclesiae
1097 2274 1206 2342 multa

223 2380 450 2474 praediceret.
500 2375 657 2446 Psalmus
684 2390 804 2445 narrat
825 2374 1015 2443 Ecclesiam
1038 2398 1111 2442 non
1138 2368 1206 2443 hu-

223 2482 340 2551 manis
364 2481 516 2559 vicibus,
549 2480 607 2545 sed
641 2477 811 2544 mirandis
835 2474 900 2543 Dei
927 2473 1027 2543 factis
1057 2475 1206 2562 gloriose

223 2580 448 2653 constitutam
466 2593 499 2648 et
516 2591 675 2646 ornatam
690 2599 773 2643 esse.
822 2572 998 2642 Extremis
1015 2601 1096 2642 vero
1118 2590 1201 2643 tem·

223 2682 370 2775 poribus
384 2703 458 2747 non
472 2680 547 2747 fore
560 2677 710 2745 similem
728 2676 894 2763 gloriam,
908 2677 1098 2767 magisque
1111 2698 1207 2763 gras-

224 2797 376 2853 saturam
393 2802 465 2847 esse
480 2794 709 2871 tyrannorum
728 2775 931 2856 saeviciam,
958 2799 1061 2864 quam
1080 2789 1191 2845 antea.

325 2879 421 2950 Haec
434 2880 608 2948 enarravit
620 2873 829 2946 Ambrosius
844 2875 1029 2965 copiosius,
1054 2877 1206 2945 extincto

226 2976 431 3051 Theodosio
451 2981 585 3072 iuquit,
611 2992 690 3047 ruet
709 2973 794 3046 haec
809 2974 971 3046 Romana
986 2972 1207 3045 Monarchia.

224 3078 363 3147 Videtis
377 3082 470 3147 enim
495 3080 562 3147 iam
586 3080 753 3148 barbaras
766 3077 926 3146 nationes
940 3078 1106 3169 utrinque
1119 3101 1207 3168 pene

201 3220 209 3243 .
223 3179 410 3249 obsidione
425 3179 571 3245 cinxisse
587 3176 735 3248 ltaliam.
777 3176 915 3246 Harum
935 3179 1041 3245 armis
1057 3202 1134 3248 cum
1151 3177 1206 3244 di-

105 3298 110 3305 ·
224 3277 438 3348 lacerabitur
459 3275 666 3364 imperium,
695 3277 823 3364 passim
844 3288 919 3345 toto
935 3280 1018 3345 orbe
1029 3292 1206 3347 terrarum

223 3376 402 3449 Ecclesiae
442 3379 579 3446 duriter
617 3376 884 3467 quassabuntur.
945 3373 1041 3444 Alibi
1076 3401 1206 3444 nomen

224 3474 359 3551 Christi
394 3477 586 3559 delebitur,
622 3475 709 3544 alibi
742 3475 965 3542 confusiones
996 3477 1205 3563 religionum

225 3593 338 3648 erunt.
388 3576 438 3648 Ut
460 3579 499 3646 in
521 3573 660 3656 Africa,
695 3574 846 3644 Vandali
872 3588 967 3643 tanta
992 3577 1206 3646 immanitate

222 3679 464 3773 propagabant
481 3675 654 3747 Asianum
672 3677 785 3754 virus,
810 3690 849 3746 ut
863 3677 1012 3747 nudatas
1028 3692 1206 3747 matronas

161 3810 175 3831 =
223 3802 263 3850 sc
277 3780 430 3869 virgines
446 3780 484 3848 in
500 3792 686 3870 conspectu
704 3777 825 3867 populi
841 3792 994 3848 urerent.
1043 3776 1112 3848 Hic
1126 3802 1206 3847 vere

223 3882 370 3949 sonabat
386 3904 451 3949 vox
475 3880 535 3949 illa
559 3875 665 3949 huius
682 3875 830 3948 Psalmi:
856 3876 1006 3969 Propter
1025 3893 1060 3951 te
1080 3881 1206 3950 morti-

191 3998 194 4003 ·
222 3981 369 4051 beamur
382 3994 452 4051 tota
466 3983 543 4066 die,
566 3981 735 4049 aestimati
758 4002 880 4050 sumus
900 3979 989 4051 sicut
1007 4005 1090 4052 oves
1113 3981 1204 4051 occi-

222 4103 343 4153 stoms.

323 4178 462 4249 Deinde
485 4179 533 4247 ait
555 4176 764 4246 Ambrosius
788 4176 878 4247 banc
901 4180 1041 4269 imperii
1065 4183 1224 4251 ruinam.

1254 871 1488 961 appellabant.
1541 868 1592 938 lta
1608 871 1813 959 spectacula,
1839 883 1914 938 tum
1931 887 2134 959 statuarum,
2160 891 2238 947 tum

1254 971 1400 1039 aliarum
1427 994 1543 1038 rerum
1565 969 1656 1038 inter
1681 971 1851 1038 barbaros
1881 976 2013 1061 posteri
2039 978 2238 1049 instituent.

1255 1070 1348 1138 Toto
1373 1070 1479 1156 igitur
1500 1070 1584 1138 orbe
1606 1083 1799 1154 terrarum,
1833 1087 1892 1139 aut
1918 1073 2081 1147 iacebunt
2103 1079 2237 1148 deletae

1255 1166 1449 1252 Ecclesiae,
1488 1184 1549 1239 aut
1589 1172 1732 1239 stabunt
1769 1173 1970 1263 squalentes
2010 1192 2044 1248 et
2085 1178 2237 1269 pollutae

1256 1270 1391 1359 magnis
1408 1286 1442 1342 et
1456 1270 1627 1361 pestiferis
1642 1272 1832 1340 erroribus.

1357 1370 1502 1442 luterim
1533 1366 1697 1460 Episcopi
1728 1373 1914 1463 tyrannico
1949 1398 2046 1443 more
2074 1378 2241 1451 domina-

1257 1473 1411 1555 buntur,
1452 1470 1595 1539 abiectis
1629 1471 1755 1539 studiis
1790 1473 1971 1541 doctrinae
2005 1472 2242 1567 Christianae,

1258 1573 1423 1660 neglectis
1436 1569 1602 1639 Ecclesiis
1619 1584 1810 1662 sequentur
1823 1571 1962 1661 Regum
1976 1577 2093 1662 aulas,
2119 1600 2241 1671 regent

1258 1673 1380 1740 mundi
1400 1671 1555 1762 imperia,
1572 1666 1753 1740 habebunt
1768 1674 1947 1743 devinctos
1963 1677 2032 1743 sibi
2046 1677 2240 1772 Principes,

1258 1797 1408 1864 quorum
1425 1771 1553 1841 muniti
1573 1772 1773 1861 praesidiis,
1797 1796 1879 1842 suos
1900 1798 2033 1846 errores
2048 1781 2239 1854 defendent

1259 1895 1383 1960 magna
1398 1871 1552 1949 saevitia.
1603 1867 1720 1940 Erunt
1736 1874 1861 1967 reliqui
1877 1876 1990 1965 pauci,
2017 1878 2066 1967 pii
2082 1892 2115 1949 et
2130 1884 2237 1968 docti,

1258 1974 1318 2064 qui
1338 1968 1428 2040 hanc
1445 1972 1622 2063 querelam
1630 1971 1761 2040 Psalmi
1778 1977 1972 2045 sonabunt:
1998 1977 2099 2049 Nunc
2117 1996 2235 2051 autem

1259 2073 1416 2163 repulisti
1434 2087 1468 2140 et
1483 2072 1673 2141 confudisti
1690 2097 1763 2144 nos.

1357 2171 1479 2265 Neque
1496 2186 1613 2241 tamen
1626 2172 1787 2242 funditus
1803 2175 1963 2247 interibit
1972 2174 2127 2251 Ecclesia
2141 2208 2239 2269 vera;

1258 2297 1340 2341 nam
1365 2268 1424 2341 hic
1447 2274 1520 2365 ipse
1541 2271 1702 2342 Psalmus
1724 2274 1856 2367 inquit:
1879 2273 1976 2367 Hapc
1998 2282 2118 2351 omnia
2133 2310 2239 2354 vene·

1259 2386 1344 2443 runt
1367 2397 1472 2465 super
1488 2396 1571 2452 nos,
1596 2397 1660 2442 nec
1675 2373 1778 2444 obliti
1800 2398 1920 2448 sumus
1934 2391 1978 2452 te.
2028 2376 2109 2451 Erit
2130 2385 2239 2473 igitur

1258 2474 1403 2563 exiguus
1428 2489 1563 2556 coetus,
1597 2474 1659 2568 qui
1681 2471 1912 2566 Evangelium
1941 2478 2006 2547 filii
2023 2476 2090 2550 Dei
2118 2484 2239 2568 discet,

1259 2574 1401 2658 amabit,
1423 2589 1596 2665 proponet
1611 2575 1765 2655 caeteris,
1792 2580 1998 2668 propagabit
2012 2581 2054 2649 ad
2071 2598 2239 2672 posteros,

1259 2675 1395 2743 etiamsi
1410 2676 1593 2743 subeunda
1609 2686 1713 2745 eruut
1729 2679 1824 2746 varia
1841 2682 2030 2748 certamina
2052 2698 2083 2751 et
2104 2686 2238 2775 suppli-

1259 2775 1324 2846 cia.
1374 2775 1442 2845 Sed
1458 2774 1556 2843 cluris
1570 2788 1611 2845 ut
1624 2774 1691 2843 ilex
1709 2787 1808 2846 tonsa
1824 2778 2046 2870 bipennibus,
2067 2782 2114 2851 ita
2131 2798 2163 2852 et
2180 2781 2237 2852 hic

1259 2891 1394 2955 coetus,
1420 2899 1482 2965 per
1497 2877 1636 2960 damna,
1660 2899 1722 2965 per
1736 2900 1848 2959 neces,
1874 2879 1918 2949 ab
1934 2880 2008 2971 ipso
2024 2883 2126 2951 uocet
2141 2907 2236 2973 opes,

1259 2975 1485 3068 animumque
1501 2975 1605 3048 ferro.
1642 2973 1737 3045 Haec
1753 2978 1880 3073 inquit,
1904 2983 2237 3073 praemonuitDeus,

1259 3101 1304 3144 ne
1331 3100 1410 3145 cum
1432 3077 1631 3146 videbimus
1653 3081 1808 3168 quassari
1830 3081 1953 3151 orbem
1983 3096 2172 3168 terrarum,
2202 3098 2238 3154 et

1259 3177 1334 3245 beri
1356 3177 1619 3267 dissipationes,
1653 3201 1800 3269 quarum
1822 3182 1953 3250 exitum
1972 3208 2046 3252 non
2069 3185 2240 3277 prospici-

1258 3299 1358 3360 mus,
1383 3278 1620 3348 existimemus
1638 3278 1775 3366 penitus
1793 3277 2016 3349 interituram
2032 3308 2106 3352 csse
2118 3284 2240 3356 Eccle-

1258 3378 1357 3445 siam.
1408 3375 1479 3446 Sed
1504 3391 1692 3448 statuamus
1714 3398 1793 3443 vere
1814 3374 2007 3449 Ecclesiam
2033 3406 2124 3470 esse,
2152 3411 2240 3478 quae

1259 3477 1386 3546 retinet
1409 3502 1531 3567 puram
1548 3475 1729 3565 Evangelii
1751 3478 1969 3567 doctrinam,
1995 3495 2029 3550 et
2053 3477 2136 3552 luric
2160 3513 2240 3555 coe-

1260 3577 1321 3658 tui,
1337 3572 1392 3645 his
1406 3576 1655 3648 studiisDeum
1670 3578 1822 3671 aliquam
1839 3580 1876 3647 in
1891 3581 1990 3649 terris
2005 3583 2121 3650 sedem
2136 3588 2239 3654 attri-

1257 3679 1426 3748 buturum
1449 3702 1530 3747 esse.
1579 3674 1778 3750 Retinenda
1806 3693 1856 3752 est
1875 3680 1982 3769 igitur
2000 3682 2175 3763 doctrina,
2201 3698 2236 3754 et

1258 3780 1432 3849 constanti
1465 3779 1583 3847 animo
1618 3783 1858 3870 propaganda,
1892 3794 1932 3853 ut
1960 3782 2031 3853 sint
2055 3782 2115 3875 qui
2142 3797 2235 3853 recte

1257 3877 1372 3949 Deum
1389 3881 1564 3950 invocent.

1359 3979 1521 4052 Vicissim
1538 3978 1633 4050 Deus
1648 3982 1782 4072 aliquas
1797 3980 1936 4072 politias
1954 3972 2122 4067 servabit,
2147 4007 2239 4075 quae

1255 4083 1449 4173 praebeant
1482 4079 1672 4172 hospitium
1708 4084 1746 4149 in
1779 4083 1898 4162 terris,
1941 4078 2024 4152 huic
2052 4080 2241 4157 Ecclesiae.

1256 4180 1352 4252 Ilaec
1385 4183 1453 4253 fuit
1485 4182 1664 4252 Ambrosii
1699 4196 1870 4272 postrema
1904 4186 2045 4266 concio,
2083 4186 2239 4273 exposito

65 5164 71 5177 .
127 5274 130 5279 .
217 5184 329 5273 caligo
369 5184 511 5264 obruet,
556 5183 717 5250 colentur
748 5177 889 5251 ethnico
923 5208 1021 5252 more
1055 5184 1200 5267 Herses,

129 4354 132 4361 ,
223 4279 337 4349 maior
358 4281 425 4347 alia
447 4278 561 4345 clades
588 4291 747 4345 secutura
774 4292 835 4348 est.
892 4276 1020 4346 Daniel
1045 4281 1203 4351 futurum
1256 4281 1387 4351 Psalmi
1411 4282 1506 4352 illius
1530 4296 1754 4371 argumento,
1780 4307 1885 4374 quam
1907 4308 1948 4353 eo
1972 4285 2134 4368 recitavi,
2157 4285 2240 4377 quia

223 4392 385 4461 testatur,
411 4392 451 4446 ut
468 4389 588 4468 quarta
605 4372 814 4445 Monarcbia
832 4377 1008 4465 dissipata,
1033 4380 1070 4446 iu
1086 4382 1204 4475 aliqua
1257 4398 1291 4452 et
1308 4384 1408 4452 asebis
1425 4380 1493 4453 hoc
1514 4384 1589 4474 ipso
1612 4396 1768 4472 tetupore
1792 4385 2021 4452 neeessariam
2036 4380 2127 4455 hanc
2144 4410 2240 4453 com-

223 4494 321 4570 parte
335 4501 467 4546 novum
481 4499 628 4564 regnum
644 4474 830 4556 exoriatur,
855 4479 949 4567 quod
963 4478 1096 4547 bellum
1112 4498 1203 4569 geret
1255 4486 1545 4555 monefactionem
1573 4498 1607 4553 et
1627 4479 1905 4553 cohortationem
1922 4508 1995 4554 esse
2013 4488 2114 4557 duco.
2165 4487 2240 4554 Res

222 4603 301 4648 cum
319 4579 456 4663 sanctis,
477 4592 510 4646 ct
527 4600 706 4646 sermones
722 4572 943 4667 blasphemos
956 4593 1074 4647 contra
1089 4579 1202 4651 Deum
1255 4588 1408 4657 ostendit
1433 4584 1537 4653 nimis
1551 4606 1669 4651 veram
1687 4605 1764 4673 ⁸esse
1786 4585 2078 4673 praedictionem,
2110 4587 2153 4654 de
2169 4610 2240 4676 qua

221 4694 404 4777 aeteruum
426 4680 729 4769 impudentissime
753 4678 921 4752 effundet.
976 4679 1073 4750 Vidit
1096 4682 1203 4771 igitur
1255 4680 1464 4754 Ambrosius
1486 4682 1713 4752 concionatus
1735 4698 1787 4753 est
1811 4685 1964 4774 collapso
1991 4685 2137 4775 imperio
2160 4683 2240 4757 Ro-

220 4774 418 4850 Mahotneti
448 4805 594 4871 reguum
626 4804 705 4848 mox
734 4792 934 4849 secuturum
964 4805 1054 4863 esse,
1087 4808 1104 4850 a
1132 4809 1202 4876 quo
1254 4810 1379 4864 nisano,
1404 4799 1518 4854 secuta
1536 4797 1585 4850 est
1600 4785 1759 4876 tyrannis
1776 4779 1984 4870 Maltometi,
2010 4782 2240 4878 quaeEccle-

220 4894 339 4971 postea
362 4882 400 4950 in
429 4907 553 4973 magna
577 4895 675 4972 parte
705 4879 803 4949 orbis
831 4896 1002 4957 terrartnn
1026 4880 1203 4954 Ecclesiae
1254 4886 1322 4954 sias
1350 4886 1510 4954 funditus
1543 4885 1672 4954 delevit
1704 4885 1741 4952 in
1766 4882 1885 4953 Africa
1918 4899 1952 4955 et
1983 4909 2106 4975 magna
2134 4885 2240 4958 Asiae

218 4982 381 5051 funditus
412 4984 544 5053 deletae
577 4998 669 5054 suut.
722 4976 821 5050 Alibi
855 5005 938 5049 vero
973 4983 1035 5050 ubi
1072 5010 1201 5055 notraen
1253 4999 1357 5076 atquc
1381 4982 1543 5074 Europae
1568 5002 1673 5078 parte.
1729 4981 1775 5054 Et
1797 5010 1891 5055 nstnc
1915 4988 1982 5057 late
2006 5001 2179 5074 grassatur
2201 4989 2240 5057 in

218 5078 352 5151 Christi
368 5085 585 5165 retinebitur,
610 5083 724 5152 lucem
742 5083 927 5172 Evangelii
943 5085 1049 5151 densa
1064 5100 1098 5153 et
1112 5100 1200 5155 tetra
1254 5088 1366 5155 vicina
1386 5084 1587 5171 Pannonia,
1613 5104 1645 5158 et
1662 5112 1748 5177 pene
1766 5087 1904 5155 obsidet
1921 5084 2160 5156 Germaniam.

1328 5186 1403 5257 Etsi
1422 5204 1536 5258 autem
1555 5213 1683 5278 paucae
1699 5191 1869 5280 quaedam
1888 5189 1924 5256 in
1936 5185 2086 5256 Graecia
2103 5201 2136 5257 et
2155 5185 2240 5282 llly-

215 5280 384 5376 Episcopi
398 5282 590 5352 barbaricis
604 5283 806 5352 nationibus
821 5285 1057 5373 gratificaturi,
1076 5290 1200 5357 statuis
1251 5286 1324 5355 rico
1342 5289 1496 5382 reliquae
1511 5303 1594 5359 sunt
1610 5285 1795 5368 Ecclesiae,
1822 5302 1939 5357 tamen
1954 5289 2035 5380 quia
2051 5312 2241 5357 aerumno-

216 5388 345 5478 templa
369 5385 606 5476 cotvtplebunt.
657 5380 849 5453 Conferant
871 5384 908 5454 in
929 5400 1108 5479 quaestum
1133 5388 1198 5460 Sa·
1250 5388 1384 5457 sissima
1403 5391 1570 5460 servitute
1585 5412 1770 5480 oppressae
1790 5402 1890 5472 sunt,
1922 5389 2090 5478 paulatim
2114 5402 2148 5458 et
2174 5384 2241 5459 hae
