4732 6030
207 265 283 349 aas
730 255 888 331 nucu
936 252 1011 329 nu
1045 249 1387 331 uuunuavo
1420 247 1718 332 struunt.
2169 259 2246 337 asa

209 443 335 520 concio
364 434 590 532 interposita,
619 452 709 525 quae
735 429 865 521 stipa·
886 427 1017 498 latroni
1040 422 1205 501 salutaria
1258 441 1318 498 tur
1342 448 1417 496 uon
1439 426 1531 496 duos
1550 437 1690 496 tautum
1713 424 1933 498 latrunculos
1945 428 2104 521 pendere
2119 433 2254 524 cogita·

210 552 298 631 luit,
325 547 373 616 ita
391 567 464 613 nou
478 541 523 608 ad
541 537 656 625 ipsum
672 547 808 604 tanturn
826 532 1003 624 portinere
1016 527 1208 599 iudicanda
1258 528 1361 613 bitis,
1386 530 1446 597 sed
1466 550 1591 598 omnes
1606 524 1768 597 homines
1789 531 1950 599 omnium
1963 543 2129 604 aetatum.
2182 533 2255 608 Co-

214 668 276 724 asr.
338 638 523 730 Evangelii
548 661 614 706 vox
643 649 694 705 est
714 633 913 705 eommunis
942 632 1109 703 omnibus
1140 628 1209 718 piis
1258 631 1414 721 gitabitis
1445 644 1479 700 et
1511 629 1621 714 illud,
1666 649 1791 699 omues
1820 652 1895 701 esse
1927 630 2100 705 latrones:
2141 639 2256 710 multa

214 751 375 825 omnium
394 756 570 824 aetatum,
594 761 684 830 quae
707 736 850 829 quidem
867 735 1107 805 dulcissimam
1122 755 1210 800 cou—
1259 733 1353 802 araim
1379 744 1463 802 suut
1495 744 1528 801 et
1557 730 1688 802 atrocia
1712 732 1934 820 singulorum
1961 735 2112 824 scelera,
2148 742 2256 812 multi

215 853 424 928 solationem
441 840 624 936 proponit.
674 838 796 933 ltaque
814 832 906 907 hauc
923 835 1113 926 imaginem
1130 832 1210 900 ani·
1259 834 1472 905 adiuverunt
1496 834 1589 902 mala
1608 831 1757 902 consilis
1778 835 1947 903 adversus
1977 836 2055 926 pios
2074 856 2255 933 suscepta3

215 980 275 1029 mo
297 954 462 1027 inguen„
495 958 530 1015 aa
550 942 650 1012 illam
674 939 917 1031 gravissimam
935 935 1210 1030 disputationem
1259 936 1415 1029 denique
1439 957 1564 1004 omues
1579 935 1700 1028 aliquo
1719 935 1826 1005 modo
1842 958 1969 1005 manus
1983 939 2166 1013 attulimus
2180 944 2255 1013 lilio

216 1056 394 1147 cogitans,
421 1048 545 1117 videor
574 1038 664 1113 mihi
687 1042 807 1113 videre
831 1037 1025 1111 Ecclesiam
1049 1037 1210 1106 omnium
1263 1038 1345 1111 Dei,
1409 1037 1522 1107 Porro
1558 1059 1638 1104 cum
1667 1036 1704 1103 iu
1736 1037 1852 1106 media
1874 1050 1990 1108 morte
2023 1064 2259 1129 versaremur,

217 1171 388 1236 aetatum,
420 1149 527 1219 audio
548 1145 709 1216 omnium
730 1137 988 1233 Prophetarum
1010 1152 1044 1211 et
1058 1135 1210 1229 Aposto·
1263 1141 1358 1208 blins
1373 1137 1440 1209 Dei
1463 1137 1568 1208 nobis
1591 1139 1744 1206 donatus
1762 1150 1833 1221 est,
1859 1152 1900 1208 ut
1918 1139 2063 1212 victima
2079 1144 2178 1214 lieret
2192 1171 2258 1237 pro

218 1264 335 1333 lorum
349 1250 557 1330 conciones,
580 1271 729 1340 quarum
741 1268 878 1314 summa
894 1246 932 1312 iu
945 1243 1009 1312 illo
1022 1240 1123 1311 brevi
1137 1237 1212 1307 col·
1263 1241 1387 1324 nobis,
1413 1265 1453 1311 ac
1469 1241 1603 1329 placata
1621 1238 1731 1328 patris
1747 1239 1817 1325 ira,
1842 1241 2001 1313 aboleret
2023 1258 2205 1335 peccatum
2225 1263 2259 1320 et

219 1360 342 1456 loquio
369 1346 621 1443 comprehensa
645 1361 704 1417 cst.
765 1343 845 1418 Etsi
866 1359 982 1416 autem
997 1366 1070 1413 nou
1085 1338 1212 1410 dubito
1264 1356 1434 1422 mortem,
1470 1355 1504 1411 et
1524 1342 1688 1411 redderet
1707 1341 1817 1411 vitam
1841 1355 2033 1414 aeternam.
2086 1343 2127 1415 ld
2151 1349 2258 1418 bene-

219 1463 399 1558 plerisque
422 1467 577 1524 vestrum
601 1444 664 1519 has
688 1450 781 1541 ipsas
802 1471 860 1518 res
881 1446 1009 1516 melius
1023 1467 1096 1513 esse
1112 1453 1213 1510 notas
1264 1447 1382 1515 ficium
1403 1444 1507 1513 offert
1522 1457 1557 1512 et
1572 1441 1728 1533 impertit
1744 1444 1932 1525 omuibus,
1955 1469 2047 1539 quos
2060 1460 2257 1520 erratorum

219 1590 260 1638 ac
281 1562 486 1639 meditatas,
520 1576 626 1646 quam
649 1548 758 1630 mibi,
792 1564 1012 1620 tamencum
1044 1540 1213 1615 hocloco
1265 1547 1438 1637 paenitet,
1471 1545 1603 1638 quique
1627 1544 1766 1613 trentam
1786 1547 1832 1615 ab
1856 1546 1934 1638 ipso
1958 1561 2104 1636 petunt,
2127 1552 2258 1623 etsreti

220 1668 338 1738 dicere
362 1663 477 1731 iussus
498 1677 628 1732 essem,
661 1666 694 1722 et
718 1676 774 1720 me
795 1651 951 1742 pericula
974 1644 1102 1718 horum
1125 1659 1215 1714 tem·
1265 1649 1377 1741 ipsius
1410 1647 1610 1738 promissis,
1653 1646 1898 1716 liberationem
1930 1662 2121 1739 expectant
2188 1651 2258 1723 Hic

221 1790 348 1862 porum
373 1757 429 1829 ltis
451 1758 576 1827 diebus
599 1756 642 1823 de
670 1747 734 1821 hac
757 1752 910 1842 imagine
929 1747 1215 1828 admonuissent,
1265 1752 1336 1819 iam
1358 1743 1606 1818 distrahuntur
1625 1742 1813 1818 homiuum
1835 1748 1966 1819 iudicia
1982 1772 2023 1818 ac
2042 1750 2253 1824 voluntates.

221 1873 377 1943 libenter
395 1857 463 1931 hor
478 1869 725 1947 argumentum
741 1854 847 1944 elegi,
872 1864 914 1922 ut
928 1851 1087 1940 exemplo
1106 1847 1215 1917 latro·
1266 1851 1424 1922 Maxima
1439 1874 1519 1942 para
1535 1863 1743 1940 aspernatur
1759 1845 1828 1919 hoc
1849 1850 2072 1934 beneficium,
2096 1875 2255 1942 pracser-

223 1973 299 2053 uis,
332 1963 390 2059 qni
422 1958 612 2032 semivivus
640 1980 680 2025 ac
703 1955 892 2038 laceratus,
925 1966 1043 2023 tamen
1066 1949 1214 2039 gloriam
1268 1954 1332 2024 tim
1347 1975 1428 2021 rum
1448 1952 1591 2021 videant
1604 1945 1787 2023 Christum
1803 1951 1952 2042 perinde
1972 1964 2013 2023 ut
2026 1965 2180 2025 caeteros
2197 1980 2257 2026 ca-

223 2073 290 2148 blii
314 2066 381 2142 Dei
402 2075 541 2147 tuetur,
574 2073 607 2131 et
631 2081 750 2127 meum
775 2057 934 2128 animum
959 2053 1216 2128 confirmarem,
1267 2053 1484 2139 lumitatibus
1509 2053 1758 2123 communibus
1785 2052 2004 2140 conflictari,
2042 2055 2119 2145 rapi
2151 2056 2258 2126 etiam

225 2193 259 2250 et
274 2174 513 2245 adolescentes
535 2163 580 2233 ad
601 2161 694 2231 idem
711 2162 817 2230 derrts
841 2157 1038 2228 excitarem.
1088 2151 1162 2223 Nec
1178 2151 1214 2219 id
1267 2159 1310 2226 ad
1338 2154 1567 2247 supplicium,
1601 2154 1762 2226 interfici.
1820 2152 1880 2225 An
1903 2150 2097 2247 Epieuraei
2123 2158 2168 2228 ab
2191 2152 2260 2228 hoe

224 2287 472 2370 argumentum
490 2265 646 2337 alienum
662 2263 773 2332 estab
787 2255 855 2331 hor
869 2260 965 2338 loco,
989 2251 1218 2327 authistem-
1268 2260 1437 2328 cadavere
1458 2258 1635 2348 pendente
1656 2257 1695 2324 iu
1718 2279 1821 2326 cruce
1839 2269 2000 2348 peterent
2022 2270 2084 2328 aut
2099 2274 2259 2352 expecta·

224 2380 386 2474 poribus.
444 2367 517 2440 Diu
540 2366 609 2435 iam
632 2362 819 2432 Pontifices
838 2371 1001 2430 exercent
1025 2357 1216 2425 immanem
1268 2374 1348 2428 rent
1363 2382 1492 2428 novam
1506 2371 1541 2429 et
1555 2372 1758 2449 perpetuam
1773 2358 1906 2428 vitam?
1931 2357 2157 2451 quiiutauta
2173 2383 2260 2430 con·

225 2478 405 2555 saevitiam
422 2472 461 2538 in
478 2467 633 2538 membra
647 2458 801 2546 Christi,
823 2487 863 2532 ac
878 2485 992 2542 nuuc,
1017 2473 1056 2529 ut
1074 2458 1220 2527 univer·
1268 2462 1407 2530 lusione
1429 2459 1541 2543 vitae,
1572 2483 1656 2529 casu
1681 2459 1801 2530 omnia
1821 2460 1908 2528 ferri
1930 2461 2167 2542 arbitrantur,
2193 2485 2259 2533 nec

225 2605 299 2656 sam
328 2572 521 2646 Ecclesiam
546 2567 704 2649 deleant,
729 2564 951 2633 inflammare
967 2561 1070 2630 civile
1085 2560 1218 2629 bellum
1269 2576 1423 2632 statuere
1439 2573 1606 2653 possunt,
1630 2559 1707 2632 Deo
1723 2557 1877 2631 humana
1891 2565 2100 2633 curaeesse?
2124 2561 2261 2636 Rident

227 2692 419 2760 ωῃῃιωῑ,
458 2667 640 2752 Christum
677 2666 844 2736 omuibus
876 2662 1016 2756 probris
1057 2672 1219 2738 onerant,
1270 2665 1379 2754 igitur
1402 2677 1571 2755 tanquam
1599 2669 1760 2754 poemata
1784 2676 1845 2733 aut
1868 2665 1978 2733 aniles
2001 2666 2124 2734 uenias
2140 2665 2260 2735 omuia

152 2810 159 2823 ·
227 2785 342 2856 multo
366 2773 541 2848 rabiosius
567 2792 673 2864 quam
695 2766 787 2837 latro
804 2765 1006 2837 maledicus.
1059 2760 1219 2854 Applau-
1271 2766 1495 2849 testimonia,
1520 2788 1610 2857 quae
1631 2762 1728 2835 Deus
1747 2767 1843 2836 etde
1863 2766 2139 2845 suavoluntate,
2164 2780 2197 2837 et
2214 2768 2261 2836 de

229 2890 319 2960 dunt
343 2877 556 2951 Pontificum
579 2869 695 2941 furori
714 2866 848 2959 Reges,
880 2880 914 2937 et
942 2866 1120 2958 praecipui
1152 2863 1220 2932 viri
1271 2867 1536 2937 immortalitate
1563 2867 1731 2941 omnibus
1759 2867 1930 2938 aetatibus
1952 2867 2078 2937 ordine
2098 2868 2259 2948 tradidit,

228 2987 390 3062 omnium
410 2977 599 3057 ordinum,
625 2972 778 3064 quadam
797 2971 895 3040 inani
912 2968 1079 3042 utilitatis
1094 2968 1220 3037 umbra
1274 2985 1309 3040 et
1324 2971 1466 3039 taudem
1481 2969 1587 3038 misso
1603 2969 1698 3053 lilio,
1723 2980 1758 3038 et
1783 2983 1862 3060 post
1879 2983 2028 3040 mortem
2043 2981 2205 3040 revocato
2219 2969 2259 3038 in
2357 2982 2363 2990 ’

230 3089 333 3179 capti.
385 3081 627 3152 Adseutantur
641 3069 698 3145 his
713 3073 828 3156 docti,
853 3085 893 3143 ut
913 3071 1057 3143 Silenus
1073 3065 1219 3162 Cyclopi
1272 3072 1399 3155 vitam,
1423 3071 1655 3140 confirmavit.
1707 3069 1778 3141 Hic
1798 3071 1859 3142 ille
1880 3094 2073 3143 sarcasmus
2085 3085 2137 3143 est
2151 3071 2259 3142 male·

230 3192 270 3261 iu
295 3200 418 3263 antro,
450 3194 488 3249 ut
513 3192 563 3247 est
580 3177 617 3242 iu
642 3175 773 3243 fabulis
789 3171 984 3264 Euripidis.
1037 3169 1085 3242 Et
1100 3186 1139 3240 ut
1156 3165 1221 3238 ho·
1273 3173 1343 3243 dici
1370 3173 1534 3242 latronis:
1563 3169 1639 3262 Age
1657 3174 1827 3243 liberator
1850 3175 2005 3263 egregie,
2031 3173 2262 3245 tibietnobis

232 3314 312 3364 rum
327 3282 481 3356 serviant
498 3275 767 3366 cupiditatibus,
792 3277 921 3368 stylum
940 3267 1223 3343 adversusChri·
1274 3276 1420 3344 salutem
1453 3277 1605 3345 reddito.
1664 3276 1724 3359 Sic
1748 3272 1849 3362 impii
1873 3276 1937 3342 etsi
1968 3275 2119 3347 suntin
2147 3275 2263 3345 media

232 3409 326 3465 stum
351 3393 493 3455 acuunt·
549 3375 672 3468 Aliqui
695 3375 852 3443 saniores
871 3374 995 3444 dolent
1019 3373 1130 3442 vicem
1154 3369 1224 3440 Ec·
1274 3388 1408 3458 morte,
1434 3389 1551 3445 tamen
1577 3401 1651 3445 nun
1670 3374 1828 3446 sentiunt
1847 3374 2025 3444 snalorum
2046 3377 2267 3467 magnitudi-

232 3493 359 3566 clesiae
381 3503 566 3576 oppressae
591 3472 757 3547 horribili
789 3475 996 3570 tyrannide,
1026 3477 1085 3543 sed
1117 3473 1224 3541 minis
1275 3502 1377 3556 uena,
1410 3500 1484 3565 uon
1517 3491 1692 3571 quaeruut
1722 3500 1861 3547 causam
1884 3499 2158 3558 aerumnarum,
2189 3503 2266 3549 non

158 3614 161 3619 ·
232 3603 417 3689 potentum
438 3578 675 3676 perterrefacti
697 3577 834 3662 iacent,
857 3590 899 3648 ut
916 3574 1079 3668 Apostoli
1097 3575 1224 3664 dilapsi
1274 3590 1439 3649 metuunt
1465 3576 1533 3650 Dei
1558 3580 1750 3663 iudicium,
1781 3578 1912 3651 ludunt
1933 3579 2040 3647 etiam
2056 3579 2265 3649 deridendis

173 3698 181 3709 “
234 3708 354 3777 arant,
391 3712 471 3759 cum
493 3678 657 3755 Christus
678 3680 875 3750 afficeretur
896 3677 1081 3771 supplicio.
1142 3674 1225 3746 Tali
1274 3681 1525 3769 religionibus,
1545 3697 1672 3752 etcum
1688 3681 1879 3752 offecturae
1894 3691 1976 3750 suut
1989 3680 2148 3772 ipsorum
2164 3704 2264 3748 oom-

233 3815 411 3888 tempore,
437 3787 500 3859 etsi
515 3808 580 3854 nos
594 3783 737 3876 quidem
755 3781 905 3872 privati,
931 3778 1090 3872 oppressi
1104 3791 1225 3873 tyran·
1277 3782 1411 3860 modis,
1444 3785 1562 3853 delere
1588 3780 1824 3873 Evangelium
1852 3796 2042 3866 conantur,
2071 3795 2105 3853 et
2133 3804 2261 3871 expro-

217 3903 337 3982 ·uide,
363 3915 487 3987 parum
503 3888 668 3980 prodesse
682 3880 862 3954 Ecclesiae
877 3904 1081 3975 possumus,
1107 3895 1224 3951 tamen
1276 3898 1379 3954 mum
1407 3882 1621 3974 impietatem
1642 3910 1681 3954 ac
1701 3883 1882 3955 saevitiam
1900 3885 2067 3955 adversus
2081 3876 2262 3955 Christum

236 4004 418 4073 imitemur
434 3990 633 4080 exemplum
649 3984 812 4056 semivivi
831 3984 998 4069 latronis,
1024 3983 1084 4077 qui
1101 3983 1224 4053 convi-
1278 3985 1403 4055 eteius
1426 3988 1595 4060 membra.
1651 3985 1700 4058 Ut
1721 4002 1806 4058 tunc
1827 3987 1919 4055 latro
1940 3983 2267 4055 virulentisironiis

236 4106 299 4178 ciis
316 4097 525 4190 respondet,
551 4104 584 4160 et
607 4087 755 4177 gloriam
772 4083 904 4155 Christi
931 4109 993 4156 sua
1010 4109 1096 4156 voce
1112 4107 1227 4177 quau·
1278 4087 1474 4175 exagitabat
1496 4090 1610 4159 lilium
1634 4086 1720 4173 Dei,
1753 4088 1801 4157 ita
1831 4087 1961 4158 videtis
1987 4087 2116 4178 impios
2144 4086 2268 4157 ludere

237 4222 312 4276 tum
331 4215 461 4293 potest,
486 4215 566 4260 cum
583 4190 652 4256 iam
668 4187 820 4254 animam
836 4186 930 4254 iuter
945 4189 1067 4256 dentes
1082 4199 1228 4268 teneret,
1280 4188 1447 4259 oscinibus
1471 4191 1654 4261 aetatibus.
1711 4186 1765 4259 Ar
1788 4214 1832 4257 ue
1854 4187 1988 4277 putetis
2010 4212 2142 4258 novum
2160 4187 2268 4258 fuisse

237 4303 404 4376 defendit.
456 4291 547 4363 Cum
570 4289 678 4377 igitur
701 4282 914 4356 haeroratio
933 4287 1229 4354 maximeconve-
1279 4291 1488 4380 exemplum.
1555 4288 1659 4361 Alius
1685 4305 1737 4361 est
1766 4284 1879 4360 hostis
1910 4287 2045 4361 Christi
2070 4289 2182 4360 multo
2212 4288 2268 4357 in·

237 4409 313 4477 niat
335 4398 419 4469 huic
442 4391 611 4481 tempori,
643 4393 842 4481 quaeso‘ut
867 4409 941 4455 non
972 4387 1088 4455 solum
1108 4410 1228 4479 aequo
1279 4391 1417 4474 festior,
1444 4395 1578 4464 scilicet
1609 4392 1792 4464 Diabolus.
1852 4388 2071 4481 lsprimum
2094 4392 2179 4461 odio
2202 4386 2269 4460 Dei

238 4507 358 4581 animo
373 4494 556 4568 historiam
576 4493 753 4561 latronum
767 4486 937 4571 audiatis,
961 4487 1024 4556 sed
1047 4487 1151 4556 etiam
1168 4512 1229 4557 es·
1280 4494 1409 4562 avulsit
1422 4496 1467 4563 ab
1481 4521 1522 4565 eo
1540 4494 1673 4587 primos
1686 4505 1859 4585 parentes.
1899 4490 1934 4562 ls
1950 4492 2128 4564 similibus
2144 4490 2271 4563 ironiis

238 4605 389 4699 carpatis
411 4595 569 4687 exempla
593 4591 693 4662 vobis
716 4588 839 4671 utilia,
871 4603 905 4660 et
921 4588 1058 4659 animos
1074 4589 1230 4660 excitetis
1280 4594 1319 4660 iu
1341 4599 1504 4684 paradiso
1525 4597 1690 4666 miseram
1714 4595 1900 4666 mulierem
1922 4595 2065 4681 fefellit,
2088 4618 2168 4667 cum
2186 4618 2272 4687 pru·

239 4715 283 4783 ad
312 4705 519 4777 inritandam
549 4697 714 4766 virtutem
739 4690 788 4784 pii
812 4691 979 4771 latronis,
1017 4690 1078 4784 qui
1105 4703 1139 4759 et
1161 4691 1229 4760 lide
1280 4694 1432 4766 mitteret
1458 4700 1533 4767 lore
1555 4697 1707 4767 similem
1731 4694 1823 4767 Deo:
1861 4694 1994 4781 Eritis,
2017 4697 2156 4792 iuquit,
2178 4695 2271 4764 sicut

240 4811 336 4886 latine
366 4806 522 4877 medium
558 4798 670 4869 lesum
696 4792 860 4886 supplicii
889 4792 1040 4878 socium,
1072 4793 1230 4883 agnoscit
1280 4793 1353 4867 Dii.
1416 4796 1513 4868 ldem
1543 4800 1779 4872 calumniator
1802 4795 1909 4869 habet
1929 4797 2117 4871 fascinatas
2141 4796 2271 4888 impio-

241 4938 313 4986 esse
335 4923 494 4980 asttorem
512 4902 604 4972 vitae
626 4910 836 4991 perpetuae,
862 4909 897 4967 et
911 4893 1051 4966 fortiter
1066 4919 1147 4966 eum
1164 4895 1229 4964 ad·
1280 4923 1360 4997 rum
1386 4915 1521 4971 mentes
1540 4903 1640 4971 omni
1665 4917 1823 4993 tempore
1845 4902 1943 4972 salsis
1963 4903 2007 4972 de
2023 4898 2100 4971 Deo
2122 4922 2271 4992 persua-

240 5038 362 5086 versus
391 5012 563 5078 latronem
587 4998 860 5072 conviciatorem
883 5010 1097 5088 propugnat
1155 4995 1230 5070 lte-
1281 5001 1452 5073 sionibus.
1506 5000 1573 5072 His
1594 5005 1756 5077 abutitur
1775 5016 1945 5097 tauquam
1964 5003 2126 5093 organis,
2149 5003 2194 5073 ad
2212 5026 2268 5072 ex-

240 5132 357 5214 petam
373 5111 482 5200 igitur
499 5106 607 5175 totius
619 5099 807 5192 spectaculi
823 5097 1112 5188 significationem
1123 5099 1230 5190 paulo
1281 5103 1445 5191 plaudam
1471 5105 1647 5176 infinitam
1672 5106 1748 5177 odii
1768 5105 1824 5173 sui
1854 5106 2081 5176 acerbitatem
2103 5106 2274 5174 adversus

240 5221 357 5291 altius.
407 5208 489 5280 Duo
505 5206 660 5275 latrones
674 5201 805 5292 pariter
824 5199 939 5270 affecti
956 5200 1130 5292 supplicio
1150 5225 1230 5270 cuna
1281 5204 1393 5274 lilium
1411 5205 1489 5279 Dei.
1541 5207 1650 5278 Latro
1671 5207 1799 5297 igitur,
1823 5220 1865 5276 ut
1880 5208 2007 5278 caeteri
2027 5204 2147 5299 impii,
2172 5217 2277 5274 actor

238 5321 401 5400 Christo,
434 5306 632 5399 significant
660 5301 865 5371 universum
894 5324 1006 5391 genus
1035 5294 1232 5372 humanum
1281 5320 1333 5376 est
1357 5302 1483 5379 barum
1507 5310 1724 5394 iconiarum,
1756 5308 1816 5375 sed
1836 5308 1898 5378 ille
1913 5307 2183 5402 superbissimus
2200 5306 2276 5398 spi-

239 5422 453 5500 destiuatum
470 5433 544 5483 esse
560 5406 666 5476 avorti
680 5416 824 5494 propter
837 5419 1027 5494 peccatum.
1079 5399 1149 5473 Hic
1163 5402 1232 5493 igi·
1280 5404 1371 5478 ritus
1385 5405 1495 5481 hostis
1509 5407 1597 5493 Dei,
1622 5420 1672 5479 est
1687 5432 1809 5479 earum
1825 5414 1950 5503 poetar
