4732 6030
120 315 193 390 441
534 305 698 385 nuel.
737 304 813 383 DE
844 303 990 382 VITA
1022 298 1336 382 RODOLPHI
1367 293 1728 378 AGRICOLAE.
1788 286 1790 291 ¹
2073 304 2149 383 trs

122 489 223 560 ribus
243 485 425 577 disputans
445 483 491 553 de
515 482 710 553 eruditiore
729 475 978 575 Philosophia.
1039 475 1119 552 Au·
1170 497 1272 566 saepe
1296 471 1511 565 praedicavit
1531 467 1717 566 Rodolpbi
1736 487 1917 562 naturam,
1949 502 2052 571 quem
2075 479 2160 551 imi-

125 592 241 662 dierat
273 600 391 656 autem
419 584 585 654 renovari
610 598 696 655 tunc
723 581 880 655 Graecae
907 597 943 654 et
969 582 1119 654 Latinae
1169 577 1237 646 tari
1254 575 1413 645 Italicam
1425 587 1643 644 venustatem
1657 575 1733 644 sine
1744 576 1887 668 ineptiis
1899 582 2054 670 potuisse
2067 583 2158 653 fere-

124 693 265 779 linguae
288 686 403 757 studia
426 688 466 755 in
489 683 604 758 Italia.
659 684 750 757 Nam
775 698 854 775 post
879 699 1021 777 captum
1047 680 1119 777 By·
1168 680 1240 747 bat.
1279 674 1411 745 Verum
1427 673 1586 745 Musicae
1603 689 1750 746 naturae
1764 679 1808 747 ad
1823 681 2157 769 pronunciationem

126 791 301 874 santium,
326 784 454 857 Graeci
464 786 558 877 pulsi
571 785 702 876 patria,
727 788 766 855 in
781 785 920 856 ltaliam
936 786 1041 856 multi
1058 807 1120 851 ve-
1168 793 1203 849 et
1225 777 1420 860 actionem,
1445 776 1596 867 aptiores
1620 790 1704 848 sunt
1722 781 1876 849 caeteris.
1927 779 2158 855 Constatau-

125 902 278 974 nerunt,
303 889 366 982 qui
384 882 650 976 Philosophiam
672 901 707 958 et
727 888 969 981 eloquentiam
991 887 1044 956 ibi
1063 908 1119 956 re-
1169 892 1237 949 tem
1253 873 1487 967 Rodolphum
1509 878 1560 948 ita
1584 880 1785 950 excelluisse
1810 881 1850 950 in
1866 879 2035 967 Musiris,
2059 884 2157 955 mul-

125 1000 321 1075 novarunt,
345 989 446 1059 cuius
468 988 584 1059 studia
607 1001 687 1079 post
704 989 897 1080 collapsum
917 988 1120 1080 imperium,
1168 992 1221 1051 tas
1236 992 1277 1050 ut
1291 979 1485 1065 cantilenas
1500 980 1753 1070 composuerit:
1785 982 1857 1051 imo
1872 995 1911 1053 ut
1932 981 2030 1054 Italis
2047 985 2156 1059 fuerit

125 1114 269 1186 prorsus
285 1090 324 1159 in
339 1088 439 1160 Italia
454 1089 706 1159 conticuerant.
758 1088 987 1179 lntelligebat
1001 1100 1119 1161 autern
1168 1079 1376 1167 iucundior,
1409 1093 1593 1171 propterea
1618 1084 1715 1175 quod
1738 1084 1918 1153 interdum
1940 1079 2083 1178 cythara
2096 1085 2156 1156 lu-

125 1195 201 1264 sine
211 1190 357 1263 Graecis
366 1191 478 1261 literis
486 1184 753 1283 Philosophiam
770 1192 906 1283 percipi
923 1214 996 1261 non
1006 1210 1119 1281 posse.
1168 1185 1266 1254 deret
1282 1182 1320 1250 in
1336 1182 1510 1251 conviviis
1525 1183 1757 1275 eruditorum.
1798 1184 1941 1273 Quanta
1955 1186 2062 1257 fuerit
2078 1187 2156 1258 eius

125 1292 252 1385 Coepit
262 1291 372 1381 igitur
388 1290 558 1383 impeturn
574 1291 818 1383 proficiscendi
836 1294 874 1362 in
892 1290 1054 1372 ltaliam,
1078 1304 1120 1361 ut
1167 1283 1355 1379 sedulitas,
1385 1282 1470 1350 inde
1491 1284 1668 1354 aestimari
1688 1298 1822 1377 potest,
1847 1289 1942 1380 quod
1958 1285 2156 1376 Quintilia-

126 1409 161 1466 et
175 1396 389 1467 disertorum
404 1393 659 1462 consuetudine
674 1416 715 1462 ac
728 1395 902 1486 exemplis
915 1416 1025 1483 genus
1040 1414 1122 1462 ora-
1167 1408 1256 1455 num
1277 1408 1339 1453 sua
1360 1406 1469 1452 manu
1485 1383 1660 1488 integrum
1680 1386 1875 1477 descripsit.
1926 1385 2005 1481 lpse
2018 1390 2155 1479 signib-

126 1495 236 1568 tionis
256 1497 476 1577 emendaret,
509 1507 544 1564 et
568 1489 822 1585 Philosophiae
846 1497 962 1566 fontes
988 1516 1119 1584 coguo-
1167 1501 1222 1556 cat
1237 1485 1327 1555 sein
1343 1482 1442 1554 ltalia
1458 1486 1654 1555 naturalem
1670 1481 1979 1559 historiamPlinii
2001 1491 2156 1581 diligen-

130 1609 249 1668 sceret.
302 1593 410 1667 Venit
426 1592 643 1679 Ferrariam,
667 1595 732 1664 ubi
749 1609 837 1666 tunc
851 1597 995 1691 quidem
1008 1595 1120 1684 magis
1167 1601 1220 1658 ter
1237 1587 1380 1676 legisse,
1407 1585 1565 1656 fortassis
1581 1588 1765 1658 occasione
1784 1589 1975 1677 invitatus,
1999 1595 2097 1686 quod
2113 1591 2154 1661 in

127 1698 303 1768 florebant
311 1696 432 1790 studia
444 1690 694 1788 Philosophiae
704 1719 745 1767 ac
758 1698 997 1791 eloquentiae,
1013 1720 1118 1789 quam
1167 1712 1208 1760 co
1226 1688 1303 1758 loco
1325 1686 1464 1758 facilius
1488 1687 1667 1781 inquirere
1678 1691 1825 1781 plantas
1844 1692 1980 1782 potuit,
2006 1707 2042 1764 et
2056 1688 2156 1765 haud

128 1802 166 1868 in
187 1794 546 1868 caeterisAcademiis
562 1797 704 1868 Italicis.
746 1796 836 1868 Nam
852 1798 1025 1869 Hercules
1037 1795 1118 1866 Dux
1167 1789 1275 1859 dubie
1295 1789 1386 1859 vidit
1406 1786 1634 1860 Aristotelem
1663 1804 1698 1863 et
1727 1787 2034 1883 Theophrastum,
2066 1818 2156 1865 con-

125 1898 309 1970 Ferrariae
322 1899 494 1970 sentiebat
508 1899 552 1968 ad
569 1898 657 1968 boni
673 1898 851 1990 Principis
867 1900 1022 1970 officium
1036 1922 1119 1990 per·
1166 1914 1319 1961 versosa
1336 1888 1449 1974 Gaza,
1475 1913 1656 1983 quoscum
1673 1892 1819 1982 legeret,
1851 1892 2009 1964 Plinium
2025 1895 2156 1967 adiun-
2208 1910 2231 1929 ·

124 2001 237 2071 tinere
261 2024 384 2070 curam
406 2000 579 2073 iuvandae
601 2001 652 2069 rei
678 2000 872 2083 literariae,
903 2024 943 2069 ac
965 1999 1117 2068 delecta-
1166 1992 1319 2081 gendum
1342 2012 1416 2059 esse
1439 1991 1559 2077 duxit,
1590 2007 1631 2064 ut
1647 1995 1743 2064 unde
1758 1992 1853 2065 Gaza
1868 1993 2016 2067 Latinas
2031 1996 2156 2090 adpel-

46 2134 49 2138 ·
125 2103 232 2172 batur
261 2101 336 2192 ipse
368 2101 588 2171 eruditorum
618 2101 767 2189 scriptis.
825 2096 915 2171 Erat
937 2098 1118 2169 Ferrariae
1166 2095 1316 2164 lationes
1342 2091 1564 2181 sumpsisset,
1604 2096 1816 2167 observaret.
1880 2094 1978 2166 Haec
2009 2098 2157 2172 collatis

126 2196 340 2270 Theodorus
355 2198 471 2280 Gar-a,
503 2200 565 2292 qui
580 2202 781 2271 eruditione
802 2214 837 2271 et
850 2201 1049 2295 eloquentia
1064 2201 1118 2269 fa·
1166 2193 1358 2286 plurimum
1376 2193 1407 2260 ei
1419 2193 1569 2284 profuit,
1585 2197 1833 2286 adaugendam
1849 2212 1884 2270 et
1896 2222 2015 2271 rerum
2031 2200 2155 2293 cogni·
2262 2272 2269 2283 ,

127 2302 193 2372 cile
209 2302 410 2373 antecelluit
427 2297 572 2370 Graecis
587 2303 754 2372 omnibus
777 2303 940 2396 quitunc
961 2299 1117 2371 initalia
1166 2295 1299 2366 tionem
1326 2307 1362 2364 et
1383 2296 1570 2367 verborum
1592 2299 1743 2391 copiam.
1793 2299 1906 2372 Porro
1928 2325 2009 2372 cnm
2031 2325 2068 2374 se
2096 2302 2154 2372 di-

127 2416 240 2476 eram,
300 2400 357 2471 lbi
381 2399 563 2472 Guarinus
588 2400 723 2473 Graece
747 2416 781 2474 et
808 2403 931 2474 Latine
959 2403 1118 2488 docebat,
1162 2398 1316 2486 ligenter
1348 2396 1550 2487 expoliisset
1581 2401 1682 2475 ¹inter
1715 2403 1939 2475 doctissimos
1971 2399 2157 2493 homines,

127 2505 184 2573 vir
200 2505 237 2571 in
255 2504 380 2594 primis
395 2503 556 2593 diligens.
596 2501 757 2576 Aderant
772 2518 804 2574 et
821 2503 965 2576 Strozae
978 2504 1118 2590 Podtae,
1166 2498 1374 2593 tandem'in
1397 2501 1547 2589 patriam
1573 2502 1695 2588 rediit,
1733 2504 1798 2573 ubi
1831 2529 1905 2579 non
1933 2504 1997 2575 diu
2023 2500 2156 2578 haesit:

126 2629 205 2675 cum
222 2605 353 2696 quibus
366 2617 511 2694 apparet
531 2627 691 2694 magnam
715 2607 822 2676 fuisse
840 2607 1116 2678 familiaritatem
1165 2624 1248 2670 narn
1273 2600 1456 2692 aliquanto
1479 2614 1558 2691 post
1583 2604 1756 2687 reditum,
1788 2606 2039 2676 atcerfflssstsst
2053 2605 2154 2701 Hey·
2207 2656 2212 2685 ·.

124 2702 331 2798 Rodolpbo.
389 2702 523 2777 Extant
554 2719 588 2776 et
610 2702 947 2779 Mathematicorum
977 2707 1117 2799 scripta,
1165 2703 1365 2789 delbergam
1387 2724 1407 2770 a
1429 2700 1624 2793 Dalburgio
1643 2700 1820 2794 Episcopo
1842 2704 2088 2795 Vangionnm,
2118 2718 2176 2785 et..

126 2808 187 2900 qni
203 2809 294 2897 apud
305 2806 493 2877 Herculem
504 2808 779 2879 tunc'vixerunt.
817 2806 982 2904 Denique
995 2830 1118 2879 omnes
1165 2802 1397 2888 Pleningero,
1429 2826 1532 2895 quem
1558 2805 1633 2895 ipse
1656 2804 1813 2875 Plinium
1838 2807 2011 2880 nominat.
2060 2803 2154 2878 Cum

127 2921 217 2977 artes
249 2910 300 2977 ihi
327 2908 550 2977 foelicissime
577 2911 818 2983 tradebantur.
881 2909 980 2998 Quid
1003 2921 1118 3003 potest
1166 2900 1224 2974 his
1243 2904 1339 2974 euim
1362 2902 1401 2972 in
1423 2899 1524 2973 ltalia
1547 2902 1740 2999 Rodolpho
1765 2907 1986 2978 familiaritas
2014 2890 2155 2979 sumina

127 3023 244 3079 autem
262 3007 400 3078 homini
415 3008 618 3095 ingenioso,
652 3010 796 3078 incenso
817 3033 921 3079 verae
935 3013 1118 3080 doctrinae
1165 3010 1297 3090 fuerat,
1331 3004 1393 3098 qui
1425 3021 1545 3095 postea
1577 3009 1682 3078 ambo
1710 3025 1941 3099 pervenerant
1967 3011 2007 3079 in
2030 3010 2153 3082 aulam

126 3134 267 3188 amore,
300 3109 405 3175 avido
428 3107 607 3188 discendi,
640 3110 754 3198 qualis
790 3122 864 3178 erat
892 3106 1117 3202 Rodolpbus,
1165 3107 1342 3198 Principis
1361 3104 1513 3175 Palatini
1538 3103 1718 3200 Philippi,
1752 3113 1812 3203 qui
1835 3125 1876 3183 nt
1897 3125 1972 3183 erat
1994 3108 2154 3204 splendi·
2245 3174 2248 3179 .

127 3210 332 3296 contingere
353 3206 526 3296 optatius,
555 3225 660 3299 quant
678 3223 717 3279 ut
732 3209 770 3277 in
789 3209 850 3280 tali
866 3223 968 3280 coetu
984 3211 1116 3282 Docto-
1166 3211 1250 3293 dus,
1283 3221 1318 3276 et
1344 3230 1417 3275 ηοη
1440 3209 1540 3277 rudis
1570 3210 1751 3280 literarum
1786 3225 1822 3282 et
1840 3235 1968 3303 magna
1989 3212 2156 3285 comitate

126 3333 208 3380 rum
243 3307 363 3377 vivat?
412 3304 481 3375 Hic
513 3307 628 3376 soluta
663 3311 824 3381 oratione
855 3313 1010 3385 certabat
1035 3336 1115 3383 cum
1165 3309 1366 3401 praeditus,
1390 3308 1531 3379 volebat
1553 3310 1670 3379 aulam
1692 3305 1824 3381 habere
1846 3326 2007 3385 ornatam
2023 3312 2155 3385 'litera-
2210 3322 2214 3327 ’

128 3407 310 3492 Guarino,
334 3430 436 3476 versu
451 3430 531 3476 cum
549 3405 703 3494 Strozis,
728 3412 773 3480 de
790 3405 1023 3504 Philosophia
1041 3415 1115 3483 dis-
1154 3411 1211 3480 ‘tis
1236 3406 1455 3482 hominihus.
1515 3405 1732 3501 Dalburgius
1757 3410 1998 3485 Cancellsrius
2023 3415 2156 3486 deinde

127 3511 267 3579 serebat
288 3533 368 3577 cum
393 3503 585 3578 Theodoro
611 3507 729 3592 Gaza,
757 3525 792 3584 et
807 3514 954 3584 caeteris
967 3515 1116 3584 summis
1163 3511 1278 3582 factus
1300 3523 1353 3581 est
1365 3507 1593 3599 Vangionum
1614 3508 1831 3605 Episcopus·
1876 3517 1912 3586 ls
1930 3514 2157 3610 Heydclber=

125 3610 224 3683 viris.
301 3607 481 3680 Audiebat
519 3610 731 3698 professores
772 3613 936 3685 omnium
972 3617 1114 3691 artium.
1164 3636 1243 3703 garn
1265 3610 1404 3683 vocavit
1430 3607 1682 3702 Redolphum‚
1713 3637 1775 3686 seu
1800 3629 1840 3687 ut
1864 3617 1940 3685 eius
1962 3630 2152 3689 consuetu·

118 3702 287 3803 'Cumque
309 3711 442 3802 pariter
465 3711 637 3780 excoleret
651 3713 835 3802 ingenium
855 3715 1036 3785 doctrinae
1051 3740 1114 3785 va-
1164 3716 1249 3783 dine
1265 3736 1301 3782 se
1316 3713 1390 3804 ipse
1405 3714 1449 3780 ad
1463 3727 1556 3783 recte
1566 3706 1793 3785 scribendum
1818 3718 2064 3802 assuefaceret,
2087 3741 2152 3789 seu

124 3813 268 3896 rietate,
300 3825 335 3881 et
358 3810 618 3902 ineloquentia
643 3813 854 3899 elaboraret,
885 3815 1052 3886 totiuain
1077 3838 1114 3886 se
1164 3828 1206 3886 ut
1233 3815 1399 3885 iuventus
1434 3807 1579 3883 haberet
1608 3815 1691 3907 styli
1721 3818 1963 3889 formatorem.
2031 3818 2157 3888 Huius¹

125 3910 247 3987 ltaliae
264 3936 326 3982 ora
341 3912 532 4005 oculosque
547 3916 731 3986 convertit.
772 3911 1112 4004 Magnacnmlau'de
1163 3911 1351 4003 Dalburgii
1376 3915 1610 3986 coutubernio
1634 3939 1720 3986 usus
1739 3931 1791 3986 est
1816 3920 1931 4009 quoad
1954 3919 2052 3988 vixit.
2102 3914 2153 3991 Et

124 4015 332 4107 disputavit,
359 4014 537 4083 enarravit
558 4028 698 4086 autores
719 4016 903 4110 utriusque
917 4018 1059 4108 linguae
1073 4019 1112 4086 in
1164 4036 1368 4109 quanquam
1386 4013 1489 4082 licuit
1505 4036 1577 4082 esse
1593 4016 1731 4098 ocioso,
1757 4029 1873 4085 tamen
1889 4030 2034 4109 propter
2050 4018 2153 4090 utili-

124 4115 186 4185 illa
208 4116 282 4205 ipsa
306 4112 517 4199 Academia,
547 4110 673 4186 habuit
697 4117 874 4185 orationes
888 4140 1015 4207 magna
1031 4143 1111 4190 cum
1163 4128 1271 4186 tatem
1303 4111 1516 4195 iuventutis,
1561 4114 1601 4183 in
1631 4111 1823 4187 Academia
1857 4119 1998 4210 publice
2030 4120 2154 4193 docuit

125 4215 381 4306 approbatione
396 4217 628 4289 eruditorum.
680 4214 793 4288 Porro
813 4219 1113 4308 magnalauafuit
1165 4214 1299 4287 Graece
1321 4226 1356 4284 et
1375 4209 1517 4283 Latine.
1568 4213 1756 4288 Necdusit
1776 4219 1844 4288 sihi
1861 4245 1984 4312 parurn
2001 4216 2152 4291 honori-

125 4312 264 4386 bomini
275 4313 477 4403 Germano,
502 4342 577 4388 non
590 4319 705 4389 solum
721 4319 921 4390 eruditione
936 4332 971 4390 et
985 4342 1112 4410 genere
1163 4319 1268 4388 ficum
1285 4336 1376 4396 esse,
1400 4337 1603 4410 quanquam
1617 4318 1751 4404 aulico,
1776 4314 1913 4392 scholas
1926 4318 2069 4395 habere.
2101 4320 2154 4399 Ut

125 4418 320 4499 sermonis,
360 4421 422 4489 sed
456 4421 564 4491 etiam
588 4433 770 4491 venustate
798 4417 948 4492 actionis
973 4422 1113 4493 satisfs·
1163 4414 1388 4505 scholasticas
1408 4438 1533 4508 operas
1548 4442 1645 4489 nunc
1658 4420 1762 4491 multi
1781 4423 1908 4493 leviter
1922 4424 2023 4495 tincti
2039 4423 2167 4496 literis·

127 4541 205 4589 cere
220 4517 361 4601 ltaliae,
385 4542 524 4591 morose
547 4545 588 4592 ac
608 4522 787 4592 fastidiose
801 4520 989 4599 iudicanti.
1039 4522 1113 4594 Nec
1162 4520 1368 4602 fastidiunt,
1392 4530 1432 4591 ut
1447 4531 1499 4590 est
1515 4512 1622 4590 buius
1637 4523 1889 4611 perversissimi
1904 4526 2013 4596 accub
2023 4523 2153 4618 'super-

126 4620 256 4712 opinor
269 4621 335 4691 ulli
350 4620 610 4692 Germanorum
624 4637 763 4714 practer
782 4618 897 4709 hune,
923 4620 1031 4696 Italos
1046 4625 1113 4695 tri·
1162 4623 1235 4695 bia.
1286 4621 1389 4692 Adiit
1404 4618 1528 4691 crebro
1544 4623 1801 4712 disputationes
1815 4628 1974 4696 omniurn
1991 4624 2152 4720 discipli-

125 4720 244 4793 buiase
261 4734 417 4810 tantum,
442 4735 483 4793 ut
505 4722 647 4810 publi'ee
661 4726 845 4797 docentem
858 4749 939 4797 cum
955 4725 1112 4795 admira·
1163 4749 1303 4796 narum.
1361 4719 1404 4789 ln
1420 4714 1651 4813 Philosophia
1676 4728 1886 4797 emendabat
1907 4728 2044 4819 ineptas
2066 4751 2153 4821 per·

125 4822 224 4896 tione
239 4822 420 4910 audirent,
443 4846 484 4892 ac
496 4821 629 4914 paritor
640 4827 895 4912 eruditionem,
919 4850 1112 4918 genusser-
1163 4827 1342 4897 suasiones
1362 4816 1512 4891 scholae.
1565 4822 1619 4893 lbi
1636 4825 1741 4894 etiam
1756 4827 1895 4916 scripsit
1907 4828 2017 4899 libros
2038 4830 2153 4903 diale-

124 4926 243 4995 monis
269 4937 304 4995 et
327 4925 500 4995 actionem
522 4925 725 5015 probarent.
782 4927 903 4999 Audio
927 4940 1029 5019 sae'pe
1050 4952 1111 5001 ro-
1163 4929 1287 5007 cttcos,
1311 4936 1351 4993 ut
1366 4937 1476 4992 artem
1491 4939 1714 5015 repurgaret,
1740 4950 1886 5021 eamque
1902 4953 1921 4999 e
1939 4932 2095 5003 tenebris
2110 4932 2152 5003 in

125 5040 244 5117 gatum
269 5049 341 5096 esse
362 5021 550 5096 Erasmum
576 5025 615 5095 in
633 5023 754 5109 Italia,
779 5044 819 5101 ut
834 5029 1011 5123 specimen
1028 5053 1132 5109 suae,
1163 5030 1277 5100 lucem
1298 5038 1335 5096 et
1358 5026 1396 5093 in
1411 5027 1520 5096 aciem
1539 5028 1721 5107 educeret,
1748 5049 1850 5098 usum
1868 5031 2029 5103 videlicet
2045 5057 2154 5105 mon·
2282 5024 2290 5037 ’

124 5127 337 5198 eruditionis
351 5151 391 5198 ac
405 5127 590 5198 facundiae
605 5129 746 5220 publica
761 5131 996 5220 praelectione
1009 5154 1113 5223 prae-
1163 5145 1289 5203 atrans.
1339 5124 1449 5198 Senes
1472 5123 1737 5221 Heydelbergae
1766 5146 1915 5225 namant
1935 5157 2050 5204 mores
2074 5135 2153 5205 eins

38 5286 45 5295 .
123 5229 233 5301 beret.
291 5227 360 5300 Sed
383 5242 423 5299 ut
447 5221 513 5299 bac
537 5231 577 5298 in
599 5254 637 5300 re
660 5230 783 5301 amicis
804 5255 941 5303 morem
966 5247 1112 5324 gereret,
1151 5228 1330 5327 ⁸honestos
1349 5243 1385 5299 et
1406 5242 1521 5299 castos
1539 5229 1665 5315 fuisse,
1691 5244 1759 5302 eta
1775 5232 1910 5321 livore,
1933 5235 2153 5305 malevolen-

122 5329 254 5401 adduci
285 5353 467 5424 nonquam
493 5331 628 5421 potuit,
666 5346 828 5403 metuens
851 5354 899 5402 ne
931 5334 978 5405 ab
1012 5333 1112 5406 Italis
1162 5335 1210 5405 tia
1241 5357 1282 5404 ac
1306 5329 1503 5425 pantaneia
1535 5330 1785 5419 alienissimos.-
1839 5332 1924 5407 Non
1944 5349 1997 5407 est
2023 5335 2151 5407 solitus

122 5431 372 5525 pronunciatio
394 5427 550 5503 bominis
571 5430 745 5505 Germani
767 5434 999 5515 derideretur.
1056 5437 1113 5511 Ac
1160 5436 1301 5507 irritare
1320 5453 1501 5519 morosos,
1532 5430 1789 5529 intempestivis
1802 5430 2152 5528 reprehensionibus,
