4732 6030
142 299 218 376 686
710 317 712 320 ’
845 295 1004 374 DECL.
1036 293 1112 370 ΒΕ
1144 288 1471 368 AMBROSIO.
1969 385 1973 391 .
2043 290 2172 380 '586
2234 387 2237 390 ,

141 477 191 547 ris
207 473 336 543 noticia
352 469 529 540 mentibus
546 470 651 543 insita
666 484 729 542 est.
771 468 863 540 Tota
876 483 1003 540 natura
1020 471 1133 552 docet,
1184 475 1259 534 tum
1273 465 1511 536 calamitatum
1529 466 1568 537 in
1590 462 1656 538 hac
1670 470 1771 542 rita?
1820 473 1895 546 Cur
1916 500 1996 549 cum
2017 490 2172 549 caeterae

142 600 215 650 esse
231 572 347 656 Deum
359 585 511 641 mentem
530 586 727 656 aeternam,
751 572 913 656 unicam,
939 572 1131 641 immensae
1183 587 1239 634 res
1255 567 1410 651 coelum,
1437 579 1548 653 terra,
1570 569 1721 660 plantae,
1745 575 1951 661 animantia,
1972 579 2046 649 suis
2062 603 2170 673 quae-

66 707 69 713 ’
141 675 338 771 potentiae,
370 672 491 741 omnia
515 675 807 765 prospicientem,
838 672 998 758 iustam,
1022 674 1132 743 bene·
1182 689 1251 758 que
1273 665 1410 756 legibus
1438 670 1698 761 obtemperent:
1731 678 1828 746 solus
1854 674 1962 747 homo
1992 702 2071 750 ase
2090 680 2169 773 ipso

140 780 260 856 ticam,
287 800 406 845 rerum
428 774 587 843 omnium
604 776 852 852 conditricem,
879 788 913 843 et
934 788 973 844 ut
995 776 1131 864 gravis-
1181 767 1347 853 dissidet,
1373 770 1470 839 solus
1494 794 1681 862 oppressus
1702 789 1753 846 cst
1774 780 1881 849 tantis
1903 781 2100 865 aerumnis,
2127 795 2169 854 ut

140 880 227 949 sime
240 877 331 946 dixit
346 875 463 945 Plato:
489 880 558 946 τοῦ
579 871 732 973 ἀγαθοῦ
745 871 894 971 φύσεως
909 871 1044 947 αἰτίαν.
1180 891 1237 937 eas
1268 869 1388 938 nullae
1422 868 1640 960 Tragoediae
1677 877 1761 946 satis
1798 881 1982 971 deplorare
2019 883 2168 971 possint.

241 977 314 1047 Nec
336 974 531 1069 Cyclopum
556 991 619 1046 aut
643 975 903 1069 Epicureorum
926 977 1129 1047 immanitas
1179 965 1302 1039 Cernit
1323 965 1553 1063 Philosophia
1576 971 1667 1045 hanc
1697 978 1813 1058 labem
1838 977 1986 1051 humani
2013 983 2167 1071 generis:

140 1082 256 1151 delere
278 1073 369 1145 hanc
394 1092 540 1146 naturae
565 1102 685 1147 vocem
712 1092 843 1170 potest,
869 1079 1006 1150 etiamsi
1026 1100 1129 1168 agge·
1179 1072 1239 1139 ted
1256 1094 1320 1147 nec
1335 1075 1430 1141 unde
1445 1074 1508 1158 Sil,
1532 1099 1596 1146 ¹¹⁸⁰
1613 1101 1702 1169 quae
1717 1079 1791 1152 tint
1806 1085 1960 1153 remedia
1975 1085 2142 1165 Ostendit·

139 1184 201 1253 stis
224 1179 405 1248 montibus
428 1180 562 1249 bellum
585 1180 682 1248 coelo
705 1181 870 1251 inferant.
920 1179 990 1250 Sed
1008 1179 1127 1249 revin-
1279 1170 1358 1243 Una
1388 1186 1439 1242 est
1470 1189 1589 1245 autem
1616 1175 1792 1250 Ecclesiae
1819 1185 2003 1264 doctrina,
2038 1185 2166 1259 tradiit

138 1296 268 1353 cuntur
282 1302 363 1349 suae
378 1280 610 1351 conscientiae
622 1280 844 1367 testimoniis,
861 1294 895 1351 et
910 1280 1032 1350 multis
1044 1304 1127 1371 per·
1168 1270 1264 1356 inde·
1279 1294 1390 1365 usque
1413 1273 1458 1342 ab
1476 1274 1598 1361 initio,
1623 1292 1657 1349 ct
1674 1299 1862 1373 propagata
1882 1287 1986 1356 certis
2004 1286 2165 1356 testimo-

139 1382 269 1475 spicuis
284 1380 509 1468 argumentis.
542 1446 545 1453 ,
1053 1424 1059 1437 1
1178 1373 1267 1458 niis,
1297 1386 1332 1442 et
1363 1386 1456 1443 certa
1479 1377 1569 1445 serie
1590 1381 1750 1449 omnium
1778 1397 1976 1477 temporum
1998 1388 2173 1459 mandata

240 1480 321 1570 QU⁰
337 1482 445 1570 magis
462 1481 665 1550 mirandum
680 1493 732 1550 est
746 1477 916 1566 ethnicos,
938 1503 1017 1551 cum
1034 1475 1126 1550 hanc
1176 1474 1288 1544 literis
1311 1497 1373 1564 per
1389 1471 1583 1567 Prophetas
1603 1494 1637 1550 et
1651 1477 1863 1573 Apostolos,
1887 1511 1976 1580 quae
1993 1501 2027 1556 et
2044 1510 2164 1556 cattssc'ts

137 1586 176 1652 in
196 1583 328 1653 animis
347 1582 513 1652 noticiam
536 1584 820 1671 circumferrent,
845 1582 1040 1653 deseruisse
1057 1585 1125 1653 du·
1176 1570 1305 1645 horum
1331 1576 2165 1673 ¹1¹³¹⁰ffl¹¹¹Patefflclisetmomtrstremedis,
2216 1618 2217 1622 ’

139 1710 212 1755 cem
236 1697 415 1768 naturam,
449 1696 485 1753 et
506 1683 723 1775 prodigiosas
745 1684 883 1754 tabulas
904 1687 948 1753 de
970 1684 1058 1769 diis,
1091 1695 1126 1754 et
1176 1679 1755 1753 docetcett⁰d⁰V⁰i¹1ssi³ieDei
1780 1687 2164 1778 phcatamesteiram‚

137 1788 311 1856 obscoena
327 1807 367 1853 ac
383 1785 539 1855 crudelia
560 1785 727 1855 sacrificia
744 1786 971 1875 excogitasse,
997 1785 1125 1853 deinde
1175 1800 1238 1866 per
1252 1777 1397 1846 unicum
1412 1777 1544 1863 filium,
1570 1805 1675 1873 quem
1689 1784 1784 1856 misit
1807 1787 1844 1855 in
1869 1801 1997 1871 terras,
2018 1803 2164 1881 propter

137 1900 171 1956 pt
196 1887 236 1954 in
262 1885 511 1955 communibus
536 1886 715 1969 moribus,
755 1885 967 1955 reclamante
992 1885 1124 1954 iudicio
1177 1872 1271 1945 ltullc
1301 1875 1509 1945 Pontificem
1538 1883 1697 1950 exaudiri
1725 1882 1947 1974 invocantes,
1979 1890 2095 1959 iuvari
2128 1902 2163 1961 ei
2187 1903 2190 1907 ²

135 2002 303 2070 naturae,
329 2008 431 2073 vagas
454 1998 490 2055 et
510 1987 699 2076 flagitiosas
718 1986 885 2055 libidines
904 1986 1124 2076 approbasse.
1175 1976 1303 2044 donari
1322 1976 1552 2048 inenarrabili
1568 1981 1703 2052 laeticia
1721 1985 1759 2052 in
1775 1989 1844 2058 vita
1860 2004 2039 2082 perpetua.
2064 1987 2162 2061 llaec

136 2089 206 2161 sed
228 2081 321 2154 hanc
337 2086 517 2177 querelam
535 2087 761 2170 omittamus,
786 2109 825 2155 ac
850 2088 893 2154 ad
916 2108 1042 2176 genera
1059 2087 1124 2155 do.
1174 2100 1301 2146 arcana
1328 2077 1498 2165 sapientia
1527 2080 1632 2171 longe
1665 2087 1778 2175 posita
1809 2104 1916 2165 extra,
1936 2106 2169 2182 conspectum,

137 2188 332 2260 ctrinarurn
346 2189 541 2258 redeamus.
1174 2172 1349 2247 humanae
1371 2178 1520 2249 rationis
1540 2182 1770 2256 discernenda
1791 2203 1843 2261 est
1864 2216 1884 2262 a
1911 2192 2048 2283 legibus
2070 2193 2161 2263 civi-

237 2286 361 2357 Laudo
376 2282 613 2381 phocyliden‚
637 2288 817 2358 adsentior
837 2288 928 2380 leges
943 2287 1124 2362 Romanas
1174 2279 1263 2348 lium
1278 2278 1474 2350 officiorum
1503 2294 1537 2353 et
1561 2306 1581 2352 a
1601 2280 1848 2379 Philosophia.
1892 2289 2046 2386 Ideoque
2062 2289 2161 2386 Apo·

135 2386 282 2460 honeste
304 2387 450 2478 scriptas
473 2411 556 2460 esse.
615 2388 735 2459 Probo
759 2390 929 2461 sinceram
955 2389 1122 2465 Philoso-
1173 2381 1254 2452 ⁸¹⁰5
1282 2403 1380 2449 ⁵¹¹³¹¹¹
1411 2383 1608 2453 d⁰⁰lli¹¹³ffl
1631 2383 1866 2475 ΕνὸὓὲθῙῙΰῐῐῐ
1898 2408 2085 2479 mettum,
2119 2407 2161 2465 ut

133 2489 275 2584 phiam,
299 2488 462 2560 videlicet
475 2490 694 2576 doctrinam,
720 2515 810 2583 quae
825 2507 960 2563 constat
973 2495 1123 2563 demon·
1158 2482 1330 2553 nominis
1358 2482 1495 2554 novitas
1524 2484 1568 2556 de
1596 2485 1801 2559 discrimine
1831 2494 2007 2564 auditores
2036 2496 2162 2564 admo-

134 2590 382 2670 strationibus‚
408 2614 481 2660 non
504 2593 719 2684 corruptelas
735 2592 906 2663 admixtas
921 2596 964 2665 ab
980 2594 1123 2665 attilici-
1174 2598 1284 2660 neret.

135 2697 211 2766 bus.
263 2688 328 2761 Est
354 2693 449 2760 enim
482 2716 552 2762 una
576 2696 748 2786 quaedam
774 2717 856 2764 vera
882 2690 1122 2787 Philosophia,
1274 2685 1394 2775 Quare
1416 2712 1496 2758 cum
1519 2685 1749 2784 Philosophia
1773 2696 1924 2767 fateatur
1952 2720 2032 2767 suas
2060 2713 2160 2771 tene-

134 2820 224 2890 quae
246 2816 325 2864 suas
346 2807 456 2864 metas
472 2788 596 2878 habet,
621 2790 708 2863 haec
730 2795 805 2882 ipsa
826 2797 1008 2869 constituit
1031 2795 1122 2867 hanc
1173 2791 1264 2869 bras.
1289 2802 1324 2858 et
1339 2802 1456 2858 tamen
1471 2808 1634 2881 agnoscat
1649 2794 1767 2889 aliqua
1786 2811 1879 2868 certa
1894 2800 2161 2892 doctrina-opus

133 2894 363 2970 sententiam,
393 2915 467 2961 esse
489 2891 624 2972 Deum,
658 2917 721 2962 nec
751 2895 910 2962 ociosum
934 2919 1024 2981 esse,
1059 2900 1119 2967 sed
1173 2913 1264 2975 esse,
1295 2891 1338 2958 de
1356 2891 1618 2964 immortalitate
1636 2891 1843 2981 hominum,
1866 2900 1910 2968 de
1924 2895 2002 2969 Deo
2018 2902 2160 2991 placan-

133 3022 256 3068 curare
271 2989 438 3071 humana,
466 2994 562 3083 quod
578 2995 699 3061 monet
710 3015 815 3061 sanos
830 2993 904 3083 ipsa
921 3008 1031 3064 terrae
1044 2997 1121 3064 foe·
1172 2994 1237 3070 do,
1278 2993 1322 3059 de
1348 2992 1569 3062 invocatione
1601 2996 1692 3080 Dei,
1731 2999 1775 3066 de
1803 3001 1998 3089 praesentia
2020 3000 2091 3070 -Dei
2121 3002 2161 3070 iu

133 3098 315 3175 cunditas,
349 3106 383 3159 et
405 3092 447 3158 ad
472 3086 565 3158 hanc
586 3092 775 3162 utilitatem
799 3092 1012 3165 distributae
1028 3097 1122 3166 vices
1171 3092 1338 3160 omuibus
1367 3094 1562 3178 aerumnis,
1599 3096 1644 3164 de
1680 3097 1752 3167 rita
1783 3112 1942 3183 aeterna,
1973 3125 2037 3170 cur
2068 3097 2161 3171 hanc

133 3214 346 3287 temporum.
396 3189 535 3262 Deinde
555 3215 635 3262 curn
658 3209 692 3263 et
716 3189 783 3263 hor
808 3195 991 3266 constituit
1010 3195 1120 3268 aDeo
1171 3185 1381 3284 symmache
1399 3215 1473 3261 non
1496 3195 1733 3285 amplecteris,
1759 3223 1853 3291 quae
1870 3201 2020 3271 solares
2044 3215 2181 3274 tantas

133 3313 251 3368 ortum
266 3317 337 3363 esse
354 3291 391 3359 in
409 3292 586 3362 mentibus
600 3294 732 3364 nostris
742 3294 931 3365 discrimen
947 3299 1119 3370 virtutum
1171 3293 1278 3363 tradit
1294 3305 1327 3361 et
1344 3293 1517 3382 patefacit.
1566 3294 1650 3371 Sola
1670 3299 1826 3369 ostendit
1846 3323 1966 3371 causas
1983 3296 2159 3375 humanae

133 3398 369 3478 elvitiorum,
399 3394 556 3482 agnoscit
570 3389 646 3464 Deo
667 3395 803 3484 placere
821 3396 950 3486 iustos,
978 3413 1119 3468 econtra
1170 3392 1397 3464 infirmitati&
1449 3391 1533 3464 80¹²
1549 3395 1658 3485 igliur
1673 3397 1787 3487 prima
1805 3415 1868 3484 ²⁸1,
1894 3415 1928 3472 ei
1941 3406 2096 3493 Pffifects
2112 3407 2158 3475 ab

131 3500 287 3591 pollutos
326 3494 509 3587 periuriis,
551 3498 756 3567 crudelitate
794 3499 855 3570 aut
894 3499 1118 3585 lrbrdmrbus,
1170 3493 1231 3577 iis,
1269 3493 1331 3585 qui
1353 3509 1487 3565 norunt
1507 3491 1656 3564 humani
1679 3495 1822 3587 generis
1846 3501 1947 3572 initia
1974 3517 2008 3575 et
2037 3528 2158 3574 causas

130 3600 326 3690 displicere.
366 3595 527 3695 Cumque
543 3595 660 3666 videat
675 3597 711 3664 in
725 3592 791 3666 hac
806 3599 875 3667 vita
891 3623 963 3666 non
982 3624 1120 3691 semper
1171 3606 1432 3684 perspexerunt.
1485 3592 1568 3664 Sola
1584 3598 1745 3670 adfirmat
1761 3602 1869 3670 vitam
1884 3604 2056 3699 reliquam
2071 3629 2158 3691 esse,

131 3701 252 3773 virtuti
280 3697 454 3790 praemia,
484 3708 518 3764 et
540 3696 729 3765 sceleribus
754 3721 885 3788 poenas
907 3701 1027 3785 reddi,
1060 3695 1119 3768 hic
1169 3706 1355 3786 postquam
1377 3688 1461 3761 hinc
1485 3693 1715 3766 discessimus
1764 3698 2158 3777 Sotadefuturoiudi-

131 3804 311 3897 queritur,
341 3799 462 3867 oculos
485 3809 706 3889 mentemque
722 3799 938 3868 densissimis
952 3801 1119 3883 tenebris,
1169 3795 1223 3862 cio
1251 3794 1359 3864 totius
1385 3787 1534 3861 humani
1560 3796 1697 3884 generis
1724 3813 1819 3868 certo
1844 3804 2093 3891 concionatur,
2117 3831 2158 3876 ac
2204 3794 2216 3803 ⁴
2277 3787 2284 3796 .

131 3921 165 3977 er
181 3905 298 3975 subita
313 3913 415 3968 noete
428 3897 601 3988 opprimi,
626 3912 659 3968 et
675 3899 806 3987 flagitat
822 3900 918 3969 aliud
937 3902 1119 3970 doctrinae
1169 3907 1281 3963 certos
1298 3906 1399 3964 testes
1414 3893 1585 3978 nominat,
1608 3897 1669 3986 qui
1685 3901 1895 3986 spectatores
1904 3904 2050 3975 luerunt
2063 3908 2157 3978 mul-

130 4031 258 4095 genus,
282 4004 320 4071 in
337 4025 407 4095 quo
426 4002 470 4068 de
487 3998 768 4085 immortalitate,
793 4002 1043 4093 dequefuturo
1062 4002 1118 4070 iu.
1168 4009 1303 4075 torum,
1339 3992 1400 4083 qui
1436 3993 1568 4061 ffl⁰fi¹¹l
1603 3995 1818 4073 “Vistfflssh
1877 4000 1962 4073 5⁰12
1995 4008 2158 4087 adfirmat

131 4107 224 4176 dicio
241 4118 333 4173 cer„
350 4103 545 4171 mamm,
1169 4097 1257 4163 iram
1281 4090 1347 4161 Dei
1366 4090 1537 4185 placatam
1564 4117 1654 4181 esse,
1687 4109 1720 4167 et
1740 4099 1843 4172 docet
1860 4108 2040 4197 quomodo
2062 4108 2159 4180 Deus

224 4205 405 4274 Praeterea
421 4226 500 4272 cum
516 4215 680 4290 agnoscat
694 4221 805 4289 genus
820 4195 1015 4270 humanum
1032 4224 1119 4269 con·
1168 4195 1387 4265 invocandus
1402 4193 1457 4266 sit.
1508 4193 1593 4267 Sola
1611 4201 1778 4290 proponit
1797 4205 2075 4279 consolationem
2098 4212 2159 4280 fir-

131 4310 246 4377 ditum
260 4328 332 4374 esse
349 4307 393 4373 ad
412 4306 650 4373 invocandum
668 4317 702 4373 et
722 4302 971 4372 celebrandum
990 4299 1119 4386 Deum,
1169 4322 1260 4366 nram
1277 4297 1315 4364 in
1330 4295 1527 4381 aerumnis,
1546 4312 1580 4368 et
1597 4323 1716 4370 causas
1730 4301 1875 4391 indicat,
1900 4331 1963 4376 cur
1976 4309 2073 4394 boni,
2096 4336 2160 4384 eur

132 4422 295 4479 ettamen
312 4406 440 4475 iudicet
461 4430 535 4473 non
558 4404 719 4474 exaudiri
740 4401 848 4472 aDeo
872 4404 1058 4492 indignos,
1083 4416 1119 4473 et
1166 4395 1324 4469 Ecclesia
1341 4396 1543 4489 ingentibus
1557 4401 1736 4470 aerumnis
1750 4405 1983 4480 conflictetur.
2020 4406 2158 4482 Harum

131 4508 385 4580 contaminatos
409 4505 523 4584 vitiis,
557 4508 666 4596 magis
691 4506 795 4575 etiam
819 4505 959 4575 dubitat
984 4507 1029 4573 de
1054 4528 1118 4572 vo·
1167 4523 1284 4569 rerum
1300 4499 1537 4590 cognitionem
1556 4503 1786 4573 necessariam
1803 4509 2076 4581 essetaundum
2093 4527 2156 4586 est.

131 4616 266 4682 turnare
308 4608 393 4687 Dei,
436 4631 516 4676 cum
556 4601 797 4696 deprehendat
830 4607 869 4674 in
909 4606 1116 4675 universum
1168 4600 1268 4690 Quae
1284 4615 1335 4671 est
1350 4601 1458 4690 igitur
1474 4604 1626 4673 amentia
1644 4602 1864 4698 Symmacho,
1888 4611 2077 4700 explodere
2093 4617 2159 4685 do-

130 4737 252 4783 omnes
276 4712 420 4781 vitiosos
444 4719 525 4775 esse.
580 4705 679 4792 Quos
699 4709 807 4796 igitur
830 4708 972 4778 exaudit
996 4704 1117 4775 Deus?
1167 4703 1317 4772 ctrinam
1341 4703 1383 4769 de
1406 4699 1512 4769 rebus
1537 4704 1644 4772 tantis
1672 4708 1923 4793 necessariam,
1958 4736 2038 4781 cum
2060 4716 2160 4786 nulla

130 4817 309 4910 quomodo
327 4814 485 4901 placatur
502 4808 576 4875 eins
593 4807 670 4874 ira?
701 4806 759 4877 An
782 4822 892 4879 totum
916 4832 1025 4897 genus
1048 4803 1118 4876 hu·
1167 4827 1315 4897 nsquam
1332 4802 1400 4870 alia
1422 4804 1571 4891 reperiri
1596 4805 1720 4894 possit,
1746 4829 1785 4875 ae
1800 4801 2032 4901 Philosophia
2056 4816 2160 4888 toties

129 4941 275 4987 manum
297 4918 339 4983 ad
362 4924 544 4980 aeternum
561 4909 704 4976 exitium
726 4911 903 4979 nascitur?
935 4908 1115 4979 Postremo
1166 4904 1327 4994 deploret
1344 4897 1536 4975 humanam
1559 4906 1762 4994 caliginem,
1788 4919 1822 4978 et
1846 4910 1943 4980 aliud
1967 4936 2078 5001 genus
2095 4920 2160 4989 do·

130 5023 225 5087 unde
249 5031 331 5085 sunt
352 5014 439 5082 haec
463 5012 500 5078 in
522 5004 677 5078 humano
692 5032 818 5097 genere
835 5012 951 5080 mala?
1000 5010 1116 5097 Supra
1165 5005 1495 5078 cirinaedesidflfei·

129 5121 262 5190 dicrum
293 5131 343 5186 est
375 5115 487 5184 Deum
519 5119 591 5179 esse
626 5125 779 5180 mentem
809 5126 1006 5191 aeternam,
1047 5113 1117 5180 τοῦ
1265 5104 1425 5177 Fuerunt
1439 5105 1607 5176 omnibus
1622 5108 1760 5193 seculis,
1783 5125 1817 5183 et
1830 5126 1913 5183 sunt
1930 5112 2024 5187 inter
2039 5113 2158 5189 ethni-

129 5220 283 5319 ἀγαθοῦ
301 5214 448 5314 φύσεως
465 5208 599 5284 αἰτίαν.
653 5211 757 5284 Unde
778 5212 886 5301 igitur
899 5213 1015 5284 existit
1031 5206 1116 5280 haec
1165 5232 1223 5277 cos
1238 5231 1300 5277 seu
1317 5206 1458 5297 ignaros
1473 5232 1576 5277 verae
1598 5208 1796 5298 religionis,
1823 5214 1927 5286 multi
1946 5216 2158 5290 excellentes

131 5350 202 5393 non
220 5322 306 5392 levis
322 5319 459 5389 sarcina
477 5315 669 5384 vitiorum?
702 5316 797 5384 unde
819 5328 889 5384 tam
911 5316 1034 5382 foedae
1053 5338 1115 5384 cu·
1164 5309 1332 5398 ingenii&
1365 5308 1723 5397 d⁰⁶ifl¹1³siu⁸liiists
1756 5314 1981 5399 s0tiii¹tdl¹t⁰s
2016 5334 2048 5388 θῑ
2074 5320 2158 5392 aiiii

128 5426 292 5518 piditates
306 5432 540 5514 repugnantes
558 5416 692 5487 iudicio
712 5416 864 5488 mentis?
917 5412 1018 5488 Unde
1034 5429 1114 5487 tan·
1165 5411 1372 5497 virtutibus,
1404 5411 1524 5504 quales
1556 5413 1664 5484 tuisse
1690 5417 1886 5503 accepimus
1912 5417 2152 5506 Palamedem,
