4732 6030
103 340 186 431 269

107 515 238 605 gallum
262 507 511 597 gallinaceum:
542 505 633 574 alius
657 506 746 576 sedit
763 506 802 573 in
820 528 930 576 vacuo
949 501 1101 589 theatro,

107 613 287 687 somnians
301 632 337 679 se
350 609 471 677 videre
487 607 696 698 spectacula.
748 605 814 675 His
829 608 1025 698 persimiles
1047 606 1101 675 vi-

106 718 236 786 dentur
252 710 397 803 plurimi
415 704 632 793 hebetiores,
657 708 720 800 qui
736 709 807 779 levi
823 709 940 802 aliqua
955 710 1101 779 cavilla-

105 818 204 890 tione
220 813 376 904 decepti‚
404 822 523 880 amant
539 811 708 879 absurdas
725 809 930 901 opiniones,
954 824 986 882 et
1004 811 1099 904 quod

105 933 158 990 cst
177 915 441 995 miserandum,
472 907 528 980 bis
553 911 602 981 ita
622 912 806 981 blanditur
830 935 947 998 error,
975 926 1013 981 ut
1029 911 1099 981 sibi

104 1020 344 1114 applaudant,
370 1037 406 1082 se
420 1013 750 1083 beatosducantilla
767 1013 917 1087 insania.
969 1010 1099 1083 Erem-

102 1124 161 1214 pla
175 1134 258 1190 sunt
279 1119 318 1186 iu
334 1110 463 1185 scholis
479 1130 512 1186 et
528 1114 566 1182 in
583 1111 750 1182 Ecclesiis
768 1115 933 1205 plurima.
985 1114 1098 1186 Stoici

103 1236 250 1317 propter
274 1220 367 1289 leves
392 1215 632 1286 cavillationes
657 1215 894 1286 discesserunt
915 1241 934 1285 a
959 1230 1097 1296 natura,

104 1339 140 1396 et
162 1346 261 1394 suam
285 1320 382 1389 illam
410 1310 599 1390 ἀπάθειαν
624 1317 773 1386 ridicule
806 1318 874 1386 sibi
909 1318 1098 1389 linxerunt.

104 1424 264 1515 Longius
286 1421 390 1492 etiam
426 1446 446 1489 a
474 1433 600 1490 natura
630 1418 778 1488 discedit
800 1414 994 1509 Epicu-rus,
1036 1419 1096 1512 qui

104 1550 250 1619 prorsus
265 1523 390 1594 evertit
403 1515 572 1615 Physica,
597 1521 692 1590 tollit
714 1519 902 1590 efficientes
927 1535 961 1595 et
977 1521 1098 1589 linales

105 1651 243 1712 causas,
271 1623 465 1718 etquidem
483 1625 527 1692 de
542 1618 598 1690 bis
615 1621 771 1691 inventis
785 1622 929 1715 utrique
942 1623 1010 1692 sibi
1028 1623 1098 1691 mi-

103 1754 183 1800 rum
204 1730 244 1798 in
266 1729 414 1796 modum
437 1725 588 1815 placent.
649 1720 748 1812 Quid
778 1746 875 1793 nunc
897 1720 1097 1813 Anabapti-

103 1845 195 1917 stae,
221 1853 327 1922 quam
343 1838 428 1897 sunt
449 1826 555 1914 plane
571 1819 827 1919 τετυφωμένοι
846 1848 885 1893 ac
905 1825 1097 1895 dementati

103 1927 333 2026 Sophistica?
384 1925 454 1996 Sed
472 1921 537 1995 bos
556 1920 756 1994 hebetiores
771 1925 910 1996 omitto.

206 2029 283 2101 Alii
304 2028 449 2121 quidam
468 2026 652 2094 abundant
673 2024 844 2118 ingeniis,
878 2024 938 2117 qui
960 2024 997 2092 in
1022 2036 1096 2095 stu·

102 2134 173 2204 diis
189 2133 262 2202 suis
279 2152 353 2199 non
371 2136 578 2219 proponunt
595 2125 662 2195 sibi
680 2122 777 2195 hunc
797 2127 923 2210 finem,
947 2139 987 2195 ut
1004 2125 1097 2193 veri-

577 412 584 431 ,
624 392 630 425 ,
665 330 822 425 uuor,
875 331 953 406 uu
993 328 1584 425 auouuruutrarrs.
1631 413 1635 423 ,

2044 295 2152 441 'au
2255 326 2260 335 “

1155 526 1259 595 quam
1276 503 1537 594 simplicissime
1551 528 1591 572 ac
1608 504 1810 595 planissime
1824 510 2072 599 patefaciamus
2086 536 2147 605 ve-¹

1153 605 1303 673 ritatem.
1368 602 1464 674 Haec
1500 606 1594 672 enim
1628 621 1663 677 et
1687 605 1763 676 Deo
1797 633 1863 679 nos
1889 612 2072 697 conciliat,
2111 627 2147 685 et

1153 706 1304 774 maxime
1331 707 1497 774 convenit
1522 721 1686 791 naturae,
1720 723 1754 778 et
1776 710 1923 780 salutem
1950 714 2052 783 affert
2074 711 2147 805 Ree

1153 808 1305 898 buspuh.
1319 821 1352 876 ct
1370 804 1548 878 Ecclesiis.
1602 807 1674 877 Nec
1689 810 1762 878 ulla
1779 812 2017 883 existimemus
2032 802 2146 886 ollicial

1153 909 1231 977 Deo
1261 909 1414 996 gratiora
1439 931 1533 994 esse,
1557 905 1658 989 ,nihil
1680 909 1837 1003 Reipub.
1864 916 2006 995 utilius,
2038 904 2144 1013 quem

1151 1006 1220 1078 boc
1251 1011 1409 1078 studium
1444 1011 1670 1101 explicandae
1705 1014 1872 1085 veritatis.
1937 1014 2146 1115 Rectissime

1152 1112 1246 1179 enim
1261 1112 1394 1181 dictum
1411 1125 1462 1182 est
1478 1113 1566 1181 illud
1583 1114 1621 1181 in
1635 1114 1773 1203 legibus
1781 1113 1958 1185 Platonis:
1986 1110 2144 1210 divideres

1150 1205 1305 1284 πάντων
1329 1205 1400 1304 μὲν
1427 1208 1591 1309 ἀγαθῶν
1610 1212 1714 1296 θεοῖς
1734 1211 1895 1313 ἡγεῖται,
1930 1213 2086 1293 πάντων
2102 1200 2144 1293 dd·

1151 1305 1378 1408 ἀνθρώποις.
1440 1312 1579 1383 Veritas
1600 1317 1760 1385 omnium
1781 1320 1958 1389 bonorum
1975 1336 2146 1394 causaest

1150 1416 1230 1485 diis.
1242 1427 1276 1484 et
1295 1411 1515 1484 hominibus.
1567 1415 1685 1504 Quam
1711 1419 1833 1487 crebro
1851 1422 2022 1513 praecipit
2037 1419 2145 1492 Chri-

1148 1531 1222 1587 stus
1245 1518 1289 1585 de
1315 1517 1461 1586 colenda
1482 1531 1516 1587 et
1537 1520 1669 1615 tuenda
1685 1519 1857 1591 veritate?
1900 1546 2004 1614 mam
2025 1538 2145 1619 sancte

1149 1620 1373 1689 commendat
1387 1619 1492 1688 nobis
1509 1620 1584 1689 eius
1601 1620 1785 1689 studium?
1822 1646 1926 1714 quarn
1954 1618 2145 1709 horribiles
2176 1670 2181 1677 ·

1150 1744 1280 1809 poenas
1302 1720 1406 1789 etiam
1433 1721 1602 1811 proponit
1624 1717 1679 1790 his
1704 1724 1765 1815 qui
1784 1725 1968 1793 veritatem
1983 1726 2144 1809 violant?

1149 1819 1262 1889 Porro
1277 1821 1339 1913 qui
1360 1835 1480 1889 amant
1496 1817 1719 1912 Sophisticen
1743 1825 1829 1893 etin
1848 1827 1991 1896 caeteris
2006 1828 2142 1899 artibus

1151 1922 1272 1989 ludere
1297 1936 1575 2008 consueverunt,
1606 1923 1649 1990 ad
1674 1926 1823 1993 eundem
1844 1928 1992 1996 modum
2013 1930 2144 2003 ludunt

1150 2023 1188 2090 in
1204 2021 1364 2091 doctriua
1380 2023 1532 2094 coelesti.
1593 2022 1665 2092 lam
1683 2021 1741 2094 hic
1766 2029 1920 2097 remedia
1941 2033 2142 2123 quaerenda

1148 2137 1265 2208 erant,
1289 2123 1417 2215 quibus
1431 2125 1742 2215 praemunirentur
1757 2128 1865 2197 animi
1878 2144 1998 2201 contra
2010 2128 2142 2227 Sopbi-

100 2243 210 2307 tate'm
235 2244 420 2303 eruentae
448 2227 680 2322 patefaciant,
713 2229 772 2296 sed
795 2240 835 2296 ut
866 2229 909 2297 de
930 2229 1097 2296 omnibus
1148 2226 1268 2299 sticen.
1320 2224 1389 2296 Sed
1402 2250 1458 2296 me
1474 2240 1574 2296 vetus
1587 2229 1780 2299 versiculus
1797 2234 2053 2320 perterrefacit,
2080 2235 2142 2328 qui

100 2338 208 2408 rebus
225 2332 425 2425 prodigiosa
442 2328 610 2399 varietate
626 2328 818 2420 disputent.
857 2325 905 2399 Et
920 2324 983 2398 bas
996 2351 1096 2420 prae-
1149 2339 1252 2417 negat
1270 2328 1465 2397 remedium
1481 2325 1554 2397 esse
1571 2343 1694 2400 contra
1709 2328 1955 2424 sycophantae
1970 2358 2139 2408 morsum.

100 2439 221 2528 stigias
237 2448 412 2505 summam
431 2430 564 2521 ingenii
579 2431 719 2500 laudem
736 2454 809 2500 esse
824 2432 969 2504 ducunt.
1022 2428 1095 2499 Ta·
1147 2426 1195 2498 Et
1212 2429 1260 2497 ita
1278 2429 1347 2497 late
1371 2443 1547 2518 grassatur
1568 2424 1654 2498 baec
1677 2433 1804 2518 pestis,
1834 2458 1941 2524 quam
1958 2436 2012 2503 vel
2029 2435 2140 2530 Syco-

99 2542 151 2610 les
177 2540 323 2608 fuerunt
346 2536 432 2605 olim
451 2529 653 2604 Academici
675 2556 737 2602 seu
757 2527 951 2626 Pyrrhonii
968 2531 1095 2623 potius,
1147 2524 1367 2623 plranticam,
1404 2532 1457 2599 vel
1482 2526 1717 2621 Sophisticam
1751 2545 1849 2621 potes
1872 2534 2066 2625 appellare,
2100 2549 2141 2607 ut

100 2641 164 2735 qui
191 2640 310 2709 omnia
336 2638 467 2729 pariter
491 2635 624 2705 incerta
651 2657 724 2703 esse
745 2637 1026 2718 contendebant,
1062 2647 1097 2702 et
1148 2631 1348 2718 contagium
1364 2632 1422 2700 vix
1438 2654 1586 2729 usquam
1607 2635 1718 2723 possis
1734 2634 1902 2722 effugere:
1938 2660 2140 2727 repugnan-

98 2768 147 2813 ne
167 2740 390 2834 probabilius
414 2737 558 2831 quidem
580 2735 649 2803 alio
672 2737 791 2820 aliud,
814 2760 852 2805 ac
871 2733 1093 2806 Geometrica
1147 2736 1231 2802 dum
1249 2744 1299 2801 est
1312 2747 1428 2803 tamen
1439 2747 1512 2803 arte
1527 2735 1656 2826 aliqua.
1697 2734 1858 2805 Primum
1875 2737 2001 2826 ingens
2014 2739 2138 2809 odium

26 2900 32 2913 .
100 2842 278 2937 principia
300 2842 407 2911 etiam
429 2850 584 2907 evertere
606 2837 848 2918 conabantur,
881 2838 1032 2919 scilicet,
1055 2850 1095 2904 ut
1147 2829 1363 2925 Sophistices
1389 2837 1659 2925 concipiendum
1676 2849 1737 2906 est.
1788 2835 1928 2909 Deinde
1944 2841 2140 2933 videndum

99 2946 212 3028 acuti,
244 2957 284 3012 ut
313 2938 449 3028 copiosi
477 2936 692 3004 viderentur.
719 2934 720 2937 ’
752 2933 859 3003 Tales
888 2949 970 3005 sunt
1000 2938 1092 3025 apud
1147 2937 1185 3004 in
1199 2931 1347 3020 scholis,
1372 2937 1411 3004 in
1426 2932 1613 3020 Ecclesiis,
1639 2938 1675 3004 in
1700 2939 1874 3024 conciliis,
1908 2941 2054 3034 quinam
2081 2941 2140 3009 in-

100 3046 290 3118 Platonem
302 3032 489 3128 sophistae
503 3031 675 3122 Gorgias,
698 3028 1004 3127 Thrasymachus,
1029 3060 1095 3106 nec
1147 3037 1289 3129 quirant
1325 3041 1525 3119 veritatem,
1567 3038 1628 3128 qui
1666 3040 1793 3108 ludant
1823 3044 1976 3132 quadam
2003 3042 2139 3134 ingenii

99 3148 178 3238 ipse
193 3165 276 3213 raro
291 3140 336 3206 ad
352 3138 502 3206 eundem
516 3135 662 3203 modum
677 3134 780 3205 ludit.
821 3134 1094 3226 Haeciugenio·
1148 3137 1374 3228 procacitate,
1407 3138 1468 3230 qui
1496 3139 1689 3210 defendant
1711 3141 1866 3231 privatas
1882 3144 2019 3237 aliquas
2039 3143 2141 3236 cupi-

102 3269 185 3316 rum
208 3239 350 3311 licentia
373 3236 567 3321 plurimum
592 3229 697 3305 babet
721 3237 883 3326 periculi.
934 3234 986 3307 Ea
1005 3263 1094 3332 quae
1148 3239 1284 3309 ditates.
1317 3235 1452 3332 ¹Atque
1467 3234 1784 3311 lricassumendum
1795 3256 1845 3313 est
1862 3243 1951 3314 illud
1964 3240 2139 3338 Epichar-

101 3358 243 3427 amant,
284 3338 498 3430 amplificant
532 3336 570 3403 in
604 3336 836 3423 immensum3
888 3364 979 3431 quae
1019 3365 1092 3409 non
1146 3340 1213 3423 mi,
1236 3339 1355 3433 inquo
1373 3341 1473 3409 nervi
1487 3353 1591 3434 atque
1607 3356 1704 3413 artus
1719 3366 1793 3413 esse
1807 3346 1998 3434 sapientiae
2011 3349 2138 3418 dicuu-

99 3460 243 3529 amant,
275 3455 425 3511 extreme
447 3437 636 3523 abiiciunt;
670 3439 924 3509 dicuntvicina
948 3466 1012 3530 pro
1032 3467 1093 3511 ve-
1146 3454 1220 3526 tur,
1259 3439 1428 3535 μέμνησο
1451 3438 1629 3514 ἀπιστεῖν.
1686 3443 1770 3513 Non
1794 3447 1914 3515 statim
1944 3449 2138 3518 assentien-
2207 3458 2209 3463 '

98 3548 169 3633 ris,
201 3545 351 3614 miscent
367 3564 442 3610 non
457 3535 699 3629 cohaerentia,
711 3586 714 3590 ›
725 3537 930 3610 distrahunt
944 3568 983 3611 ea
1003 3567 1093 3634 quae
1145 3545 1230 3611 dum
1247 3557 1317 3623 est,
1345 3545 1548 3632 praesertim
1566 3545 1772 3614 monstrosis
1788 3559 1822 3614 et
1837 3547 2044 3638 irreligiosis
2058 3551 2139 3642 opi-

99 3647 272 3735 couiungi
292 3643 469 3735 oportuit,
494 3640 651 3732 perinde
672 3663 711 3708 ac
737 3641 766 3708 si
799 3656 983 3711 centauros
1005 3637 1092 3737 ιε’)
1144 3644 1331 3739 niouibus,
1357 3647 1974 3736 nonestpraccipitandasententia.
2028 3650 2138 3720 Tem·

99 3746 276 3821 chimeras
297 3746 499 3837 pingerent:
532 3737 623 3809 nibil
646 3743 806 3831 proprie,
845 3739 936 3812 nibil
963 3745 1092 3812 diserte
1146 3767 1210 3834 pus
1226 3740 1470 3814 adhibendum
1497 3760 1549 3814 est
1572 3747 1609 3814 in
1632 3747 1840 3830 consilium,
1873 3752 1967 3839 quod
1987 3772 2068 3818 vere
2087 3764 2137 3821 est

98 3853 244 3935 dicunt,
283 3848 415 3916 ludunt
438 3843 565 3911 ironiis
591 3855 625 3909 et
650 3842 729 3909 aliis
753 3842 900 3917 deliciis.
966 3844 1092 3914 Videte
1144 3858 1184 3914 ut
1211 3845 1272 3915 ille
1298 3845 1432 3935 inquit,
1467 3847 1745 3933 sapientissimus
1772 3847 1940 3917 monitor.
1999 3848 2137 3920 Deinde
2206 3936 2212 3946 .

100 3954 231 4046 quibus
251 3949 432 4019 coloribus
452 3968 549 4014 nunc
572 3941 745 4030 ingeniosi
761 3938 924 4013 homines
945 3945 1092 4033 pingant
1144 3945 1188 4012 sit
1205 3945 1335 4011 directa
1359 3966 1459 4009 meus
1477 3945 1520 4011 ad
1544 3944 1811 4035 inquisitionem
1829 3948 2005 4036 veritatis,
2031 3946 2137 4021 adhi.

100 4055 233 4124 ahusus
262 4048 530 4124 ecclesiasticos,
562 4045 690 4137 quibus
720 4039 857 4113 technis
888 4068 985 4113 veras
1010 4069 1091 4115 sen·
1143 4046 1224 4111 beat
1247 4038 1470 4128 methodum,
1498 4068 1588 4136 quae
1610 4058 1650 4114 ut
1675 4042 1775 4115 Plato
1802 4046 1934 4141 inquit:
1970 4052 2062 4142 ignis
2086 4067 2137 4123 est

100 4154 230 4226 tentias
259 4154 422 4222 obruant.
480 4145 598 4234 Quam
622 4146 733 4215 multa
769 4142 1091 4241 inveniunt-‚oomni
1144 4145 1243 4213 coelo
1267 4144 1415 4226 allatus,
1449 4147 1509 4237 qui
1533 4147 1698 4236 praebeat
1727 4149 1848 4218 lumen
1875 4153 1918 4221 ad
1950 4154 2136 4227 veritatem

100 4248 301 4354 φάρμακα,
343 4266 384 4322 ιιι
414 4251 624 4318 medeantur
655 4246 817 4315 absurdis
849 4247 1090 4337 opinionibus,
1143 4247 1368 4316 cernendam.
1420 4242 1613 4318 Colrerceat
1629 4271 1665 4317 se
1678 4250 1828 4343 quisque
1841 4252 1934 4322 intra
1949 4271 2045 4347 septa
2060 4280 2137 4351 me-

101 4359 240 4453 quoties
255 4358 292 4424 in
308 4379 388 4423 eum
404 4353 521 4421 locum
537 4362 681 4418 ventum
703 4343 774 4432 est,
795 4348 861 4418 ubi
877 4363 1014 4438 oportet
1030 4374 1090 4420 seu
1144 4343 1262 4432 thodi,
1288 4370 1353 4417 nec
1368 4362 1497 4418 temere
1508 4365 1670 4421 excurrat
1686 4352 1722 4418 in
1738 4352 1872 4423 alienos
1882 4354 2010 4457 locos,⁸
2028 4353 2136 4428 Amet

94 4483 241 4531 versare
257 4458 380 4539 dolos,
406 4477 467 4522 seu
486 4466 599 4520 certae
614 4450 820 4519 occumbere
837 4451 955 4523 morti.
1143 4451 1392 4541 proprietatem
1410 4451 1446 4519 iu
1463 4452 1617 4535 artibus,
1643 4467 1676 4521 et
1692 4454 1759 4522 sibi
1772 4455 1922 4526 subinde
1933 4458 2022 4528 illud
2033 4483 2136 4550 prae-

203 4558 295 4631 Cum
316 4553 382 4626 hac
403 4548 601 4644 sophistica
625 4552 758 4620 bellurn
780 4547 973 4623 ἄσπονδον
989 4553 1091 4618 debet
1143 4566 1282 4642 ceptum
1300 4553 1385 4621 utile
1407 4551 1607 4621 Stoicorum
1621 4553 1790 4624 inculcet:
1822 4551 1842 4627 ὁ
1865 4553 1980 4654 σοφὸς
1996 4558 2136 4655 eddad-

101 4687 174 4735 esse
196 4661 382 4743 omnibus,
416 4656 478 4748 qui
504 4668 537 4723 ct
560 4654 648 4722 boni
668 4652 746 4720 viri‘
760 4648 937 4743 perhiberi
954 4655 1091 4736 volunt,
1142 4646 1270 4746 ῥήμων
1293 4650 1376 4745 ἴση,
1408 4654 1547 4741 sapiens
1573 4655 1716 4744 proprie
1734 4657 1912 4749 loquatur.
1965 4661 2133 4753 Magnam

99 4781 137 4838 ct
158 4766 275 4837 studia
300 4786 360 4830 sua
387 4758 545 4827 referunt
568 4756 611 4824 ad
642 4778 866 4824 communem
889 4755 1090 4826 utilitatem.
1142 4757 1214 4824 vim
1232 4768 1266 4823 et
1280 4748 1349 4822 hoc
1371 4749 1496 4834 habet,
1531 4757 1683 4825 multum
1702 4779 1829 4846 operae
1846 4761 2020 4833 collocare
2035 4765 2074 4833 in
2091 4765 2136 4833 iis

99 4866 204 4939 Plato
234 4862 438 4955 gravissime
465 4858 570 4939 dicit,
605 4856 759 4924 dandam
782 4879 856 4925 esse
885 4880 1027 4948 operam
1052 4856 1089 4923 in
1142 4856 1296 4938 artibus,
1322 4879 1410 4948 quae
1426 4857 1620 4946 plurimum
1637 4851 2135 4937 habentdemonstrationum.

99 4970 273 5046 dicendo,
299 4987 372 5033 non
389 4973 429 5029 ut
442 4955 630 5029 hominurn
646 4958 789 5048 plausus
804 4972 1001 5049 captemus,
1029 4957 1089 5025 sed
1142 4956 1231 5027 Nam
1248 4970 1283 5026 et
1299 4954 1457 5027 Galenus
1472 4960 1601 5027 latetur
1617 4981 1653 5028 se
1675 4982 1764 5049 pene
1779 4960 1817 5028 in
1841 4957 2029 5036 amentiam
2043 4966 2135 5062 Pyr.

98 5067 179 5143 Deo
198 5049 294 5160 grata
318 5065 489 5134 dicamus.
546 5058 666 5147 Quare
697 5071 770 5129 tota
791 5074 918 5129 mente
945 5073 1089 5151 totoque
1142 5055 1353 5128 rboniorum
1379 5060 1560 5149 delapsum
1582 5083 1673 5145 esse,
1710 5063 1778 5131 nisi
1796 5063 1834 5131 in
1852 5062 2055 5142 Geometria
2080 5071 2135 5138 vi-

98 5173 222 5244 animo
244 5171 282 5238 in
298 5163 394 5235 hunc
410 5186 553 5254 scopum
570 5185 682 5232 unum
703 5159 923 5245 intueamur,
946 5155 1089 5230 hucdi·
1142 5161 1249 5230 disset
1265 5173 1399 5230 tantam
1417 5184 1491 5230 esse
1504 5161 1577 5229 vim
1595 5150 1952 5242 demonstrationum.
2013 5170 2135 5262 Neque

99 5289 196 5347 recta
215 5273 262 5344 sit
282 5290 426 5351 manus,
452 5264 564 5349 oculi,
596 5285 698 5346 cura,
731 5275 771 5333 ut
788 5275 821 5332 et
840 5284 1023 5348 eruamus,
1057 5275 1090 5331 et
1142 5256 1210 5331 hoc
1232 5286 1273 5332 eo
1297 5263 1395 5346 dico,
1427 5265 1521 5356 quod
1546 5277 1665 5354 putem
1687 5265 1725 5334 in
1749 5268 1880 5339 divinis
1902 5273 2053 5340 oraculis
2074 5284 2133 5339 aut

1142 5363 1275 5458 ubique
1311 5365 1541 5456 requirendas
1582 5389 1655 5435 esse
1690 5369 2024 5455 demonstrationes;
2071 5374 2133 5441 sed

1142 5468 1361 5537 consuetudo
1383 5467 1542 5539 methodi
1569 5470 1714 5560 prodest
1736 5471 1923 5552 studiosis,
1954 5485 1988 5543 ct
2004 5472 2135 5545 lormat

100 5429 311 5449 W

136 5507 169 5575 s)
187 5507 233 5569 aa]
250 5497 427 5570 Areleqpon
442 5502 505 5549 out.
