4732 6030
102 278 177 352 sos
495 326 501 339 .
536 273 695 358 osnes.
733 274 811 353 un
835 274 1176 354 nrcutrara
1207 274 1389 353 ansts
1422 274 1703 357 Mantuae
2064 211 2139 364 uo

100 455 274 540 monebo,
290 450 332 524 ut
345 449 383 519 in
398 463 495 522 tanta
510 450 743 522 multitudine
755 448 995 524 diversitatem
1007 473 1092 526 usus
1143 447 1193 523 Ut
1208 472 1311 542 saepe
1328 449 1397 520 levi
1412 464 1528 521 errato
1547 445 1742 543 periculum
1764 454 1868 525 letale
1890 450 2054 529 homiues
2078 463 2136 531 in·

100 581 142 627 ac
162 555 291 627 virium
316 552 474 623 iuniores
499 554 795 644 contemplentur.
845 549 1093 647 Eupatorium,
1142 567 1244 624 caute
1267 553 1338 623 sibi
1361 565 1561 623 accersunt:
1583 553 1633 624 ita
1661 567 1825 632 econtra
1851 580 1953 646 sagax
1976 561 2135 633 medicus

99 649 273 751 κιχώριογ
285 668 383 744 grata
401 668 485 726 sunt
495 654 604 745 epati;
631 650 787 742 Philitis,
813 656 1011 748 asplenum,
1038 671 1092 728 ta·
1141 679 1244 747 saepe
1259 653 1376 725 letalia
1395 654 1740 746 pericularemediis
1762 659 1956 728 admodum
1980 663 2136 751 vulgari-

99 760 229 842 marix,
255 757 447 841 teucrium,
475 755 602 845 spleni.
1140 757 1209 827 bus
1224 757 1379 831 discutit.
1431 754 1484 826 Ac
1507 758 1664 848 exempla
1687 757 1834 829 recitare
1850 759 1960 828 multa
1981 784 2134 850 possem.

197 861 352 941 Crocus,
374 854 540 940 santalis',
566 857 747 943 libanotis,
773 858 930 948 cirsium,
953 856 1091 944 coralli,
1140 857 1211 930 Sed
1226 858 1357 950 opinor
1379 858 1567 954 plerosque
1582 882 1623 927 ex
1638 859 1742 929 vobis
1762 862 1874 930 multa
1897 874 1972 931 tum
1996 863 2135 953 legisse,

93 963 244 1042 summ,
272 960 381 1030 cordi.
431 956 640 1044 Artemisia,
667 961 826 1042 melissa,
851 955 1092 1054 parthenium,
1140 973 1215 1031 tum
1232 959 1420 1030 audivisse.

96 1064 297 1156 pulegium,
321 1061 552 1154 lymnesium,
577 1060 728 1131 matrici.
1240 1059 1332 1130 Cum
1347 1060 1456 1149 igitur
1470 1084 1527 1131 ars
1549 1059 1737 1132 utilissima
1764 1060 1810 1131 sit
1825 1062 1916 1133 vitae
1935 1066 1979 1133 ad
1995 1066 2133 1137 valetu-

199 1157 452 1257 Glycyrrhiza,
477 1163 557 1246 iris,
584 1161 761 1254 prasium,
786 1163 962 1254 pulmoni.
1140 1163 1260 1232 dinem
1282 1163 1473 1248 tuendam,
1505 1176 1539 1233 et
1563 1164 1759 1255 plurimum
1782 1164 1963 1254 dignitatis
1987 1184 2133 1259 propter

196 1262 393 1358 Hyssopus,
415 1258 608 1344 helenium,
634 1264 831 1351 adiautum,
852 1261 1090 1353 chamaeleon,
1138 1265 1371 1334 maximarum
1397 1257 1515 1332 rerum
1538 1264 1721 1334 scientiam
1745 1260 1891 1346 habeat,
1926 1281 1960 1337 et
1988 1269 2131 1341 laudata

22 1408 25 1412 ⁴
95 1368 241 1458 pectori.
1138 1364 1183 1436 sit
1203 1363 1399 1457 praeconiis
1422 1363 1573 1450 divinis,
1598 1379 1633 1435 et
1647 1368 1691 1434 de
1713 1368 1937 1457 providentia
1957 1384 2132 1442 monstret

197 1465 334 1552 Salvia,
364 1456 564 1553 amaracus,
593 1474 709 1550 rosae,
742 1461 999 1562 helichrysum,
1029 1490 1088 1539 ce-
1136 1466 1291 1537 illustria
1315 1464 1538 1551 testimonia,
1568 1468 1817 1558 expetendam,
1851 1475 2129 1560 cognoscendam

94 1571 213 1642 rebro.
249 1646 252 1652 ,
1136 1581 1172 1639 et
1186 1569 1424 1639 venerandam
1443 1590 1534 1651 csse,
1560 1591 1635 1636 non
1651 1568 1799 1637 dubium
1818 1583 1880 1643 est.

196 1667 441 1751 Foeniculum,
464 1661 678 1752 chelidonia,
701 1665 936 1764 euphrosyne,
963 1669 1087 1741 oculis.
1238 1667 1346 1759 Quod
1364 1692 1444 1739 cum
1459 1668 1508 1738 ita
1522 1667 1588 1753 sit,
1621 1663 1736 1738 honos
1753 1670 1861 1739 etiam
1877 1671 2026 1741 debetur
2041 1673 2128 1742 viris

194 1770 336 1848 Malva,
362 1768 579 1855 melilotum‚
604 1767 849 1857 chamaeleon,
874 1773 1004 1841 nervis.
1135 1769 1241 1840 bouis
1264 1785 1299 1841 et
1325 1767 1494 1853 eruditis,
1534 1769 1597 1862 qui
1626 1784 1660 1839 et
1685 1771 1922 1862 amplissimae
1945 1773 2128 1843 doctrinae

192 1871 423 1944 Scammonea
446 1882 480 1939 et
499 1864 759 1944 rhabarbarum
779 1867 927 1945 trahunt
947 1872 1085 1965 praeci·
1135 1873 1296 1942 custodes
1318 1882 1352 1939 et
1374 1882 1623 1961 propagatores
1637 1885 1740 1957 sunt,
1767 1886 1800 1942 et
1819 1896 1921 1964 saepe
1937 1868 2147 1944 hominum:

91 1998 162 2065 pue
176 1975 303 2042 flavam
323 1972 444 2041 bilem.
1135 1971 1227 2042 vitae
1243 1971 1476 2062 opitulantur.
1668 1976 1671 1981 ’

187 2073 390 2163 agaricum,
416 2069 610 2159 tripolium,
631 2072 720 2156 aloie',
745 2066 894 2144 trahunt
908 2071 1084 2167 phlegma.
1233 2071 1381 2162 Semper
1402 2073 1440 2140 in
1466 2068 1534 2141 hoc
1557 2070 1685 2142 ordine
1710 2074 1879 2164 possessio
1900 2073 1968 2144 fuit
1991 2077 2127 2166 praeci·

190 2174 448 2267 Polypodium,
474 2172 632 2252 colutea,
658 2168 805 2245 trahunt
827 2188 940 2246 atram
963 2178 1083 2251 bilem.
1132 2197 1282 2264 puarum
1301 2169 1551 2266 Philosophiae
1576 2175 1743 2265 partium.
1792 2173 1841 2246 Et
1861 2177 2016 2247 arbitror
2040 2179 2124 2250 inde

193 2275 263 2347 Sed
281 2273 498 2343 enumeratio
514 2274 655 2362 longior
669 2298 744 2344 non
760 2289 811 2345 est
827 2270 934 2348 huius
952 2278 1032 2348 loci.
1131 2298 1244 2368 usque
1260 2299 1280 2345 a
1294 2275 1419 2366 primis
1433 2274 1610 2366 patribus,
1634 2278 1679 2346 ab
1697 2273 1833 2362 Adam,
1858 2272 1982 2363 Noha,
2006 2274 2125 2349 Abra-

192 2374 295 2446 Hanc
315 2387 433 2444 autem
466 2374 753 2445 distributionem
783 2401 874 2468 pene
905 2379 1081 2450 infinitam
1132 2371 1234 2461 ham,
1260 2371 1405 2468 loseph,
1430 2390 1658 2467 propagatam
1679 2400 1754 2446 esse
1767 2380 1965 2450 doctrinam
1983 2380 2027 2448 de
2043 2404 2123 2450 coe·

89 2479 231 2562 virium,
253 2500 344 2571 qnae
359 2491 392 2546 et
410 2477 448 2545 in
465 2476 646 2568 speciebus
662 2491 781 2548 manet
794 2493 976 2571 perpetua,
999 2506 1080 2553 casu
1130 2477 1278 2547 lestibus
1296 2478 1462 2563 motibus,
1488 2491 1522 2546 et
1538 2479 1582 2546 de
1598 2478 1776 2564 remediis,
1800 2480 1840 2547 in
1856 2480 2002 2550 familiis
2018 2505 2123 2571 prae-

89 2580 259 2665 extitisse,
285 2602 508 2672 nequaquam
526 2592 801 2649 consentaneum
818 2595 881 2653 est.
1130 2579 1379 2649 stantioribus:
1407 2591 1443 2648 et
1459 2590 1639 2670 utcunque
1655 2577 1785 2648 deinde
1801 2582 1846 2648 ab
1863 2581 1927 2665 iis,
1953 2580 2015 2673 qui
2036 2580 2121 2671 pro-'

190 2677 341 2750 Etcum
365 2681 589 2749 manifestum
608 2681 672 2765 sit,
695 2681 865 2752 artificem
881 2681 1078 2755 intuentem
1129 2681 1280 2750 fessione
1292 2680 1419 2748 medici
1435 2680 1597 2764 fuerunt,
1631 2676 1911 2753 conservatam*

88 2779 274 2852 horniuum
294 2795 475 2861 naturam,
500 2776 586 2849 haec
603 2782 635 2848 ei
654 2783 869 2854 adminicula
888 2786 1079 2873 addidisse,
1229 2779 1296 2852 Est
1319 2796 1436 2851 autem
1463 2805 1527 2873 per
1546 2803 1621 2850 sese
1641 2804 1811 2870 maguum
1834 2783 1940 2852 decus
1963 2782 2120 2873 cognitio

87 2886 190 2954 adfici
207 2909 287 2955 eum
304 2907 386 2953 cura
403 2881 541 2970 generis
557 2876 705 2949 humani
723 2906 863 2952 necesse
880 2899 943 2960 est.
1128 2897 1198 2953 tam
1214 2884 1404 2953 multarum
1421 2905 1542 2953 rerum
1557 2895 1716 2952 motuum
1731 2882 1945 2968 coelestium,
1966 2885 2119 2955 fabrica-

189 2985 289 3073 Quid
306 2994 357 3051 est
383 2995 498 3049 autem
520 2975 763 3052 honestius.et
786 2978 925 3052 homini
948 3009 1077 3055 conve-
1127 2984 1237 3056 tionis
1263 2980 1411 3054 humani
1443 2982 1601 3075 corporis
1629 3005 1830 3068 causarum,
1861 2999 2005 3077 propter
2029 3008 2118 3079 quas

84 3088 254 3168 nientius,
270 3105 375 3175 quarn
394 3080 431 3148 in
449 3095 575 3152 natura
592 3094 818 3174 quaerentem
829 3087 1077 3176 vestigiadivi-
1126 3085 1223 3156 liuntn
1238 3084 1463 3157 alterationes
1485 3084 1524 3154 in
1548 3084 1775 3176 corporibus,
1801 3086 1885 3157 item
1909 3086 2118 3157 morborum

80 3187 227 3270 uitatis,
254 3183 461 3252 confirmare
485 3207 602 3251 veram
626 3184 669 3253 de
690 3185 914 3274 providentia
935 3200 1077 3257 senten·
1126 3201 1160 3260 et
1177 3190 1428 3260 remediorum.
1548 3178 1551 3186 ’

84 3289 188 3373 tiam,
209 3306 396 3377 agnoscere
409 3282 525 3353 Deum
548 3283 728 3375 opificem,
756 3300 791 3357 et
811 3290 991 3359 custodem
1015 3311 1075 3379 ge-
1224 3288 1294 3360 Sed
1314 3291 1428 3359 multo
1450 3287 1565 3358 maius
1590 3290 1696 3358 decus
1718 3302 1790 3374 est,
1815 3282 1909 3358 hauc
1933 3288 2116 3360 scientiam
2211 3308 2216 3316 ·

83 3390 180 3459 neris
204 3383 367 3466 humani,
394 3399 428 3455 et
450 3385 646 3476 intelligere
668 3387 774 3455 talem
790 3410 865 3457 csse
881 3386 949 3459 Dei
972 3415 1075 3460 meu·
1123 3390 1165 3457 ad
1183 3390 1329 3461 salutem
1347 3386 1533 3458 hominum
1550 3390 1751 3461 transferre.
1803 3387 1888 3459 Ideo
1906 3390 2001 3459 enim
2017 3387 2116 3461 Deus

83 3503 155 3561 tem
172 3503 206 3561 et
220 3490 456 3571 voluntatem,
481 3489 621 3580 qualem
637 3511 673 3556 se
689 3489 858 3578 expressit
873 3487 913 3558 in
930 3514 969 3561 ea
985 3490 1074 3578 luce,
1123 3490 1317 3582 impertivit
1332 3492 1452 3581 generi
1467 3486 1624 3561 humano
1637 3490 1864 3582 sapientiam:
1891 3492 2058 3582 primum,
2074 3505 2114 3561 ut

81 3616 187 3686 quam
205 3591 243 3658 in
258 3613 322 3659 nos
338 3589 539 3669 transfudit,
563 3613 603 3657 ac
619 3589 819 3658 discernere
835 3614 916 3661 eum
932 3615 951 3660 a
970 3593 1073 3662 malis
1122 3591 1215 3681 ipse,
1241 3593 1302 3685 qui
1320 3607 1371 3661 est
1386 3593 1466 3661 funs
1480 3591 1693 3680 sapientiae,
1721 3606 1944 3681 agnoscatur:
1973 3593 2114 3678 deinde,

80 3694 231 3777 naturis,
258 3693 295 3760 in
310 3692 441 3784 quibus
455 3688 590 3759 ordinis
606 3689 766 3758 confusio
782 3703 845 3774 est,
869 3703 905 3760 et
919 3690 1072 3780 dirigere
1123 3705 1161 3759 ut
1176 3692 1340 3762 salutaris
1352 3691 1400 3760 'sit
1416 3691 1701 3784 quamplurimis.
1750 3689 1798 3762 Et
1814 3692 1875 3784 qni
1892 3687 1983 3762 hanc
2000 3707 2113 3764 artem

79 3797 227 3867 consilia
247 3807 282 3864 ct
298 3815 414 3862 mores
434 3793 479 3860 ad
498 3791 595 3858 illam
618 3813 778 3860 normam
795 3790 835 3858 in
851 3805 970 3862 mente
985 3816 1072 3862 con·
1121 3791 1272 3861 fideliter
1289 3806 1469 3877 exercent,
1495 3793 1532 3859 in
1551 3787 1759 3861 hisnecesse
1776 3806 1829 3861 est
1843 3794 2021 3883 copulatas
2038 3816 2113 3863 esse

79 3912 262 3989 gruentem
277 3919 358 3964 curn
375 3915 497 3961 norma
515 3891 649 3962 divina.
1120 3892 1250 3961 multas
1266 3893 1434 3971 virtutes,
1460 3893 1709 3976 eruditionem,
1735 3893 1967 3982 diligentiam,
1993 3894 2112 3979 fidem,

180 3998 277 4068 Haec
292 3995 442 4065 maxime
455 3994 649 4063 smtrudum
664 4005 827 4062 naturam
843 4015 927 4078 esse,
948 4016 1071 4065 omnes
1119 3993 1381 4077 assiduitatem,
1407 3992 1650 4082 prudentiam,
1679 3993 1901 4062 tolerantiam
1925 3994 1964 4063 in
1988 3996 2110 4065 multis

77 4099 157 4169 sani
180 4098 400 4188 intelligunt:
428 4119 502 4166 nou
525 4094 585 4165 illa
603 4091 810 4187 Cyclopica,
834 4117 924 4188 quae
947 4096 1071 4164 furen—
1118 4093 1277 4163 molestis
1293 4095 1398 4163 rebare
1415 4093 1645 4183 perferendis.
1698 4092 1780 4163 Tali
1803 4096 1940 4166 medico
1958 4095 2111 4166 iustissi-

77 4215 132 4273 ter
161 4200 356 4270 defendunt
385 4193 570 4291 Epicurei,
610 4194 730 4264 omnia
757 4219 837 4264 casu
871 4219 913 4264 ex
943 4198 1070 4267 atomis
1119 4218 1215 4264 mum
1232 4196 1398 4266 estomni
1415 4194 1661 4285 genereofhcii
1679 4196 1802 4264 referri
1821 4197 1981 4285 gratiam.
2132 4209 2141 4216 '

77 4301 228 4373 conflata
243 4322 337 4383 esse,
362 4299 446 4368 ferri
465 4312 500 4370 et
522 4296 693 4368 confundi
711 4297 830 4366 omnia
851 4297 928 4365 sine
943 4299 1070 4368 ordine
1219 4295 1290 4368 Sed
1306 4321 1381 4367 uon
1398 4309 1536 4367 tantum
1552 4296 1650 4383 vulgi
1665 4296 1882 4386 ingratitudo
1902 4298 1938 4366 in
1958 4294 2024 4368 hoc
2046 4322 2108 4388 ge·

76 4416 111 4473 et
124 4402 200 4472 sine
215 4415 332 4472 mente
347 4401 510 4483 rectrice,
536 4425 576 4470 ac
591 4398 744 4470 subinde
758 4399 847 4469 alios
862 4400 1016 4468 mundos
1034 4415 1069 4472 et
1107 4420 1201 4466 nere
1216 4421 1342 4489 magna
1358 4412 1427 4488 est,
1452 4395 1635 4467 sedetiam
1653 4413 1848 4489 potentum.
1877 4406 1880 4410 ’
1900 4395 1948 4469 Et
1968 4400 2026 4469 vix
2044 4400 2107 4470 alii

74 4505 163 4575 alias
185 4502 316 4595 species
341 4500 439 4572 oriri.
491 4499 640 4571 Talibus
664 4500 846 4571 furoribus
871 4524 1068 4591 repugnare
1115 4500 1254 4591 saepius
1276 4501 1508 4593 experiuntur
1529 4523 1654 4569 verum
1679 4524 1752 4570 esse
1766 4500 1901 4572 dictum
1918 4502 2106 4572 usitatum:

74 4631 151 4676 non
174 4605 290 4674 solum
315 4602 507 4693 sapientia,
544 4606 602 4671 sed
627 4601 732 4672 etiam
757 4601 929 4672 excellens
953 4603 1067 4672 virtus
1115 4615 1194 4686 post
1216 4626 1348 4672 munus
1371 4601 1469 4670 illico
1494 4601 1643 4669 senescit
1665 4603 1796 4690 gratia,
1830 4626 1936 4694 quam
1964 4603 2106 4677 medici,

74 4723 144 4793 est,
166 4721 264 4798 grata
280 4704 373 4787 Deo,
400 4716 434 4772 et
457 4726 522 4796 pro
540 4727 608 4796 qua
625 4706 824 4774 redduntur
838 4702 992 4794 praemia
1009 4705 1066 4773 di-
1113 4700 1236 4772 Bonae
1261 4715 1396 4772 mentes
1420 4715 1538 4770 tamen
1562 4701 1790 4771 considerent·
1809 4703 1985 4792 primum,
2017 4703 2106 4797 quid

71 4810 219 4882 vinitus.
272 4803 322 4878 Ut
343 4819 460 4874 autem
483 4818 517 4874 et
540 4804 740 4874 evidentius
755 4805 900 4875 refutari
917 4806 1066 4891 vanitas,
1113 4801 1190 4874 Deo
1203 4804 1320 4873 autori
1336 4803 1429 4871 vitae
1443 4815 1478 4872 et
1492 4802 1734 4872 remediorum
1750 4802 1916 4873 debeant.
1965 4800 2107 4876 Deinde

70 4925 106 4983 et
134 4911 269 4981 maiore
297 4907 408 4977 animi
441 4905 637 4976 constantia
667 4906 783 4975 rabies
802 4902 1062 4999 Epicureorum
1112 4928 1218 4996 quam
1233 4917 1436 4973 reverenter
1450 4905 1494 4972 de
1508 4903 1668 4972 doctrina
1684 4903 1910 4974 sentiendum
1927 4903 1982 4977 sit.
2033 4903 2105 4977 Po-

69 5013 200 5106 possit,
232 5009 431 5103 aspectione
451 5002 682 5100 pulcherrimi
705 5006 843 5076 ordinis
863 5009 901 5077 in
925 5025 1063 5094 natura,
1111 5019 1203 5089 stea‚
1228 5005 1315 5099 quid
1333 5003 1467 5074 Medici
1481 5004 1686 5089 laboribus,
1710 5005 1815 5089 fidei,
1842 5020 1877 5076 et
1897 5006 2025 5077 officiis
2042 5009 2108 5076 de-

67 5115 108 5185 in
132 5113 311 5185 mentibus
335 5110 515 5203 persuasio
539 5110 585 5177 de
612 5106 835 5199 providentia
864 5109 1063 5199 diligentis-
1111 5108 1247 5180 beatur.
1287 5105 1384 5177 Haec
1401 5130 1482 5176 cum
1498 5119 1705 5196 reputarent
1719 5107 1892 5196 sapientes
1907 5105 2105 5202 Principes,

67 5217 156 5292 sime
179 5215 419 5287 confirmanda
445 5225 516 5297 est,
541 5232 643 5302 saepe
663 5210 957 5298 contemplandae
977 5224 1062 5280 sunt
1110 5207 1148 5276 in
1171 5231 1298 5298 magno
1321 5202 1460 5278 honore
1475 5209 1570 5296 apud
1590 5229 1649 5277 eos
1665 5208 1794 5278 medici
1815 5209 1980 5294 fuerunt,
2007 5211 2103 5300 apud

65 5333 214 5389 naturae
228 5328 365 5409 partes,
389 5311 631 5384 membrorum
645 5311 849 5395 fabricatio,
873 5313 1060 5403 experien·
1107 5304 1295 5379 Ezechiam
1311 5305 1447 5394 Esaias,
1471 5311 1567 5400 apud
1581 5308 1730 5382 Darium
1746 5307 1974 5394 Democedes,
1996 5334 2103 5402 quem

65 5418 349 5512 tiarespondens
364 5415 547 5489 doctrinae
563 5413 602 5483 in
617 5438 685 5485 usu
707 5412 1054 5493 medicamentorum,
1082 5449 1086 5490 ;
1107 5411 1243 5484 retrusit
1260 5412 1300 5482 in
1322 5411 1472 5504 patriam
1495 5424 1640 5482 onerata
1664 5412 1748 5482 navi
1772 5437 1859 5483 auro
1882 5434 1923 5482 ac
1940 5425 2103 5500 argento:
