4732 6030
85 204 184 286 aar
727 312 729 316 ι
776 154 935 276 unco.
964 197 1039 271 ou
1072 154 1263 274 carra
1297 196 1481 275 noua,
1754 276 1758 281 ,
2076 196 2148 269 sss

108 380 228 464 rium,
254 398 326 447 non
349 375 595 466 Magistratus,
625 398 699 444 non
723 397 837 458 sacra,
869 399 942 441 non
965 386 1100 443 caetera
1150 374 1228 442 bem
1247 397 1385 463 semper
1399 389 1567 466 tanquam
1584 397 1808 443 communem
1820 370 1968 465 patriam
1978 375 2141 443 omnium

110 493 317 554 ornamenta
337 479 466 549 amisit.
521 476 645 546 Postea
665 470 821 547 Gottbos
838 482 1039 569 quanquam
1058 498 1099 543 er
1149 476 1307 564 gentium
1323 468 1485 544 homines
1500 476 1688 546 coluerint.
1740 477 1867 547 Nonne
1884 489 1935 545 tot
1951 477 2049 544 urbis
2064 500 2139 544 me-

109 583 302 675 longinqua
317 581 503 651 obsidione
518 580 599 648 irati
615 574 857 647 vehementius
873 593 997 661 essent,
1011 577 1099 666 legi·
1149 578 1245 660 ritis,
1271 578 1375 646 etiarn
1393 577 1422 643 si
1439 577 1525 670 quid
1548 592 1718 668 peccasset
1732 577 1918 661 Pontifex,
1944 577 2141 646 condonari

109 707 186 754 mus
208 684 256 752 ita
279 685 481 753 moderatos
503 704 577 750 esse
602 681 639 748 in
657 679 801 749 victoria
829 679 938 759 iram,
964 691 1004 773 ut
1022 679 1099 746 edi·
1149 678 1296 748 debuit?
1323 677 1424 748 Nune
1439 677 1621 747 Pontificis
1636 694 1815 769 peccatum
1831 680 1987 748 furiosus
2006 678 2139 747 exerci-

107 802 203 858 ctum
227 785 332 855 etiam
357 784 577 877 propositum
603 782 728 865 fuerit,
747 782 793 849 'ut
816 771 1017 871 parceretur
1040 776 1097 848 bis
1149 795 1205 850 tus
1228 781 1419 870 parricidio
1445 781 1620 863 vindicat,
1650 783 1735 850 dum
1759 783 1940 851 sceleratas
1962 803 2088 848 manus
2106 780 2138 847 ei
2252 804 2256 813 ·

106 889 170 983 qui
192 888 230 955 in
251 886 379 977 templa
403 882 687 955 Christianorum
711 882 968 973 confugissent,
1000 896 1033 952 et
1056 895 1098 950 ut
1148 883 1229 951 urbi
1253 883 1384 965 iniicit,
1417 906 1506 975 qnae
1530 883 1633 950 nobis
1655 884 1821 953 omnibus
1843 907 1907 971 pro
1932 883 2042 973 patria
2063 904 2138 950 esse

107 992 193 1061 urbs
215 990 291 1058 sine
315 987 420 1057 caede
439 988 662 1077 diriperetur.
691 981 828 1077 -Atqui
852 980 920 1054 hoc
939 997 1096 1075 tempore
1148 985 1261 1057 debet.
1313 984 1435 1073 Longe
1458 986 1552 1053 enim
1579 986 1679 1075 plura
1704 986 1873 1055 beneficia
1897 986 1942 1052 ab
1963 1008 2002 1052 ea
2028 1007 2138 1053 unus-

106 1105 246 1162 tantum
261 1091 387 1168 abfuit,
402 1088 599 1158 utasacris
614 1088 720 1157 rebus
732 1087 969 1156 abstinuerint
982 1086 1097 1154 victo·
1148 1087 1297 1178 quisque
1321 1099 1480 1153 nostrum
1505 1089 1654 1178 accepit,
1686 1113 1791 1180 quarn
1810 1088 1856 1155 ab
1879 1111 1919 1154 eo
1946 1087 2042 1169 loco,
2075 1085 2137 1176 qui
2224 1072 2230 1082 ’

106 1217 179 1279 res,
204 1206 334 1263 utnon
352 1191 513 1282 cupidius
529 1190 673 1258 aliunde
693 1189 850 1280 praedati
874 1189 955 1261 sint.
1007 1185 1094 1257 Cae·
1148 1201 1349 1257 nascentem
1391 1188 1546 1276 primum
1588 1190 1732 1278 excepit.
1790 1186 1847 1260 Ad
1884 1184 1975 1255 banc
2009 1187 2135 1256 urbem

106 1298 171 1365 des
191 1296 301 1365 factae
323 1306 396 1364 tota
419 1293 506 1362 urbe
527 1292 734 1360 miserorum
758 1290 906 1374 civium;
934 1288 1095 1359 bonaci-
1147 1313 1269 1358 ornnes
1304 1287 1564 1358 controversiae
1604 1291 1767 1358 omnium
1809 1290 1965 1381 gentium
2001 1289 2137 1357 delatae

106 1397 228 1467 vitatis
245 1419 322 1487 pars
339 1394 504 1463 incendio
520 1392 651 1479 deleta;
677 1391 793 1462 studia
810 1393 969 1461 omnium
984 1388 1090 1460 bone-
1147 1405 1241 1463 sunt.
1292 1388 1388 1459 Haec
1410 1403 1578 1481 tanquam
1602 1391 1639 1458 in
1664 1392 1821 1461 excubiis
1840 1415 1976 1480 semper
2000 1391 2067 1459 fuit
2090 1391 2134 1457 ad

107 1512 239 1569 starum
263 1518 487 1588 rerumquae
513 1494 802 1577 ibifloruerunt,
829 1494 935 1562 armis
955 1507 1095 1562 conter-
1147 1493 1366 1562 retinendam
1383 1491 1601 1579 religionem.
1654 1491 1732 1561 Hoc
1748 1518 1883 1584 semper
1898 1493 1936 1559 in
1951 1493 2055 1562 terris
2069 1493 2135 1558 do-

106 1586 193 1685 rita,
217 1601 481 1670 obmutuerunt.
542 1592 685 1666 Abolita
710 1607 848 1665 suntet
875 1590 979 1680 haec,
1005 1618 1094 1688 quae
1148 1594 1382 1664 ctissimorum
1397 1587 1585 1662 hominurn
1601 1595 1821 1663 domicilium
1837 1596 1915 1663 fuit.
1967 1591 2137 1662 Haecfu-

104 1703 136 1772 si
150 1699 376 1784 mansissent,
402 1698 599 1770 instaurare
611 1699 800 1788 collapsam
817 1699 941 1766 urbem
957 1697 1095 1789 potuis-
1146 1697 1279 1786 gientes
1296 1718 1418 1764 omnes
1441 1688 1605 1765 honestas
1628 1709 1719 1766 artes
1736 1722 1777 1765 ex
1793 1694 1940 1765 Graecia
1956 1695 2137 1762 exulantes

104 1817 201 1887 sent,
225 1815 360 1871 veteres
386 1797 634 1890 Magistratus,
666 1801 776 1889 leges,
806 1800 919 1868 forma
943 1800 1094 1866 indicio·
1148 1798 1291 1887 excepit.
1342 1794 1411 1864 Hic
1427 1820 1541 1886 nuper
1555 1822 1676 1868 omnes
1701 1799 1813 1867 bonae
1828 1797 2036 1887 disciplinae
2055 1808 2136 1865 tan-

102 1927 194 1978 rum.
446 1968 452 1979 ,
1149 1923 1254 1991 quarn
1277 1910 1418 1966 renatae
1440 1915 1538 1967 sunt:
1565 1896 1660 1967 Hinc
1682 1900 1721 1968 in
1738 1923 1861 1970 ornnes
1882 1914 1992 1969 terras
2006 1919 2137 1988 propa·

206 2002 337 2074 Iustius
360 2002 470 2091 igitur
490 1998 548 2070 bic
570 2004 643 2070 dies
667 2002 727 2093 qui
749 2001 817 2069 fuit
842 1999 957 2090 pridie
984 2021 1096 2067 nonas
1148 2013 1246 2089 gatae
1262 2011 1363 2083 sunt,
1388 2022 1461 2066 non
1477 1999 1579 2068 aliter
1595 2014 1700 2093 atque
1718 2003 1849 2070 semina
1868 2002 2009 2089 frugum
2025 2003 2063 2067 in
2079 2012 2136 2066 to—

102 2105 209 2184 Maii,
236 2128 276 2174 eo
295 2104 389 2172 enim
406 2104 566 2193 proximo
582 2126 676 2171 anno
693 2103 779 2170 urbs
795 2114 890 2192 capta
907 2114 976 2182 est,
1002 2102 1096 2169 inter
1149 2117 1224 2171 tum
1244 2114 1417 2170 terrarum
1442 2101 1583 2185 orbem,
1617 2126 1636 2169 a
1658 2102 1879 2194 Triptolemo
1900 2125 2018 2193 sparsa
2041 2112 2136 2172 sunt.

103 2220 202 2277 atros
217 2230 323 2299 quam
341 2203 508 2274 Alliensis
524 2218 741 2274 nrrmeretur.
789 2203 842 2271 Ac
858 2227 982 2271 vereor
997 2204 1093 2271 futu·
1146 2198 1183 2273 Ο
1200 2202 1355 2291 ingratos
1373 2197 1552 2287 homines,
1578 2204 1639 2296 qui
1662 2205 1692 2272 si
1709 2201 1794 2275 haec
1816 2204 1985 2275 beneficia
2002 2203 2137 2271 intelli-

29 2380 37 2389 ,
103 2333 196 2392 rrrm,
223 2321 261 2376 ut
276 2309 319 2374 ad
342 2318 499 2396 posteros
521 2301 578 2373 bic
593 2305 667 2373 dies
690 2304 801 2374 multo
822 2304 939 2373 verius
954 2301 1093 2373 Allien·
1146 2319 1243 2393 gunt,
1263 2302 1399 2372 nullam
1415 2317 1541 2394 putant
1555 2330 1591 2375 se
1607 2307 1657 2374 sie
1675 2306 1825 2376 merenti
1840 2306 1974 2376 civitati
1988 2305 2137 2397 gratiam

104 2411 152 2480 sis
178 2409 339 2479 videatur
365 2407 419 2476 illi
445 2408 526 2476 urbi
559 2406 688 2491 fuisse,
734 2430 839 2498 quam
864 2406 961 2475 ullus
987 2406 1091 2474 alius:
1146 2405 1298 2476 debere?
1327 2400 1555 2490 Oamentes‚
1579 2408 1608 2475 si
1627 2432 1700 2476 non
1718 2409 1931 2498 intelligunt.

103 2535 219 2604 neque
240 2511 336 2579 enim
360 2509 463 2578 facile
485 2532 521 2578 se
543 2532 584 2578 ex
605 2523 702 2578 tanta
724 2508 919 2577 calamitate
934 2510 1021 2575 urbs
1036 2529 1095 2575 re·
1219 2506 1396 2576 Nonnulli
1410 2509 1531 2575 odiose
1548 2508 1720 2596 colligunt
1734 2511 1833 2578 urbis
1847 2511 1931 2579 vitia
1948 2523 1982 2578 et
1999 2507 2135 2575 incom-

103 2613 247 2683 creabit.
301 2607 355 2681 Ac
370 2610 452 2679 vide
469 2623 641 2705 quantum
660 2612 764 2679 distet
787 2610 832 2677 ab
849 2609 1016 2699 exemplis
1031 2632 1094 2676 ve·
1147 2611 1262 2692 moda,
1284 2632 1374 2702 quae
1388 2608 1471 2676 inde
1484 2609 1529 2677 ad
1546 2609 1632 2678 alias
1646 2625 1766 2700 gentes
1782 2622 2030 2702 pervenerunt.
2064 2607 2135 2677 Sed

102 2729 218 2785 terum
235 2711 510 2792 Germanorum,
535 2707 642 2782 huius
657 2711 828 2782 exereitus
840 2711 986 2780 facinus.
1024 2708 1093 2781 Ca·
1147 2723 1198 2781 est
1219 2710 1326 2780 astuti
1346 2704 1520 2794 hominis,
1552 2714 1647 2805 quod
1671 2714 1769 2783 dolet
1790 2713 2011 2796 meminisse,
2036 2709 2135 2803 quod

102 2816 201 2885 rolus
215 2815 350 2905 primus
364 2815 521 2905 depulsis
538 2816 582 2881 ab
604 2815 692 2881 urbe
706 2812 969 2899 Longobardis,
994 2836 1093 2880 ava·
1148 2813 1259 2904 placet
1279 2810 1452 2880 oblivisci.
1509 2809 1589 2881 Hoc
1612 2828 1687 2885 erat
1709 2811 1919 2899 humanius,
1951 2811 2136 2882 commoda

103 2912 632 3008 stitateurbematqueltaliam
654 2907 848 3000 probibuit.
902 2909 1002 2980 Otho
1015 2912 1094 3000 pri·
1133 2937 1350 3005 agnoscere,
1390 2926 1521 2982 ettam
1548 2914 1670 2983 multis
1697 2917 1887 2985 benefactis
1909 2914 2135 2983 incommoda

101 3042 180 3089 mus
202 3014 370 3087 liberavit
395 3035 471 3080 eam
495 3009 701 3099 Berengarii
731 3011 928 3102 tyrannide.
983 3009 1032 3081 Et
1054 3027 1095 3084 ut
1146 3019 1358 3101 condonare.
1418 3012 1537 3100 Quae,
1575 3017 1836 3110 qualiacunque
1870 3031 1968 3100 sunt,
2004 3014 2136 3083 talibus

101 3121 214 3189 multa
230 3116 404 3196 omittam,
422 3112 633 3181 fortissimus
647 3136 687 3180 ac
702 3111 1095 3202 sapientissimusPrin-
1145 3131 1239 3186 certe
1256 3114 1420 3183 remediis
1438 3115 1564 3205 corrigi
1582 3141 1655 3186 non
1672 3133 1848 3208 poterunt.
1899 3117 2011 3187 Nemo
2029 3116 2136 3185 dubi-

102 3244 196 3308 ceps,
217 3238 303 3285 avus
317 3211 442 3284 Carole
460 3225 541 3282 tuus
557 3210 835 3298 Maximilianus,
857 3228 990 3306 quanto
1008 3239 1093 3284 con·
1147 3232 1195 3287 tet
1218 3215 1401 3309 parricidii
1422 3238 1497 3285 esse
1523 3239 1644 3303 reum,
1678 3221 1741 3313 qui
1770 3221 1861 3309 patri
1892 3220 2023 3289 leviter*
2044 3218 2135 3286 deli-

102 3320 184 3391 silio
208 3314 352 3387 Gallum
376 3315 563 3384 ducentem
588 3314 781 3382 maximum
798 3337 838 3384 ac
859 3315 1092 3385 fortissimum
1146 3321 1238 3388 canti
1254 3319 1376 3387 oeulos
1390 3317 1558 3398 effodiat,‘
1579 3333 1639 3390 aut
1654 3323 1831 3415 praecidat
1846 3344 1981 3392 manus.
2036 3319 2134 3408 Quid

102 3420 294 3491 exercitum
326 3416 368 3484 ad
397 3416 543 3501 urbem,
576 3416 754 3487 irritatum
779 3430 884 3510 atque
907 3441 1091 3488 accensum
1146 3421 1253 3510 igitur
1268 3414 1336 3488 boc
1354 3419 1452 3489 aliud
1476 3435 1526 3490 est
1541 3446 1648 3514 quam
1673 3424 1925 3514 parricidium,
1951 3437 2022 3491 tam
2040 3436 2136 3492 atro-

101 3522 186 3592 odio
211 3517 292 3589 lulii
310 3516 511 3600 Pontificis,
536 3519 619 3586 inde
643 3541 756 3610 usque
774 3541 793 3588 a
815 3516 1005 3605 Ravenna,
1030 3521 1092 3588 ubi
1145 3546 1200 3591 ces
1216 3544 1346 3614 poenas
1362 3521 1406 3590 de
1423 3522 1532 3612 patria
1548 3537 1693 3614 propter
1707 3528 1824 3595 nescio
1840 3550 1929 3618 quae
1945 3539 2059 3594 errata
2074 3547 2134 3592 su-

100 3622 252 3692 maxima
268 3642 385 3713 pugna
402 3618 829 3691 exercitumPontiticium
843 3621 972 3690 vicerat
987 3637 1092 3714 atque
1144 3623 1265 3692 mere?
1299 3621 1420 3715 ltaque
1443 3624 1585 3694 miseret
1608 3650 1662 3695 me
1677 3651 1749 3695 non
1770 3631 1876 3697 modo
1893 3630 2056 3698 fortunae
2074 3650 2136 3696 ur·

99 3726 302 3814 fugaverat,
325 3724 368 3789 ad
386 3720 546 3790 ultimam
563 3717 701 3790 Galliae
716 3745 825 3805 oram,
852 3722 890 3790 io
908 3719 1089 3812 Belgicum
1144 3726 1216 3809 bis,
1251 3724 1309 3793 sed
1336 3725 1440 3816 etiam
1463 3724 1613 3794 aliarum
1637 3729 1811 3816 gentium:
1853 3752 2016 3818 magnam
2038 3728 2134 3794 enim

100 3826 264 3909 retraxit,
291 3847 335 3890 ne
353 3846 421 3915 qua
441 3822 539 3891 clade
557 3824 642 3891 urbs
659 3825 703 3892 ab
720 3823 810 3892 irato
827 3824 958 3893 victore
975 3825 1093 3921 affice-
1145 3827 1285 3896 ruinam
1302 3827 1476 3894 bonarum
1493 3850 1613 3893 rerum
1629 3830 1720 3918 apud
1739 3853 1861 3896 omnes
1878 3830 2050 3909 nationes,
2076 3822 2135 3896 bic

99 3942 209 4000 retur.
262 3923 366 3995 Nunc
383 3937 499 3993 autem
516 3948 537 3992 o
553 3936 752 4013 temporum
774 3925 908 4008 labem,
935 3926 996 3993 ille
1019 3930 1091 4014 ipse
1147 3927 1246 3996 urbis
1260 3944 1377 4005 casus,
1403 3938 1443 3991 ut
1457 3948 1592 4006 vereor,
1617 3923 1752 4005 trahet,
1776 3929 1845 3994 nisi
1864 3928 2054 4020 respexerit
2069 3951 2135 3998 nos

104 4029 285 4111 exereitus,
311 4049 415 4118 quem
431 4021 559 4093 Caesar
575 4025 760 4114 universae
777 4021 898 4119 ltaliae
915 4027 1090 4115 praesidio
1144 4025 1240 4095 Deus
1258 4048 1322 4114 pro
1337 4044 1397 4090 sua
1414 4044 1548 4090 summa
1565 4024 1733 4112 bonitate,
1756 4024 1932 4097 ethorum
1947 4031 2136 4115 malorum,

104 4152 176 4198 esse
189 4130 320 4211 voluit,
344 4127 542 4195 inauditam
567 4127 809 4213 crudelitatem
833 4127 869 4193 in
888 4127 975 4195 urbe
992 4127 1092 4217 prin·
1144 4149 1235 4220 quae
1256 4125 1481 4216 impendent,
1506 4127 1660 4195 remedia
1677 4131 1888 4214 ostenderit,
1915 4154 1976 4200 vos
1992 4156 2134 4226 quoque

105 4232 183 4325 cipe
197 4232 306 4301 totius
322 4227 457 4311 ltaliae,
483 4228 556 4298 imo
573 4228 681 4297 totius
698 4227 795 4295 orbis
811 4226 974 4296 exercuit.
1010 4226 1090 4296 Non
1144 4227 1326 4311 existimo,
1358 4248 1438 4295 eum
1464 4225 1647 4298 interitum
1671 4231 1913 4302 nobilissimae
1937 4235 2035 4303 urbis
2068 4236 2135 4303 do-

103 4332 258 4423 exempla
280 4346 438 4400 veterum
456 4328 736 4423 Germanorum,
762 4353 835 4397 non
853 4329 1006 4418 dignitas
1030 4353 1091 4397 ur·
1144 4332 1235 4420 lere,
1269 4343 1344 4399 tum
1369 4328 1650 4417 impendentium
1671 4334 1847 4402 malorum
1873 4348 1968 4406 metu
1994 4350 2137 4425 pertur-

102 4435 179 4517 bis,
203 4458 275 4502 nou
291 4432 445 4522 ingentia
469 4432 636 4501 beneficia
657 4431 781 4501 collata
799 4430 836 4498 in
860 4454 983 4500 omnes
1006 4454 1093 4522 gen·
1144 4432 1222 4501 bari
1309 4426 1452 4499 Etenim
1486 4455 1566 4500 curn
1598 4434 1829 4525 coli'patriae
1862 4431 2058 4507 bonoribus
2089 4440 2134 4508 ab

102 4551 175 4619 tes,
208 4534 379 4604 flexerunt
404 4555 463 4603 eos
485 4537 530 4602 ad
554 4533 841 4607 misericordiam.
902 4530 992 4621 Quis
1017 4557 1092 4602 non
1144 4533 1312 4602 omnibus
1335 4532 1516 4616 debuerit,
1550 4546 1669 4603 tamen
1697 4561 1715 4605 a
1740 4538 1846 4607 nobis
1870 4539 2038 4623 maxime,
2072 4543 2135 4633 qui

101 4638 223 4708 doleat
247 4660 356 4728 usque
380 4637 468 4706 adeo
495 4636 724 4705 deformatam
757 4657 827 4702 esse
854 4657 930 4702 earn
956 4636 1092 4719 urbem,
1144 4636 1263 4725 lingua
1288 4633 1441 4703 civitatis
1462 4634 1616 4720 utimur,
1649 4638 1781 4732 quique
1804 4640 1906 4730 plura
1928 4665 2034 4732 qnam
2052 4645 2134 4712 vul.

101 4763 192 4835 quae
208 4739 295 4808 olim
317 4763 454 4823 rerum,
482 4753 520 4807 ut
541 4737 660 4831 inquit
675 4735 865 4824 Virgilius,
892 4731 1089 4826 pulcherri-
1143 4760 1224 4826 gus,
1255 4735 1420 4805 beneficia
1445 4737 1489 4803 ab
1514 4736 1573 4803 illa
1599 4741 1816 4831 accepimus,
1851 4741 1886 4810 id
1917 4741 1992 4810 fieri
2018 4745 2133 4819 debet.

100 4866 175 4928 ma,
200 4840 371 4932 Princeps
386 4840 528 4931 imperii
545 4839 704 4907 omnium
723 4837 879 4928 gentium
897 4838 975 4922 fuit,
1001 4863 1091 4931 quae
1144 4838 1202 4908 lus
1216 4839 1320 4907 nobis
1336 4861 1414 4906 cum
1433 4838 1539 4927 vulgo
1556 4863 1742 4910 commune
1758 4855 1819 4922 est,
1846 4843 1960 4912 studia
1981 4846 2134 4937 optima-

100 4968 173 5014 una
187 4944 343 5035 exempla
359 4943 459 5033 plura
478 4941 648 5011 virtutum
666 4940 825 5030 protulit,
847 4963 952 5032 quarn
968 4963 1090 5007 omnes
1142 4964 1220 5010 rorn
1236 4942 1383 5022 artium,
1409 4964 1482 5008 non
1498 4955 1582 5011 sunt
1597 4934 1818 5028 commtinia,
1845 4969 1934 5038 quae
1948 4947 2053 5037 longe
2067 4973 2133 5018 an-

100 5047 234 5139 ubiqoe
248 5046 338 5115 aliae
353 5044 525 5112 civitates:
552 5066 641 5135 quae
655 5041 760 5110 nobis
775 5042 878 5130 leges,
905 5065 994 5134 quae
1008 5043 1090 5110 lite·
1140 5044 1311 5113 tecellunt
1333 5041 1412 5109 aliis
1430 5044 1597 5111 omnibus
1615 5038 1780 5114 humanis
1802 5048 1918 5122 rebus.
1972 5048 2044 5120 Vos
2067 5051 2134 5140 igi-

98 5171 177 5233 ras,
210 5172 301 5242 quae
331 5144 533 5237 religiones,
573 5169 663 5237 quae
691 5139 966 5228 humanitatem,
1000 5169 1089 5237 quae
1141 5158 1199 5213 tur
1222 5170 1303 5214 vere
1325 5144 1502 5234 Quirites,
1538 5146 1674 5237 quoties
1698 5164 1768 5220 tam
1793 5149 1968 5220 funestam
1993 5153 2134 5222 luctuo-

99 5273 222 5320 0mnes
238 5246 402 5319 honestas
421 5247 645 5338 disciplinas,
672 5269 762 5339 quae
780 5245 932 5339 denique
945 5270 1088 5314 omnem
1140 5271 1284 5340 samque
1306 5248 1440 5337 patriae
1461 5248 1696 5337 direptionem
1718 5254 1974 5334 recordamini,
2000 5277 2131 5343 expen-

97 5353 188 5424 bene
204 5351 349 5424 vivendi
365 5348 537 5421 rationem
553 5348 657 5420 nobis
673 5346 837 5434 tradidit,
863 5361 903 5417 ut
921 5342 1012 5418 hanc
1026 5372 1088 5417 ur-
1139 5346 1211 5421 dite
1232 5374 1356 5445 quaea
1375 5348 1476 5420 vobis
1497 5350 1610 5422 officia
1629 5352 1691 5422 tali
1717 5367 1874 5446 tempore
1889 5355 2129 5448 requirantur.
