4732 6030
160 281 236 357 sos
611 277 774 356 nncn
808 255 1049 354 cunina
1083 274 1418 354 aurunco-s
1453 273 1733 354 nnnrcos.
2111 278 2188 353 eoo

160 456 228 524 bus
251 451 393 537 accidit,
420 465 552 545 quanto
576 451 696 523 miuus
717 452 855 523 terendi
877 465 962 523 sunt
980 452 1057 538 isti,
1084 448 1147 545 qui
1199 472 1368 540 gnoscere
1390 450 1509 522 omnia
1533 450 1647 520 officia
1665 447 1903 541 imperatoris.
1955 443 2008 518 lta
2025 445 2188 518 Medicus

160 577 238 625 cum
252 576 435 648 nunquam
450 553 652 637 didicerint,
677 569 794 625 tamen
813 549 902 623 hauc
917 567 1028 625 artem
1043 556 1147 642 longe
1199 548 1422 623 adhibendus
1450 559 1519 638 est,
1549 576 1624 622 non
1654 551 1717 646 qui
1738 573 1829 620 nova
1851 547 2089 642 experimenta
2110 550 2188 618 siue

161 656 349 726 maximam
370 679 411 726 ac
431 653 678 726 difficillimam
702 656 922 746 profitentur.
975 655 1023 727 At
1046 655 1147 724 ride-
1198 654 1335 724 ratione
1356 655 1512 750 quaerit,
1540 668 1574 724 et
1595 654 1657 747 qui
1673 653 1746 723 suis
1760 651 1928 741 exemplis
1943 650 2096 742 primum
2111 673 2187 720 me·

158 780 365 850 musquam
381 756 555 849 plurimos
569 747 662 842 esse}
687 758 748 851 qui
762 758 861 851 quasi
876 758 922 829 ab
933 750 1146 849 Aesculapio
1199 757 1306 826 dendi
1328 757 1421 826 viam
1438 757 1591 847 colligit,
1615 757 1675 825 sed
1693 754 1756 849 qui
1768 766 1926 822 veterum
1941 751 2138 821 doctrinam
2154 766 2190 822 et

159 871 270 928 totam
292 870 402 928 artem
420 882 483 950 per
497 859 677 941 somnium
694 861 801 928 semel
817 859 1034 952 acceperint,
1060 882 1147 926 ven·
1200 859 1449 948 experientiam
1479 859 1652 929 imitatur.
1714 854 1892 927 Foelicem
1918 852 2039 933 aiunt,
2082 877 2188 945 quem

158 958 277 1031 ditant
297 983 334 1029 se
355 960 451 1030 inter
471 958 648 1044 Medicus,
675 960 810 1029 etiamsi
833 961 970 1031 nnllam
987 984 1146 1054 unquam
1199 960 1333 1030 iaciunt
1344 959 1459 1028 aliena
1473 961 1626 1053 pericula¹
1640 972 1798 1030 cautum:
1826 977 1934 1048 quare
1949 978 2024 1024 non
2038 967 2089 1024 est
2101 977 2188 1023 con·

159 1061 323 1152 paginam
340 1058 586 1152 Hippocratis,
611 1075 672 1132 aut
690 1058 841 1145 Galeui,
867 1060 1147 1134 autAvicennae
1199 1063 1333 1132 sultum
1357 1062 1495 1131 omissis
1516 1076 1674 1132 veterum
1697 1059 1881 1150 exemplis,
1909 1081 2000 1127 nova
2020 1057 2188 1136 remedia,
2297 1132 2301 1139 ,

159 1163 335 1252 legerunt.
388 1161 441 1232 Ac
464 1162 630 1232 videntur
650 1161 755 1233 etiam
780 1162 929 1234 irridere
949 1177 1059 1235 totam
1083 1166 1149 1232 do-
1200 1162 1446 1235 novamviam
1468 1161 1634 1231 medendi
1651 1159 1812 1254 experiri.
1864 1155 1918 1229 Ac
1934 1157 2075 1251 nequis
2091 1169 2189 1250 putet

160 1264 334 1344 ctrinam,
374 1261 528 1357 quaein
556 1258 687 1333 scholis
714 1265 886 1347 traditur,
925 1279 960 1337 et
988 1265 1148 1356 sapiunt3
1201 1289 1257 1335 me
1278 1263 1528 1356 experientiam
1550 1261 1744 1355 aspernari:
1770 1285 1834 1351 ego
1855 1284 1940 1330 vero
1961 1259 2059 1329 illam
2083 1280 2189 1352 quam

161 1366 287 1437 vident
309 1364 404 1435 enim
426 1364 552 1455 vulgus
571 1365 652 1456 plus
676 1364 921 1439 admirationis
937 1362 1069 1438 habere
1086 1391 1149 1459 pa·
1201 1365 1351 1436 maxime
1373 1366 1602 1436 necessariam
1626 1386 1698 1434 esse
1720 1362 1812 1443 scio,
1846 1363 1905 1431 sed
1928 1360 2081 1431 vicissim
2105 1359 2190 1428 nolo

161 1466 337 1536 rasiticam
360 1467 477 1551 illam,
506 1490 613 1559 quam
636 1491 756 1539 veram
780 1463 1062 1562 philosophiam3
1095 1468 1150 1536 vi·
1188 1482 1311 1539 ,artem
1348 1467 1539 1539 contemni.
1605 1464 1766 1537 Prudens
1803 1462 1965 1534 Medicus
2000 1461 2191 1550 coniunget

162 1569 251 1638 dent
271 1569 379 1657 magis
401 1580 646 1660 quaestuosam
663 1593 737 1639 esse
753 1564 1017 1656 histrionicam,
1043 1595 1149 1664 quam
1200 1584 1408 1663 utrumque,
1439 1582 1549 1639 artem
1579 1581 1614 1639 et
1641 1566 1903 1659 experientiam.
1963 1561 2054 1632 Nam
2086 1585 2191 1653 expe·

136 1692 280 1737 ·veram
303 1670 470 1739 medendi
491 1684 614 1742 artem.
667 1669 737 1740 Sed
760 1672 906 1744 obiiciat
929 1667 988 1742 hic
1011 1671 1151 1767 aliquis,
1202 1671 1328 1741 rientia
1346 1671 1422 1740 sine
1436 1671 1585 1752 ratione,
1611 1669 1688 1739 sine
1704 1670 1877 1749 doctrina,
1897 1666 1974 1734 sine
1991 1676 2077 1745 arte,
2096 1659 2192 1732 nihil

161 1771 350 1863 plerosque
364 1771 550 1842 illiteratos
566 1794 726 1860 magnam
745 1773 995 1865 experientiam
1009 1769 1152 1856 habere,
1203 1773 1271 1841 nisi
1291 1772 1522 1842 domesticum
1540 1770 1764 1841 latrocinium
1782 1784 1853 1852 est,
1881 1781 1914 1838 et
1930 1787 2072 1857 possem
2080 1763 2191 1834 multa

161 1896 342 1964 quaenon
361 1872 606 1952 minusvalet,
631 1897 827 1964 quamars,
854 1898 961 1967 quam
979 1874 1152 1945 doctrina.
1203 1873 1359 1962 exempla
1391 1874 1684 1956 commemorare,
1716 1872 1896 1964 quomodo
1925 1867 2062 1958 decepti
2087 1888 2192 1957 expe-

163 1969 349 2042 Assentior
375 1973 531 2041 multum
561 1973 694 2062 pollere
718 1974 968 2065 experientiam
978 1999 988 2060 3
1023 1999 1064 2044 ex
1087 1968 1152 2042 hac
1204 1974 1330 2044 rieutia
1359 1986 1479 2043 contra
1505 1974 1676 2044 rationem
1698 1968 1891 2062 Empirici,
1920 1970 2017 2039 viros
2039 1967 2192 2059 optimos

162 2073 260 2141 enim
291 2097 348 2142 ars
377 2070 546 2164 paulatim
568 2086 648 2142 nata
671 2086 732 2143 est.
792 2073 864 2146 Sed
887 2087 1072 2168 postquam
1096 2097 1153 2145 ars
1203 2073 1443 2146 crudelissime
1473 2074 1725 2146 interfecerint.
1776 2073 1897 2163 Quare
1924 2073 1961 2140 si'
1982 2093 2072 2165 qnos
2099 2060 2193 2136 nihil

163 2188 303 2275 reperta
326 2188 396 2257 est,
420 2174 499 2242 ideo
522 2174 696 2258 traditur,
723 2175 876 2269 nequid
899 2191 1047 2263 temere,
1073 2200 1151 2246 cum
1203 2176 1360 2248 offendet
1393 2176 1603 2267 indignitas,
1646 2178 1741 2270 quod
1777 2171 1938 2247 homines
1971 2172 2193 2264 impudentes

163 2275 322 2367 periculo
343 2275 494 2344 aliorum
519 2274 763 2365 experiamur,
789 2280 848 2346 sed
871 2278 1032 2370 priorum
1051 2300 1154 2368 expe-
1203 2281 1336 2349 audent
1357 2301 1393 2346 se
1417 2279 1521 2348 titulo
1544 2279 1630 2350 artis
1651 2279 1853 2357 venditare,
1879 2300 1985 2370 quam
2008 2295 2192 2366 nunquam
2292 2266 2300 2279 ⁸

165 2378 315 2446 rimenta
338 2376 534 2460 imitantes,
566 2389 693 2446 certam
719 2379 884 2448 medendi
904 2380 1077 2449 rationem
1100 2392 1154 2449 te-
1203 2382 1423 2465 didiceruut,
1447 2392 1566 2448 tamen
1582 2393 1633 2448 cst
1650 2373 1864 2463 humanum,
1890 2375 2039 2467 periculi
2055 2369 2193 2458 magni-

166 2502 323 2553 neamus.
375 2476 531 2549 Proinde
553 2477 616 2570 qui
638 2479 758 2550 relicta
782 2494 877 2564 arte,
906 2505 970 2571 per
993 2506 1066 2552 sese
1090 2505 1153 2549 vo-
1203 2484 1328 2554 tudine
1348 2480 1501 2565 moveri,
1527 2505 1598 2572 quo
1620 2479 1740 2547 minus
1761 2480 1879 2548 ferant
1891 2478 1976 2548 istos
1994 2473 2195 2554 histriones,

166 2581 246 2650 lunt
268 2578 418 2670 experiri
440 2579 526 2671 quid
549 2578 677 2669 prosit,
709 2581 794 2674 quid
817 2579 937 2663 obsit,¹
965 2579 1030 2653 hos
1052 2605 1154 2673 saepe
1199 2606 1357 2677 quorum
1381 2581 1557 2674 imperitia
1581 2582 1712 2651 multos
1735 2581 1850 2670 perire
1871 2588 2018 2676 constat.
2069 2571 2118 2643 Et
2134 2594 2195 2640 ac·

167 2681 346 2770 continget
362 2704 495 2764 errare,
520 2694 554 2750 et
567 2681 702 2751 discent
717 2706 844 2771 magno
859 2685 954 2754 malo
969 2698 1153 2776 aegrotau-
1206 2684 1298 2755 cedit
1319 2679 1387 2752 hoc
1410 2686 1505 2777 quod
1528 2695 1633 2774 auget
1655 2682 1871 2772 periculum,
1904 2676 2081 2772 imperitia
2102 2671 2195 2764 parit

167 2783 269 2855 tium.
318 2777 419 2852 Nihil
441 2795 494 2852 est
512 2782 674 2852 fallacius
698 2786 912 2873 experientia
928 2787 965 2856 in
982 2800 1077 2856 tanta
1094 2809 1155 2853 va·
1205 2784 1408 2875 audaciam,
1437 2797 1477 2854 nt
1496 2779 1727 2879 Thucydides
1756 2784 1820 2855 ait:
1853 2804 1961 2876 quare
1989 2779 2081 2849 iuter
2099 2778 2197 2860 istos,

167 2885 290 2954 rietate
307 2882 670 2962 circumstantiarum,
694 2884 738 2948 ad
754 2906 860 2975 quam
879 2908 953 2952 non
967 2880 1157 2955 adhibetur
1205 2887 1408 2981 utquisque
1424 2885 1686 2955 indoctissimus
1702 2896 1772 2965 est,
1797 2884 1847 2954 ita
1863 2896 1915 2953 est
1930 2878 2196 2952 audacissimus.

167 2984 259 3055 ratio
282 2999 316 3054 et
339 2981 521 3062 doctrina,
547 2979 636 3047 sicut
659 2980 762 3049 initio
778 2977 1075 3071 Aphorismorum
1093 2988 1157 3055 ad·
1206 2988 1316 3058 Multi
1341 3002 1426 3056 sunt
1446 2985 1584 3068 morbi,
1610 3008 1699 3078 quos
1723 2983 1917 3056 doctissimi
1940 2995 1973 3053 et
1992 2976 2197 3074 peritissimi

167 3083 311 3157 monuit
338 3079 592 3170 Hippocrates,
630 3103 711 3148 cum
740 3083 876 3175 iuquit,
907 3086 1156 3176 experientiam
1206 3089 1341 3158 Medici
1362 3112 1505 3157 movere
1526 3110 1600 3157 nou
1616 3089 1766 3171 audent,
1791 3087 1903 3156 multa
1921 3083 2197 3173 inciduntsym-

167 3182 402 3278 periculosam
425 3198 517 3263 esse,
543 3193 578 3249 et
591 3178 764 3250 iudicium
777 3184 894 3256 fallax.
945 3183 996 3257 At·
1007 3187 1066 3258 isti
1083 3211 1157 3256 em·
1208 3203 1364 3281 ptomata
1387 3212 1428 3258 ex
1448 3188 1562 3258 causis
1581 3190 1669 3257 adeo
1685 3187 1863 3274 obscuris,
1887 3199 1930 3257 ut
1943 3186 2048 3256 etiam
2065 3180 2197 3253 doctis-

167 3283 292 3375 pirici,
323 3282 394 3350 imo
417 3274 626 3361 histriones,
650 3281 785 3354 abiecta
809 3301 884 3358 arte
906 3300 1046 3359 tantum
1070 3313 1158 3359 con·
1207 3289 1289 3360 simi
1315 3291 1384 3361 viri
1414 3290 1596 3375 dubitent,
1629 3290 1808 3383 quomodo
1832 3300 2038 3372 occurrant3
2080 3284 2198 3353 incre-

169 3386 286 3454 fidunt
300 3381 525 3474 experientia,
551 3396 585 3452 et
600 3378 732 3454 iudicio
747 3407 824 3472 suo,
849 3412 1002 3482 quorum
1018 3405 1157 3460 utrum·
1206 3391 1329 3462 dibilis
1358 3405 1409 3462 est
1435 3392 1586 3462 varietas
1613 3391 1796 3481 signomm
1823 3403 1908 3461 ante
1935 3387 2074 3466 Crisin,
2106 3405 2197 3477 qnae

165 3510 236 3580 que
260 3483 532 3554 incertissimum
555 3496 619 3556 est.
670 3482 903 3578 Hippocrates
918 3492 1007 3560 adeo
1022 3492 1158 3561 diffisus
1207 3517 1281 3563 nou
1305 3517 1385 3564 raro
1409 3494 1591 3586 perturbat
1614 3490 1818 3576 Medicum,
1845 3490 2006 3585 quamvis
2027 3506 2197 3578 sagacem.

165 3600 220 3657 est
248 3584 505 3675 experientiae,
536 3598 577 3655 ut
603 3588 837 3677 praeceperit,
871 3606 1057 3685 postquam
1083 3617 1157 3662 non
1207 3593 1256 3665 At
1287 3589 1479 3666 histriones
1506 3594 1566 3666 isti
1596 3593 1766 3688 qnoniam
1796 3593 1904 3663 semel
1936 3592 2198 3683 periricnerunt

165 3687 352 3782 respondit
373 3700 518 3756 eventus
535 3683 753 3755 Medicinam
774 3694 966 3762 secundum
984 3693 1157 3763 rationem
1206 3697 1380 3782 frontem,
1403 3695 1545 3766 fortiter
1567 3707 1650 3765 sunt
1673 3695 1914 3784 impudentes,
1937 3693 2078 3762 nullum
2100 3707 2199 3755 mor-

167 3787 332 3873 lacienti,
358 3811 405 3857 ne
425 3785 512 3878 qnid
533 3802 710 3877 praeterea
726 3802 847 3862 tentet.
899 3791 1026 3864 Videte
1038 3809 1155 3866 autem
1207 3798 1292 3867 bum
1324 3822 1399 3867 non
1427 3797 1626 3883 attingunt,
1666 3794 1766 3863 nullo
1797 3805 2049 3885 symptomate,
2087 3782 2199 3857 nullis

166 3892 255 3962 istos
283 3891 464 3968 indoctos,
505 3889 718 3959 collectanea
749 3884 882 3965 habent
909 3895 1159 3980 remediorum,
1206 3898 1317 3986 signis
1341 3897 1611 3988 perturbantur,
1636 3905 1671 3962 et
1693 3892 1872 3962 temeritas
1894 3913 1976 3961 raro
1997 3887 2104 3961 habet
2119 3891 2195 3958 loe·

167 3984 216 4063 nh
243 3990 511 4074 obstetricibus,
541 4014 561 4059 a
585 3989 809 4082 tonsoribus,
839 4018 860 4063 a
883 3992 1020 4084 Magis,
1051 4021 1071 4065 a
1097 3993 1159 4064 lu·
1207 3996 1292 4065 lices
1311 3996 1442 4078 exitus,
1466 3991 1558 4082 leges
1577 3990 1733 4085 puniunt
1747 3991 1960 4083 imperitiam
1976 3993 2013 4061 in
2028 3988 2198 4072 Medicis;

171 4092 270 4163 dacis
296 4092 549 4185 transscripta..
577 4115 617 4160 ex
646 4087 701 4161 his
724 4091 859 4182 eligunt
883 4095 988 4164 initio
1010 4096 1159 4190 aliquid,
1207 4094 1414 4188 gravissime
1435 4093 1531 4163 enim
1553 4090 1977 4187 inquitlurisconsultus,
2002 4117 2077 4163 nou
2091 4092 2199 4162 dehet

143 4196 148 4203 '
171 4195 267 4287 quod
288 4194 468 4264 illecebras
491 4196 660 4286 quasdam
683 4186 807 4278 hahet3
835 4196 964 4266 nolunt
980 4197 1073 4266 enim
1088 4211 1158 4266 sta·
1206 4199 1422 4290 impunitum
1440 4195 1596 4290 relinqui
1609 4194 1776 4266 delictum
1793 4196 2000 4287 decipientis
2016 4203 2199 4287 praetextu

169 4295 236 4367 tim
257 4295 295 4367 in
317 4297 393 4389 ipso
417 4294 518 4365 aditu
538 4294 720 4364 offendere
733 4297 873 4367 animos
888 4298 1158 4388 aegrotantium.
1208 4296 1382 4370 humanae
1410 4297 1621 4388 fragilitatis.
1675 4295 1807 4367 Verum
1834 4297 1895 4369 isti
1918 4321 1994 4367 non
2015 4296 2131 4366 solnm
2153 4295 2199 4364 ds

166 4394 248 4468 Hoc
267 4399 299 4468 si
320 4421 444 4488 parum
465 4396 636 4489 profecit,
661 4395 777 4466 statim
799 4399 899 4468 alind
919 4403 1159 4490 experiuntur,
1206 4402 1382 4494 imperitia
1404 4413 1589 4486 tenentur,
1613 4399 1672 4468 sed
1694 4400 1799 4469 etiarn
1814 4400 1859 4468 de
1874 4399 1979 4483 dolo,
2007 4423 2086 4468 cum
2103 4397 2198 4467 vires

165 4513 203 4569 et
221 4500 261 4571 lit
283 4521 553 4590 saepenumero,
584 4511 624 4568 nt
646 4497 719 4589 ipsa
742 4501 980 4570 remediorum
1003 4499 1159 4573 dissimi·
1207 4527 1289 4574 suas
1308 4502 1447 4587 norint,
1474 4514 1508 4572 et
1525 4516 1642 4572 tamen
1659 4499 1930 4570 existimationis
1945 4503 2097 4571 tuendae
2113 4521 2199 4569 cau-
2280 4505 2284 4513 '

128 4652 134 4661 ι
164 4600 285 4691 litndo
314 4624 449 4669 novum
478 4600 644 4668 morbum
675 4598 807 4690 gignat.
857 4598 954 4672 Haec
975 4626 1079 4695 saepe
1098 4627 1158 4673 ac·
1206 4627 1261 4691 sa,
1292 4604 1413 4677 omnia
1440 4600 1595 4694 pericula
1623 4615 1872 4686 contemnant,
1904 4624 2028 4671 omnes
2053 4600 2225 4671 morbos

166 4702 287 4775 cidere
308 4701 404 4785 vidi,
429 4724 538 4794 quare
562 4694 656 4769 nihil
677 4714 751 4787 est,
776 4705 872 4796 quod
896 4703 954 4776 isti
975 4728 1073 4773 suam
1091 4728 1158 4773 no·
1207 4703 1394 4796 attingant.
1453 4701 1567 4773 Porro
1596 4703 1640 4771 ad
1670 4701 1782 4792 legem
1803 4698 1986 4795 Aquiliam
2017 4701 2198 4787 scribitur,

164 4804 226 4877 bis
254 4802 505 4896 experientiam
536 4801 751 4892 praedicent.
821 4801 891 4874 Ars
920 4807 1094 4896 gubernat
1124 4818 1159 4876 et
1206 4808 1329 4877 dolum
1345 4829 1435 4890 esse,
1460 4804 1488 4873 si
1505 4804 1584 4897 quis
1596 4803 1734 4874 affectet
1748 4801 1896 4896 aliquid,
1923 4804 1960 4873 in
1977 4824 2047 4899 qno
2063 4802 2198 4875 intelli-

165 4907 330 4979 imitetur
350 4902 601 4997 experientiam
620 4926 693 4972 non
710 4901 955 4992 indoctorum,
979 4909 1040 4977 sed
1056 4930 1157 4999 prae-
1206 4908 1276 4996 git,
1302 4921 1364 4979 aut
1386 4907 1582 4995 intelligere
1603 4905 1708 4974 debet
1729 4903 1976 4976 infirmitatem
1998 4930 2097 4976 snam
2116 4904 2197 4975 aliis

165 5005 480 5081 stantissimorum.
531 5003 596 5075 lsti
618 5028 702 5074 vero
718 5004 794 5075 siue
808 5022 1053 5098 praeceptore,
1080 5008 1156 5078 sine
1206 5009 1439 5101 periculosam
1466 5008 1551 5080 fore.
1610 5004 1650 5077 Si
1677 5003 1826 5096 pecnnia
1858 5020 1995 5078 tantum
2020 5007 2198 5100 periclita-

165 5107 363 5201 magistris,
387 5106 460 5177 suis
474 5104 641 5196 exemplis
655 5105 807 5179 discunt.
857 5106 897 5179 Si
912 5107 993 5180 Dux
1007 5111 1046 5182 in
1061 5110 1156 5179 bello
1207 5125 1324 5196 retur,
1349 5111 1471 5180 sarciri
1488 5111 1616 5178 damna
1633 5118 1792 5197 possent3
1818 5131 1916 5179 nunc
1931 5111 2064 5182 ludunt
2080 5111 2118 5183 in
2134 5106 2197 5177 tali

164 5212 351 5304 eligendus
366 5208 430 5292 sit,
455 5230 559 5277 nemo
572 5207 701 5298 opinor
713 5206 818 5296 eliget
832 5205 1067 5292 Thrasonem,
1093 5211 1157 5304 qui
1204 5210 1429 5297 discrimine,
1453 5209 1517 5282 ubi
1537 5210 1568 5279 si
1589 5208 1676 5304 quid
1700 5231 1798 5279 secus
1815 5211 1960 5297 accidit,
1988 5235 2102 5305 neque
2116 5231 2196 5278 cor-

163 5316 307 5387 nnllnm
329 5332 488 5403 unquam
508 5309 637 5379 viderit
652 5306 924 5400 Imperatorem,
948 5337 1054 5408 quem
1072 5312 1155 5381 imi·
1204 5313 1273 5404 rigi
1289 5328 1483 5405 peccatum,
1508 5334 1623 5405 neque
1636 5309 1759 5380 sarciri
1774 5312 1907 5383 iactura
1923 5326 2048 5406 potest.
2097 5308 2195 5398 Quid

163 5431 322 5503 teretur,
358 5413 420 5485 sed
440 5407 514 5483 suis
534 5410 703 5504 exemplis
723 5411 902 5504 promittit
921 5439 960 5488 se
983 5414 1072 5486 velle
1095 5438 1156 5485 co-
1204 5416 1301 5488 enim
1331 5416 1509 5511 reliquum
1532 5427 1586 5487 est
1610 5407 1750 5485 homiui
1771 5413 1898 5485 amissa
1925 5412 2024 5484 vita?
2075 5409 2198 5499 Quare
