4732 6030
179 244 253 321 na
855 242 1017 322 nncn.
1049 241 1123 323 nn
1155 241 1517 322 nnnrnrarn
2149 206 2245 341 ιη’

182 443 255 514 que
272 420 390 505 iube„
414 432 451 489 et
472 440 557 488 mu
579 430 744 508 accepto,
770 419 932 507 ,aginam
948 419 987 488 3„
1007 441 1088 490 eum
1105 417 1174 487 eia.
1228 441 1388 512 quaeque
1411 418 1510 488 natio
1541 420 1693 491 maxime
1716 423 1901 497 barbarica
1929 443 1965 500 ει
1993 433 2038 501 ab
2059 429 2219 511 humano
2278 486 2281 491 -

183 523 339 607 culstnr,
367 521 632 613 collapsumque
649 543 689 589 ex
705 520 853 591 vulnere
878 521 985 591 secari
1006 535 1041 592 et
1067 519 1177 590 ictum
1227 521 1319 591 vltae
1341 519 1439 590 cultu
1462 520 1578 591 aliena
1601 536 1670 604 est,
1697 525 1744 595 ita
1776 529 1820 597 ad
1844 525 2062 603 heluandum
2081 559 2122 608 ac
2138 565 2219 630 per·

182 623 309 716 impiei
325 622 436 697 iubet,
483 618 647 715 Cumque
661 623 799 692 arundo
814 622 851 691 in
869 623 947 713 ipso
960 624 1066 695 corde
1076 622 1176 713 pueri
1224 622 1423 712 potandum
1434 624 1676 714 profusissima
1694 643 1765 711 est,
1792 632 1964 725 quasique
1978 637 2220 734 foederequo·

179 726 248 795 fixa
272 727 538 809 ostenderetur,
573 719 806 794 cachinnans:
843 723 954 795 Vides
975 749 1090 810 nunc,
1119 724 1178 792 in·
1225 726 1305 793 dam
1331 724 1425 794 inter
1459 749 1496 795 se
1519 725 1659 797 iunctae
1687 743 1772 800 sunt
1802 731 1983 804 barbaries
2007 753 2042 809 et
2065 744 2219 833 crapula,

178 827 257 922 quit
291 827 404 919 parri,
437 826 543 897 etiam
572 825 710 896 ebrium
740 850 816 911 me,
850 840 968 898 tamen
998 825 1175 917 egregium
1223 821 1392 917 pulchra,
1428 823 1623 911 mehercle,
1664 831 1829 918 societas,
1865 851 1899 906 et
1931 838 2079 928 dignum
2113 839 2219 918 habet

178 952 253 999 esse
269 928 452 1000 iaculandi
466 928 648 997 artificem.
698 927 890 1021 Prexaspes
906 932 1093 1000 advertens
1108 923 1175 997 ho-
1224 929 1351 1019 patella
1366 930 1583 1019 operculum·

176 1033 313 1101 minem
334 1055 458 1102 revera
482 1053 650 1100 vesanum
671 1053 713 1100 ac
734 1030 910 1103 furiosum
935 1055 1026 1111 esse,
1059 1030 1175 1100 conti·
1324 1027 1413 1099 Fera
1438 1032 1541 1101 etiam
1565 1036 1738 1126 quaedam
1762 1036 1799 1104 in
1824 1038 1898 1109 illis
1921 1040 2218 1133 septentrionali-

175 1133 261 1205 nuit
280 1157 372 1218 sese,
407 1132 567 1202 dolorem
588 1131 827 1206 dissimulans.
890 1131 1068 1204 Postridie
1089 1155 1174 1201 vero
1222 1130 1349 1200 husae
1372 1132 1577 1203 Sarmaticis
1601 1137 1673 1205 oris
1696 1138 1853 1209 inveniri
1877 1143 2028 1233 dicitur,
2066 1149 2216 1222 immani

174 1238 253 1307 eius
266 1236 340 1306 diei
357 1249 393 1306 et
407 1235 593 1305 duodecim
608 1232 794 1325 Principes
808 1232 1014 1320 Persarum,
1038 1235 1171 1304 obrem
1222 1233 1430 1304 voracitate:
1466 1232 1568 1322 Quae
1585 1260 1664 1306 cum
1695 1239 1733 1306 in
1754 1241 1908 1334 aliquam
1932 1251 2099 1336 praedam
2124 1253 2216 1325 inci⁴

175 1333 288 1408 nihili
312 1361 352 1408 ac
381 1337 515 1408 nullius
542 1336 714 1407 momenti
734 1360 894 1418 causam,
929 1337 1172 1407 crudelissimo
1221 1335 1295 1417 dit,
1336 1359 1378 1405 eo
1408 1359 1521 1430 usque
1546 1337 1626 1408 cibo
1657 1339 1846 1411 immodice
1881 1346 2018 1434 ingesto
2044 1353 2216 1428 distendit

176 1441 353 1531 supplicio
372 1439 508 1520 affecit,
531 1437 571 1507 in
586 1452 691 1529 caput
710 1439 809 1511 vivos
825 1441 1028 1524 defodiens,
1054 1462 1094 1508 ac
1109 1462 1174 1531 per
1222 1450 1400 1517 ventrem,
1432 1451 1473 1508 ut
1496 1462 1622 1531 parum
1645 1442 1755 1527 absit,
1787 1445 1875 1536 quin
1896 1465 2024 1540 crepet.
2074 1452 2216 1529 Deinde

175 1544 330 1613 eundem
364 1540 593 1613 temulentiae
626 1541 783 1611 furorem
818 1542 887 1612 alia
920 1543 1031 1613 multa
1066 1542 1170 1611 etiam
1219 1539 1315 1609 inter
1344 1554 1493 1630 angusto
1524 1543 1642 1633 spacio
1670 1544 1841 1617 distantes
1873 1550 2018 1622 arbores
2040 1561 2215 1630 transiens

175 1644 273 1714 dictu
308 1645 453 1713 infanda
495 1655 531 1712 et
573 1637 761 1714 horribilia
800 1644 926 1716 auditu
965 1642 1172 1732 designavit,
1220 1640 1376 1711 violenta
1390 1642 1523 1712 ibidem
1539 1646 1799 1737 comp-sessione
1813 1651 1962 1721 crudum
1977 1654 2079 1725 illum
2095 1661 2213 1733 cibum

174 1746 288 1816 donec
302 1744 399 1816 Deus
414 1769 496 1816 eum
513 1746 660 1836 proprio
668 1745 793 1834 gladio
810 1747 921 1817 ictum
937 1746 1010 1818 vita
1027 1745 1171 1837 expulit.
1220 1742 1350 1813 iterum
1373 1768 1437 1835 per
1458 1769 1566 1815 anum
1592 1749 1775 1839 exprimit,
1810 1751 1930 1844 itaque
1949 1777 2023 1826 sese
2038 1779 2216 1849 exonerat,

176 1844 495 1930 T3103h0m1n03‚
529 1847 716 1917 imovero
745 1861 817 1918 tam
840 1848 1014 1917 immanes
1041 1845 1170 1915 bestias
1221 1844 1317 1936 quod
1332 1844 1403 1912 nisi
1414 1846 1560 1930 faceret,
1585 1849 1783 1938 periculum
1800 1853 1893 1924 vitae
1909 1871 1994 1929 erat.
2047 1856 2113 1934 Est
2128 1861 2215 1938 haec

174 1951 280 2019 nobis
302 1950 416 2040 gignit
437 1946 609 2030 ebrietas,
635 1971 787 2040 quarum
802 1949 963 2019 vitamet
985 1950 1074 2017 facta
1091 1970 1171 2017 cum
1220 1945 1370 2014 omnino
1383 1947 1584 2017 foedissima
1602 1952 1735 2022 ventris
1750 1953 1924 2050 ingluvies
1945 1955 2053 2031 huius
2072 1966 2216 2039 bestiae.

172 2066 255 2142 post
279 2064 333 2121 tot
361 2073 474 2120 annos
497 2046 668 2137 legimus,
709 2044 909 2122 horremus.
970 2047 1032 2120 Sic
1063 2048 1172 2136 igitur
1220 2046 1289 2117 Sed
1317 2071 1356 2116 ea
1381 2042 1476 2118 haud
1500 2051 1609 2120 dubie
1633 2052 1750 2145 imago
1769 2060 1941 2149 quaedam
1962 2076 2015 2133 est
2037 2065 2215 2159 intempe-

172 2153 354 2236 statnatrb,
386 2149 657 2234 Adolescentes,
688 2151 832 2240 crapula
853 2150 993 2221 nullum
1012 2144 1172 2220 horribi·
1219 2147 1355 2219 rantiae
1371 2174 1410 2218 ac
1425 2175 1563 2221 morum
1580 2178 1700 2225 earum
1717 2159 1894 2247 gentium,
1919 2166 1964 2234 de
1978 2191 2126 2260 quarum
2146 2173 2217 2241 im·

170 2254 263 2337 lius,
297 2253 439 2324 nullum
462 2251 607 2337 tetrius,
635 2265 697 2321 aut
725 2253 912 2323 nocentius
932 2254 1086 2338 malum,
1116 2253 1171 2321 ira
1218 2250 1385 2321 manibus
1408 2254 1581 2324 conviviis
1604 2251 1810 2342 horribilia,
1845 2266 1904 2333 sed
1929 2279 2047 2337 lamen
2078 2295 2097 2341 θ
2130 2298 2215 2345 vero

173 2356 336 2427 Deorum
360 2368 484 2425 natum
511 2367 574 2425 aut
596 2377 615 2423 e
640 2353 816 2424 furiarum
838 2355 982 2427 sedibus
1005 2354 1171 2439 excitum,
1219 2376 1294 2422 non
1310 2347 1537 2426 abhorrentia
1554 2374 1762 2432 narrantur:
1796 2361 1895 2436 Raro
1909 2371 2056 2460 transigi
2072 2399 2216 2467 sympo-
2325 2370 2329 2377 ’

171 2457 213 2527 in
238 2454 336 2528 hunc
356 2457 532 2528 mnndum
551 2480 592 2526 ac
614 2456 745 2542 lucem,
777 2458 822 2527 ad
840 2458 1035 2528 multorum
1051 2452 1170 2527 homi·
1217 2454 1312 2523 sium
1340 2456 1417 2525 sine
1445 2458 1568 2528 multis
1599 2463 1782 2548 caedibus3
1817 2466 1846 2532 si
1875 2470 1955 2559 quis
1984 2476 2214 2563 propinatum

174 2583 262 2629 num
290 2560 436 2629 exitium
456 2559 658 2629 immissum
683 2581 767 2631 esse.
820 2555 921 2629 Haec
948 2559 1044 2629 enim
1073 2572 1169 2629 atro-
1218 2556 1356 2625 dolium
1370 2554 1516 2630 haurire
1529 2576 1655 2645 cesset,
1682 2563 1737 2632 illi
1752 2589 1771 2634 a
1788 2569 1950 2656 proximo
1961 2597 2103 2666 quoque
2117 2601 2215 2648 com-

172 2661 269 2732 ciore
292 2662 424 2731 furoris
447 2684 590 2752 genere,
623 2685 729 2753 quam
752 2660 848 2731 ullae
870 2662 1036 2758 erinnyes
1051 2655 1168 2732 homi·
1218 2671 1344 2751 potore
1360 2661 1524 2749 protinus
1546 2686 1669 2735 necem
1686 2666 1875 2740 imminere
1883 2695 1892 2757 ;
1925 2673 1954 2740 si
1978 2699 2084 2766 quem
2101 2679 2214 2760 intere

171 2786 237 2832 nes
260 2765 427 2834 concitat:
463 2758 550 2833 haec
576 2764 702 2833 domos
722 2776 838 2833 vastas
857 2765 978 2835 reddit
996 2777 1031 2834 et
1046 2765 1167 2849 urbes3
1217 2760 1402 2846 fecerint,
1427 2786 1500 2832 non
1537 2779 1720 2856 propterea
1756 2773 1961 2843 convivium
1995 2777 2213 2866 dissolvitur,

169 2859 259 2935 ,hm
283 2866 335 2935 1001
355 2868 514 2958 privatae
537 2876 569 2931 er
592 2864 757 2952 publicae
774 2865 973 2932 communis
994 2864 1112 2933 clades
1128 2889 1168 2934 ac
1216 2863 1277 2931 sed
1297 2864 1486 2955 provoluto
1509 2865 1547 2934 in
1564 2869 1721 2939 medium
1743 2884 1869 2942 trunco
1890 2880 2069 2967 corporis,
2095 2896 2130 2952 et
2144 2885 2212 2953 im·

168 2969 276 3037 ruina
294 2982 363 3052 0⁸13
390 2962 477 3034 haec
493 2962 650 3029 infandis
666 2961 880 3031 libidinibus
892 2958 1047 3033 humana
1063 2981 1168 3057 atque
1218 2964 1342 3056 positis
1355 2966 1492 3058 aliquot
1512 2969 1686 3052 nummis,
1714 2968 1762 3064 (is
1778 2978 1872 3063 apud
1888 3000 1947 3047 eos
1962 3004 2040 3049 mos
2060 2983 2128 3079 est)
2149 2982 2214 3056 he-

167 3070 294 3140 divjna
317 3070 396 3135 iura
423 3062 572 3155 polluit3
614 3055 700 3132 haec
731 3063 898 3135 caedibus
928 3077 964 3134 et
997 3066 1168 3154 sanguine
1216 3066 1309 3135 luari
1326 3081 1487 3157 pergunt.
1529 3066 1647 3139 Malos
1663 3071 1768 3142 etiam
1783 3078 1906 3163 genios
1918 3081 2014 3150 inter
2026 3107 2105 3169 eos,
2131 3113 2211 3159 cum

167 3166 391 3241 horrendum
415 3166 454 3235 in
476 3165 622 3232 modum
639 3164 763 3235 miscet
777 3189 818 3234 ac
835 3166 1020 3257 perturbat
1035 3167 1166 3238 omnia.
1215 3167 1351 3253 agitant
1367 3169 1550 3254 convivia,
1575 3174 1757 3263 propalam
1777 3177 2047 3254 obambulantes
2056 3191 2212 3281 conspici

168 3268 354 3342 Exclame,
370 3262 584 3357 hicafiqnis:
1216 3269 1361 3354 dicunt,
1392 3271 1526 3341 maiore
1552 3297 1657 3366 quam
1684 3271 1832 3348 humani
1862 3286 2023 3374 corporis
2045 3288 2211 3382 imagine,

463 3372 518 3437 Dii
535 3376 724 3435 tetemcerris
740 3379 865 3437 evertite
877 3376 1010 3458 pestem
1141 3402 1146 3407 ·
1217 3394 1306 3462 quos
1327 3371 1382 3439 illi
1404 3367 1497 3441 nihil
1521 3370 1766 3466 exhorrentes,
1788 3404 1853 3471 pro
1868 3387 1971 3456 sociis
1993 3412 2033 3458 ac
2051 3394 2211 3465 convivis

168 3471 354 3564 sapiente,
385 3471 529 3564 quidem
551 3467 752 3560 Principes,
800 3472 989 3566 legumque
1021 3471 1164 3556 latores,
1215 3471 1369 3542 salutare
1385 3475 1515 3559 solent,
1540 3490 1575 3546 et
1591 3493 1753 3570 coeptum
1780 3485 1983 3558 convivium
2001 3496 2211 3581 permultos

166 3576 208 3644 in
238 3575 408 3644 omnibns
440 3575 531 3642 bene
565 3572 765 3642 constitutis
801 3569 1012 3666 Rebuspub.
1041 3573 1163 3662 singu·
1215 3597 1257 3641 ex
1279 3575 1406 3644 ordine
1429 3578 1505 3646 dies
1526 3592 1718 3672 noctesque
1746 3608 1820 3654 uno
1841 3599 1964 3659 tenore
1986 3596 2209 3669 continuare.

167 3677 236 3748 lari
261 3699 345 3746 cura
373 3698 414 3744 ac
447 3674 631 3762 diligentia
662 3675 865 3743 ebrietatem
889 3670 1164 3767 prohibuerunt,
1214 3672 1311 3743 Haec
1333 3677 1363 3744 si
1384 3677 1465 3769 quis
1487 3681 1581 3767 apud
1612 3703 1717 3752 sanos
1748 3699 1782 3756 et
1819 3690 1958 3761 sobrios
1985 3688 2148 3767 homines
2175 3715 2210 3769 et
2247 3706 2255 3715 '

166 3804 234 3852 nec
255 3780 378 3848 minus
409 3776 569 3847 civitates
599 3789 721 3845 contra
751 3776 874 3846 luxum
907 3802 947 3846 ac
971 3777 1163 3866 crapulam,
1214 3775 1362 3846 istarum
1385 3772 1633 3850 heluationum
1657 3785 1799 3872 ignaros
1817 3791 1963 3870 referat,
1989 3795 2145 3865 fabulam
2163 3802 2206 3869 ad

165 3905 272 3978 quam
296 3893 420 3951 contra
443 3878 559 3948 ullum
576 3878 686 3947 alium
701 3879 992 3950 nocentissimum
1014 3873 1162 3962 hostem,
1214 3878 1366 3946 aliorum
1384 3893 1554 3948 terrorem
1571 3883 1753 3950 confictam
1772 3910 1916 3957 narrare
1930 3891 2109 3967 videatur:
2132 3925 2206 3970 non

167 3970 629 4055 muniendas‘censuerunt:
664 3978 908 4062 intelligebant
925 3981 1019 4049 enim
1038 3979 1077 4047 in
1095 3980 1161 4047 ista
1214 3979 1309 4044 enim
1328 3978 1431 4044 facile
1453 3979 1550 4045 credi
1568 3993 1704 4071 potest,
1731 3995 1865 4055 tantam
1888 3992 2062 4064 feritatem
2086 4014 2119 4069 ει
2137 4004 2207 4071 im-

169 4085 351 4155 barbarica
384 4096 418 4154 et
451 4083 598 4151 immani
632 4082 724 4166 vita,
764 4081 901 4149 nullam
935 4079 1160 4170 disciplinam
1213 4077 1419 4148 manitatem
1450 4080 1574 4149 cadere
1604 4082 1644 4151 in
1674 4080 1867 4159 humanam
1897 4109 2073 4172 naturam.
2132 4104 2204 4176 Sed

168 4186 345 4280 publicam
360 4209 478 4278 neque
494 4186 668 4275 privatam
682 4206 786 4273 posse
802 4181 1014 4254 conservari.
1212 4179 1275 4272 qui
1300 4179 1485 4264 viderunt,
1518 4205 1557 4252 ac
1578 4184 1708 4256 talibus
1735 4193 1909 4265 conviviis
1932 4201 2072 4288 saepius
2091 4204 2204 4277 inter·

271 4286 372 4359 Tulit
389 4286 545 4358 Pittacus
561 4284 799 4380 Mitylenaeus
818 4285 951 4370 legem,
976 4296 1017 4352 ut
1034 4283 1064 4351 si
1080 4283 1160 4374 quis
1211 4282 1357 4352 suerunt
1372 4282 1461 4372 ipsi,
1488 4279 1575 4354 hiet
1594 4280 1680 4357 haec
1694 4315 1775 4361 vera
1795 4318 1887 4382 esse,
1912 4314 1947 4371 et
1968 4295 2025 4371 his
2046 4299 2204 4379 horribi-

167 4416 234 4486 per
270 4391 512 4462 temulentiam
556 4388 697 4456 sceleris
735 4387 871 4480 aliquid
910 4385 1159 4470 commisisset,
1212 4384 1299 4453 liora
1316 4384 1513 4454 etiamfleri
1531 4387 1719 4461 affirmant.

163 4493 280 4587 duplo
290 4494 449 4582 graviore
464 4515 578 4583 poena
592 4491 821 4580 plecteretur,
843 4490 939 4581 quod
953 4510 1057 4557 causa
1072 4488 1158 4577 ipsa,
1308 4483 1431 4558 Redeo
1458 4487 1568 4576 igitur
1593 4515 1654 4577 eo,
1696 4498 1793 4566 unde
1819 4501 1972 4591 digressa
2000 4520 2051 4578 εει
2077 4515 2202 4598 oratio,

161 4620 256 4692 quae
271 4619 353 4665 eum
368 4596 410 4665 ad
426 4595 641 4686 peccandum
657 4590 874 4683 impulisset,
896 4591 1038 4678 gravius
1052 4589 1156 4659 etiam
1209 4611 1337 4679 nempe
1363 4589 1466 4659 istam
1497 4590 1655 4677 foedam,
1698 4596 1890 4671 immanem
1917 4622 2022 4698 atque
2056 4606 2202 4686 homine

160 4712 347 4792 peccatum
371 4711 469 4767 esset,
529 4690 602 4765 Alii
627 4694 706 4761 aliis
727 4693 851 4783 poenis
875 4706 981 4784 atque
1002 4692 1157 4780 ignomi-
1209 4691 1392 4778 indignam
1416 4692 1549 4762 ventris
1573 4695 1789 4785 proluviem,
1820 4709 1913 4794 apud
1930 4710 2098 4782 barbaras
2121 4717 2201 4788 illas

161 4802 236 4871 niis
251 4802 291 4870 in
308 4800 466 4871 ebriosos
483 4798 821 4868 animadverterunt.
872 4791 921 4864 Et
937 4796 1050 4886 siqua
1070 4817 1156 4882 gens
1208 4805 1349 4880 gentes,
1382 4806 1416 4862 et
1438 4815 1525 4885 quas
1546 4809 1668 4866 utrum
1691 4798 1786 4871 inter
1808 4799 1970 4878 homines
2001 4837 2046 4881 an
2077 4818 2201 4892 beluas

160 4918 289 4977 natura
306 4903 523 4972 moderatior
536 4895 799 4990 humaniusque
811 4896 897 4980 fuit,
912 4921 950 4966 ea
961 4920 1023 4965 sua
1031 4909 1156 4986 sponte
1209 4917 1390 4975 numeres,
1411 4895 1575 4965 dubitare
1589 4901 1717 4988 possis,
1740 4908 1926 4998 praecipue
1941 4918 2115 5006 conspici,
2133 4916 2200 4991 ho-

159 5007 366 5077 foedimem
387 5003 572 5073 ebriemq,
593 5025 714 5084 exosa,
746 4999 996 5088 fmggtiqaeigc
1019 4998 1155 5067 sobrie.
1208 4996 1321 5064 mines
1345 4998 1545 5066 moderatos
1572 5013 1607 5069 et
1636 5003 1681 5069 ad
1704 5002 1861 5098 aliquam
1877 5006 2068 5087 humanam
2093 5023 2200 5094 disci-

159 5106 228 5179 tafi
251 5108 388 5178 dedidit
410 5128 499 5189 sese,
523 5127 587 5172 nec
603 5103 741 5191 legibus
760 5122 850 5191 opus
870 5101 938 5168 fuit
954 5095 1156 5191 prohibere,
1207 5097 1342 5187 plinam
1359 5100 1578 5170 adsuefactos
1591 5123 1729 5197 semper
1743 5124 1869 5182 natura
1893 5113 2134 5211 exhorruisse,
2160 5150 2199 5195 ac
2226 5154 2232 5163 ·

156 5213 256 5304 quod
274 5211 417 5302 publica
434 5208 526 5276 inter
541 5200 704 5274 homines
719 5202 931 5272 verecundia
946 5202 1154 5275 sustulisset.
1206 5200 1395 5270 del⁰⁸l³l⁰⁸
1410 5225 1494 5274 0⁵⁵0·

260 5312 332 5385 sed
346 5322 472 5401 regnat
487 5304 554 5377 hoc
571 5307 695 5376 vitium
713 5307 807 5375 inter
821 5305 987 5374 barbaras
1001 5325 1040 5374 ac
1063 5305 1154 5374 feras
1310 5301 1427 5375 Tanto
1443 5303 1553 5392 magis
1571 5305 1679 5395 igitur
1693 5324 1726 5381 et
1742 5336 1825 5401 nos,
1846 5312 2112 5412 Adolescentes,
2134 5333 2198 5422 qui

155 5416 238 5486 mas
260 5429 383 5506 gentes
407 5411 614 5503 praecipue,
654 5422 688 5477 et
715 5430 859 5479 cernere
888 5422 960 5492 est,
993 5410 1089 5499 quod
1115 5419 1154 5477 ut
1205 5428 1284 5477 cum
1295 5403 1429 5493 Musis,
1449 5401 1596 5490 horest,
1617 5434 1696 5482 cum
1712 5408 1933 5491 humanitate
1947 5431 2195 5504 commercium

205 5521 506 5590 liastmona.
537 5514 701 5589 ‚VWXL
1372 5594 1381 5599 -
1500 5510 1546 5582 ¹2
