4732 6030
187 197 264 287 ter
786 194 948 270 nucu.
987 192 1062 269 nu
1099 192 1245 268 vrrs
1278 194 1628 274 nvtuauuaa.
2152 210 2231 285 aas

197 444 203 455 ,
291 370 442 465 Propter
469 367 563 442 hanc
592 382 724 440 tantam
752 392 892 439 causam
919 384 1067 440 naturae
1098 393 1185 439 con-
1338 366 1450 442 Natus
1475 382 1526 440 est
1544 365 1729 442 Avicenna
1750 398 1844 447 anno
1863 375 2010 449 Domini
2028 382 2235 473 millesimo,

191 474 445 549 siderationem
481 473 712 543 necessariam
748 495 822 542 esse
861 472 1087 542 manilestum
1123 485 1186 545 est.
1236 470 1427 542 centesimo
1442 473 1711 565 quadragesimo
1735 478 1862 571 quinto
1889 480 1928 549 in
1957 482 2236 559 urbeComma·

190 577 331 652 Deinde
351 590 385 648 et
405 576 558 649 utilitate
581 589 701 644 nostra
728 598 944 645 moveamur.
986 576 1186 669 quaerenda
1236 597 1346 664 genae
1358 570 1504 656 Edessa,
1530 577 1574 645 ad
1590 562 1800 668 Euphraten
1815 580 1881 653 sita
1907 596 1942 654 et
1968 587 2126 659 subiecta
2140 588 2237 685 Regi

191 695 276 753 sunt
298 681 390 750 vitae
416 677 589 768 praesidia
612 677 651 745 in
675 672 742 746 hac
757 690 854 747 tanta
870 677 1037 749 varietate
1056 699 1186 759 rerum,
1238 675 1398 764 Persico,
1422 701 1464 745 ex
1486 680 1732 767 patrenobili,
1755 683 1813 753 cui
1836 708 1968 755 nomen
1989 688 2155 762 luitllali
2200 710 2238 769 et

192 806 282 879 quae
304 795 387 852 suot
410 780 540 872 partim
565 779 732 851 alimento
760 793 964 850 nostrorum
986 802 1187 872 corporum,
1238 793 1349 851 matre
1364 774 1529 864 Cithara,
1550 778 1682 852 Persici
1697 798 1856 875 satrapae
1871 788 1955 861 lilia.
1983 795 2122 884 quoties
2137 749 2235 869 edim

192 883 322 980 partim
338 885 503 953 remedia.
544 877 622 953 Etsi
637 899 754 953 autem
772 882 929 952 studium
949 895 982 951 et
997 882 1185 951 consilium
1238 882 1313 973 ipse
1340 882 1530 973 patrissui
1560 884 1741 970 meminit,
1775 886 1979 984 Principem
2006 918 2088 966 eum
2120 917 2236 988 vocat,

193 1009 316 1060 eorum
332 986 464 1079 probo,
488 985 551 1078 qui
567 1007 648 1054 cum
662 983 812 1054 recitant
828 984 950 1054 laudes
963 983 1051 1056 artis
1071 983 1187 1054 medi·
1238 1007 1328 1078 quae
1345 983 1533 1076 appellatio
1555 999 1675 1074 postea
1698 989 1736 1058 in
1753 988 1827 1059 filio
1845 985 1968 1070 haesit.
2021 995 2116 1070 Puer
2135 1027 2233 1096 apa.

193 1113 270 1175 eae,
295 1088 414 1180 aliqua
429 1112 470 1157 ex
493 1101 592 1180 parte
612 1089 806 1159 ostendunt
822 1101 968 1158 naturae
985 1086 1185 1157 considera·
1237 1086 1399 1156 rentibus
1423 1087 1641 1179 praeceptori
1670 1091 1828 1162 natalino
1853 1096 2003 1170 traditus
2020 1116 2089 1187 est,
2115 1106 2233 1199 quiin

192 1192 327 1264 tionem
349 1191 489 1261 dulcem
511 1204 545 1261 et
567 1190 693 1262 utilem
715 1213 804 1259 esse:
839 1202 957 1260 tamen
987 1188 1185 1281 amplitudo
1238 1188 1311 1258 illis
1335 1187 1438 1258 terris
1460 1188 1595 1279 ingenii
1620 1204 1654 1261 et
1674 1194 1857 1265 doctrinae
1878 1199 1984 1269 laude
2002 1202 2144 1278 floruit:
2170 1211 2233 1303 qui

193 1293 393 1386 argumenti
409 1305 506 1363 tanta
521 1305 582 1377 est,
605 1306 646 1363 ut
661 1292 720 1361 vix
735 1315 845 1382 pauca
860 1291 1020 1361 membra
1033 1315 1074 1360 ex
1088 1301 1185 1361 tanta
1238 1315 1319 1361 curn
1335 1291 1632 1364 animadverteret
1648 1295 1878 1369 adolescentis
1892 1316 2055 1373 naturam
2070 1333 2236 1402 capacem

191 1397 287 1468 mole
299 1409 476 1488 excerpta,
502 1395 657 1488 proponi
672 1408 706 1464 et
723 1393 911 1463 monstrari
928 1394 1073 1484 possint.
1114 1391 1186 1460 lta·
1239 1401 1313 1463 ess'e
1330 1393 1613 1482 disciplinarum,
1639 1422 1720 1466 mox
1740 1414 1818 1489 post
1833 1403 1947 1492 prima
1963 1407 2134 1482 elementa
2152 1414 2238 1486 lige,

192 1523 262 1593 que
279 1499 393 1569 fateor
407 1521 464 1567 me
481 1498 651 1567 deterreri
668 1496 913 1586 magnitudine
930 1495 1001 1580 rei,
1027 1519 1097 1587 quo
1116 1494 1186 1562 mi·
1239 1520 1370 1575 rarum,
1393 1496 1636 1585 Dialecticam,
1660 1497 1902 1574 Geometriam
1918 1504 2237 1588 etAstronomiam

192 1624 261 1673 nus
276 1602 472 1672 orationem
487 1602 531 1669 de
548 1600 713 1669 laudibus
733 1598 837 1683 artis,
862 1594 929 1668 hoc
944 1611 1014 1682 est,
1039 1599 1083 1666 de
1099 1620 1186 1668 con·
1240 1598 1442 1668 discendam
1468 1599 1500 1667 ei
1520 1600 1638 1674 tradit.
1690 1598 1823 1676 Dicunt
1849 1608 1986 1695 aulem,
2010 1610 2235 1691 Avicennam

192 1703 408 1775 sideratione
425 1717 573 1772 naturae
586 1702 772 1771 instituere
788 1700 931 1792 possim.
1239 1700 1465 1789 singulariter
1479 1701 1690 1774 delectatum
1706 1729 1778 1776 esse
1793 1708 1945 1782 lectione
1953 1708 2125 1790 Euclidis.
2143 1726 2234 1792 adeo

297 1852 437 1925 putem
452 1866 571 1923 tamen
588 1866 746 1922 “meam
771 1865 804 1921 et
821 1850 981 1922 omnium
1008 1851 1186 1939 ignaviam
1238 1816 1279 1973 qt
1294 1799 1485 1894 Epitomen
1508 1804 1546 1922 in
1572 1799 1667 1876 hunc
1689 1823 1848 1880 autorem
1871 1816 2126 1907 conscripserit.
2186 1823 2231 1893 ln

1149 1952 1158 1968 .
1266 1931 1306 1974 oc
1323 1929 1427 1975 cursu
1444 1908 1644 1977 studiorum
1663 1913 1754 2000 apud
1773 1914 2002 1988 domesticum
2024 1939 2227 2017 praecepto.

194 1957 361 2078 deploro,
400 1979 523 2025 omnes
557 1955 653 2022 enim
686 1977 814 2061 sumus
842 1953 1113 2072 negligentiores
1147 1977 1186 2021 1n
1240 2032 1314 2077 rem
1339 2007 1497 2078 substitit
1530 2032 1571 2079 us
1623 2034 1642 2078 e
1692 2014 1714 2080 d
1999 2022 2007 2038 ,
2116 2027 2124 2043 ,

193 2061 394 2153 aspicienda
409 2071 548 2142 natura,
575 2071 607 2126 et
623 2051 690 2125 hoc
704 2052 842 2126 theatro
855 2056 923 2126 Der
940 2054 1186 2144 contemplan·
1239 2121 1402 2179 octavum
1468 2027 2230 2221 paperqdlemaptvaiildlnunrdeaeiqadiscdiipidldliiil

1406 2162 1416 2184 0
1904 2175 1914 2205 ,
2217 2178 2233 2190 ιι

193 2166 259 2246 do,
285 2185 389 2255 quam
406 2161 607 2251 oportebat:
635 2183 714 2228 cnm
732 2158 877 2250 quidem
897 2171 932 2226 et
945 2154 1043 2226 Deus
1058 2160 1102 2225 ad
1118 2152 1186 2224 hoc
1310 2213 1318 2228 .
1580 2211 1588 2229 .
1702 2216 1746 2234 ,,
1835 2222 1843 2236 ,

193 2265 352 2337 studium
370 2285 434 2332 nos
456 2262 602 2344 invitet,
628 2274 662 2329 et
685 2255 777 2330 nihil
796 2256 862 2328 bac
877 2259 1087 2346 rogitatione
1105 2259 1187 2328 dul·
1239 2234 1515 2331 immdmgnui
1536 2213 1623 2298 Μ’
1649 2217 1712 2286 ⁰¹³¹
1736 2243 1773 2288 ¹¹¹
1794 2221 1868 2290 5¹¹⁰
1891 2226 2144 2303 ³¹¹i¹¹¹⁸dvfflil
2160 2237 2234 2306 Vim

1241 2338 1372 2403 mgenu
1391 2328 1424 2384 et
1437 2329 1619 2386 excitatam
1636 2332 1810 2401 naturam,
1837 2326 1950 2397 voluit
1965 2353 2047 2399 eum
2062 2335 2100 2403 in
2116 2337 2232 2409 aulam

1239 2414 1348 2505 Regis
1374 2415 1507 2485 Persici
1534 2420 1694 2504 tradere,
1738 2436 1772 2493 et
1798 2442 1943 2518 propter
1969 2435 2169 2508 varietatem
2195 2455 2229 2511 et

1240 2517 1520 2607 magnitudinem
1559 2522 1782 2610 negotiorum
1825 2522 1972 2604 haberet
2011 2540 2227 2611 occasionem

1239 2621 1423 2704 exercendi
1449 2621 1598 2709 ingenii:
1625 2627 1687 2694 sed
1703 2625 1810 2714 filius,
1832 2634 1894 2725 qui
1910 2635 2010 2706 aulae
2029 2642 2144 2711 studia
2161 2668 2231 2714 no·

1240 2735 1313 2806 rat,
1340 2722 1503 2814 precibus
1520 2747 1539 2790 a
1560 2737 1657 2814 patre
1679 2726 1900 2821 impetravit,
1923 2752 1963 2808 ut
1976 2741 2094 2812 ocium
2110 2748 2154 2815 ad
2173 2747 2233 2816 di-

1242 2827 1410 2893 scendum
1427 2825 1495 2895 sibi
1509 2828 1727 2902 concederet.
1779 2831 1884 2906 Pater
1898 2864 1999 2926 vero,
2024 2848 2087 2934 qui
2102 2861 2136 2917 et
2154 2849 2231 2936 ipse

1240 2927 1479 2996 delectabatur
1493 2926 1636 3016 ingenio
1653 2930 1729 3013 filii,
1753 2934 1789 3004 id
1807 2938 1872 3029 ipsi
1889 2946 2069 3030 concessit,
2085 2962 2119 3019 et
2131 2973 2228 3019 com-

1240 3041 1358 3099 meatu
1389 3028 1600 3100 instructum
1625 3028 1880 3110 Alexandriam
1913 3048 2086 3136 proficisci
2113 3051 2230 3125 iussit:

1239 3131 1303 3200 ubi
1337 3125 1454 3203 adhuc
1487 3145 1589 3203 erant
1621 3136 1791 3232 reliquiae
1823 3147 1951 3217 veteris
1981 3152 2233 3226 celeberrimae

831 3330 839 3346 ι
1239 3227 1399 3318 scholae,
1425 3258 1515 3328 quae
1536 3235 1603 3304 sub
1615 3233 1836 3333 Aegyptiacis
1855 3243 2017 3337 Regibus
2042 3269 2077 3326 et
2104 3258 2232 3328 deinde

291 3331 491 3405 Laudanda
517 3341 569 3398 est
594 3340 711 3397 autem
739 3328 965 3400 Medrcorum
992 3330 1187 3419 diligentia,
1238 3333 1412 3407 Romanis
1428 3336 1646 3427 temporibus
1662 3343 1862 3413 docentium
1879 3360 1913 3416 et
1928 3351 2145 3427 discentium
2163 3363 2233 3431 fre-

191 3440 256 3537 qui
269 3436 334 3507 etsi
352 3446 463 3505 totam
477 3444 641 3502 naturam
653 3430 816 3501 evolvere
829 3455 934 3500 nemo
947 3455 1040 3499 unus
1056 3443 1186 3524 potest:
1239 3436 1385 3530 quentia
1407 3437 1540 3509 floruit.
1590 3435 1667 3511 Etsi
1683 3443 1776 3511 enim
1800 3460 1945 3539 propter
1958 3449 2231 3533 Sarracenicum

190 3554 310 3614 tamen
328 3534 459 3607 multas
480 3548 595 3626 partes
618 3531 772 3624 prolatas
788 3547 1052 3617 monstrarunt,
1079 3547 1113 3603 et
1128 3557 1187 3602 ea·
1239 3538 1439 3630 imperium,
1460 3540 1529 3610 iam
1541 3538 1697 3616 Graecae
1711 3545 1852 3637 linguae
1870 3573 1955 3622 usus
1968 3578 2041 3624 non
2057 3575 2133 3630 erat
2149 3567 2229 3633 vnl-

191 3667 271 3713 rum
291 3639 460 3710 noticiam
479 3637 600 3727 generi
623 3631 782 3705 humano
803 3648 961 3721 servant,
986 3660 1026 3705 ac
1043 3637 1188 3727 prodest
1239 3642 1351 3732 garis,
1376 3657 1409 3713 et
1430 3643 1641 3736 squallidius
1664 3650 1895 3722 tradebantur
1918 3678 2037 3727 omnes
2060 3677 2152 3733 artes
2194 3682 2228 3738 et

188 3738 320 3817 horum
342 3752 573 3811 monumenta
588 3737 675 3828 legi,
702 3762 777 3807 non
793 3736 928 3808 Graeca
945 3751 1100 3824 tantum,
1124 3739 1186 3807 sed
1239 3744 1372 3814 multae
1392 3746 1613 3837 corruptelae
1636 3750 1809 3822 doctrinis
1831 3756 2004 3829 admixtae
2026 3774 2123 3832 erant
2159 3718 2225 3833 ’ta-

191 3848 296 3919 etiam
319 3845 414 3936 apud
438 3842 525 3911 alias
546 3855 665 3931 gentes
687 3855 721 3912 et
745 3840 824 3909 aliis
845 3841 1017 3912 aetatibus
1041 3865 1186 3932 compo·
1239 3869 1319 3914 men
1335 3847 1451 3917 studia
1468 3851 1630 3920 nondum
1646 3875 1791 3941 prorsus
1808 3857 2062 3933 conticuerant.
2096 3817 2223 3935 Adhuc

189 3950 268 4024 cita.
319 3944 437 4016 Multa
461 3945 557 4014 enim
581 3944 620 4012 in
643 3958 770 4016 natura
788 3957 822 4013 et
842 3943 880 4011 in
897 3957 971 4015 arte
986 3938 1186 4036 deprehen·
1238 3948 1289 4017 ibi
1307 3941 1498 4021 haerebant
1511 3951 1684 4047 reliquiae
1698 3959 1871 4050 quaedam
1886 3959 2030 4034 illarum
2044 3967 2226 4059 praecipue

190 4055 320 4125 derunt
346 4047 559 4120 recentiores
583 4041 741 4131 Arabes,
775 4070 866 4140 quae
890 4044 1037 4118 Graecis
1065 4047 1184 4136 ignota
1238 4049 1387 4134 artium,
1414 4051 1544 4146 quibus
1560 4055 1630 4125 vita
1647 4051 1935 4132 humanacarere
1949 4088 2022 4135 noo
2039 4081 2162 4159 potest,
2188 4086 2231 4142 ut

189 4155 353 4227 luerunt:
380 4174 450 4245 qua
466 4151 504 4219 in
522 4172 560 4218 re
577 4161 610 4217 et
626 4150 671 4217 ab
688 4148 762 4239 ipsa
777 4149 963 4244 regionum
981 4162 1119 4232 natura,
1145 4148 1185 4216 in
1239 4151 1441 4223 Medicinae
1471 4168 1507 4225 ct
1531 4151 1771 4249 Astrologiae:
1811 4164 1947 4236 malitia
1969 4181 2086 4239 autem
2114 4174 2232 4266 gentis

189 4257 319 4352 quibus
349 4255 513 4336 luerunt,
545 4249 648 4319 multi
674 4249 789 4319 adiuti
814 4263 909 4321 sunt.
969 4250 1062 4323 Sunt
1089 4250 1185 4320 enim
1238 4252 1486 4327 sarracenicae
1500 4270 1650 4354 utraque
1666 4263 1794 4335 misera
1810 4280 1886 4338 erat
1901 4268 2109 4347 deformata.
2160 4272 2231 4346 Pro

187 4356 424 4431 feracissimas
438 4352 677 4422 remediorum
694 4349 808 4446 Syria,
825 4351 971 4438 Arabia,
993 4351 1186 4448 Aegyptus,
1242 4355 1419 4427 Medicina
1453 4358 1549 4429 enim
1577 4361 1792 4434 ineruditam
1817 4381 1853 4439 et
1875 4371 2127 4444 confusaneam
2149 4402 2233 4449 coa-

187 4456 394 4558 Cyrenaica,
415 4449 552 4538 Africa,
576 4451 767 4546 Hispania:
794 4469 828 4527 et
845 4450 930 4525 haee
945 4456 1090 4547 quidem
1108 4456 1185 4526 loca
1238 4461 1474 4532 cervationem
1491 4465 1813 4555 experimentorum
1827 4472 1986 4545 tradidit.

188 4563 451 4658 perlustrarunt
472 4553 619 4628 Arabici
647 4557 836 4648 scriptores
864 4557 1003 4642 omnia,
1038 4572 1073 4628 et
1100 4578 1185 4647 gens
1338 4560 1410 4633 Pro
1432 4559 1678 4652 Astronomia,
1705 4593 1796 4662 quae
1818 4586 1935 4644 motus
1955 4577 2122 4651 coelestes
2136 4599 2234 4657 certa

187 4666 301 4738 valuit
314 4662 478 4734 acumine
493 4660 731 4752 ingeniorum,
754 4673 790 4734 et
806 4655 891 4730 huic
906 4660 973 4731 uni
985 4660 1105 4732 studio
1122 4662 1185 4729 de·
1238 4662 1373 4733 ratione
1389 4667 1552 4748 metitur,
1580 4682 1612 4740 et
1627 4672 1914 4761 apparentiarum
1929 4679 2132 4753 coelestium
2148 4709 2237 4758 cau-

187 4770 262 4843 dita
283 4766 369 4847 luit.
400 4763 668 4860 quodquidam
692 4788 712 4833 a
736 4764 983 4835 vetustissimis
1009 4764 1183 4857 patribus,
1237 4788 1291 4834 sas
1311 4780 1345 4836 et
1366 4766 1509 4839 effectus
1533 4768 1702 4863 inquirit,
1728 4776 1918 4847 manticam
1935 4785 2114 4873 quandam
2159 4787 2236 4858 imo

187 4869 290 4943 alob
305 4883 341 4941 et
352 4867 532 4938 similibus
547 4880 766 4960 acceperunt.
819 4861 868 4937 Et
884 4891 1088 4961 quanquam
1106 4866 1184 4958 ple·
1237 4868 1408 4958 magicam
1424 4870 1671 4942 divinatricem
1690 4878 1858 4967 protulit,
1884 4877 1989 4952 Unde
2014 4838 2132 4956 huius,
2146 4911 2238 4978 gen-

185 4974 290 5071 rique
305 4968 434 5044 multas
447 4970 665 5062 corruptelas
677 4971 746 5041 arti
758 4970 1037 5061 admiscuerunt,
1064 4983 1182 5039 tamen
1237 4970 1281 5040 tis
1296 4971 1486 5042 immanem
1504 4974 1687 5047 saevitiam
1703 4978 1899 5051 diabolicae
1914 4985 2063 5058 astutiae
2079 4990 2239 5064 coniun-

185 5101 291 5149 nemo
308 5100 350 5147 ex
369 5073 538 5145 omnibus
552 5067 717 5142 Arabicis
736 5072 969 5164 scriptoribus
986 5086 1096 5144 artem
1116 5096 1182 5163 pu·
1236 5086 1327 5143 ctam
1342 5076 1464 5144 videre
1484 5075 1580 5147 licet:
1606 5104 1789 5173 quaecum
1807 5106 1882 5152 non
1898 5101 2013 5175 posset
2029 5088 2066 5158 in
2085 5094 2237 5167 univer-

184 5181 260 5252 rius
283 5181 360 5272 ipso
384 5175 569 5250 Avicenna
589 5174 748 5247 tradidit.
801 5171 850 5245 Ut
872 5175 991 5269 itaque
1015 5173 1183 5246 studiosis
1236 5199 1314 5247 sum
1332 5191 1423 5247 artes
1438 5179 1581 5264 tollere,
1610 5195 1728 5253 tamen
1746 5185 1793 5255 ita
1810 5179 2032 5265 deformavit.

186 5280 406 5356 Avicennam
433 5279 702 5360 commendem,
737 5275 885 5347 recitare
911 5278 987 5347 eius
1014 5278 1121 5348 vitam
1149 5291 1183 5349 et
1337 5274 1425 5350 Erat
1456 5281 1532 5353 istis
1560 5287 1781 5377 temporibus
1804 5286 2042 5364 Alexandriae
2071 5300 2236 5374 medicus

192 2367 269 2440 cius
284 2367 351 2450 sit,
372 2378 406 2434 et
419 2361 614 2432 valetudini
633 2386 672 2431 ac
687 2364 779 2431 vitae
800 2358 887 2432 haec
903 2360 1085 2451 diligentia
1106 2361 1186 2452 plu-

192 2469 324 2540 rimum
341 2466 527 2559 profutura
546 2477 645 2533 esset.
698 2462 913 2558 Quanquam
939 2478 1054 2534 autem
1080 2485 1187 2530 nemo

192 2570 276 2643 satis
289 2570 450 2640 intentus
467 2580 643 2658 spectator
656 2588 729 2635 esse
744 2580 890 2635 naturae
905 2579 1036 2658 potest:
1068 2579 1186 2634 tamen

192 2673 313 2744 omnia
332 2671 426 2741 bona
450 2670 591 2760 ingenia
612 2665 789 2738 hortanda
812 2682 894 2737 sunt
919 2671 963 2737 ad
987 2663 1079 2735 hanc
1101 2690 1186 2736 con-

193 2776 443 2846 siderationem
471 2771 716 2862 dignissimam
742 2765 904 2840 homine:
948 2771 1020 2838 imo
1048 2793 1127 2838 cum
1155 2782 1188 2837 et

191 2877 287 2950 Deus
309 2901 385 2947 eam
410 2874 620 2966 praecipiat,
644 2874 759 2965 ipsum
777 2896 919 2966 quoqne
937 2885 1085 2941 naturae
1102 2894 1188 2940 con-

191 2980 343 3051 ditorem
366 3002 449 3063 nro,
474 2990 515 3047 ut
539 2978 734 3047 multorum
758 2976 874 3046 flectet
898 2989 1033 3045 mentes
1053 2974 1097 3043 ad
1120 2968 1187 3042 hoc

191 3082 362 3164 studium,
388 3093 423 3151 et
437 3080 605 3151 exuscitet
618 3103 692 3163 eas,
719 3092 759 3149 ut
772 3079 811 3147 in
826 3072 890 3148 hac
905 3075 1188 3147 consideratione

191 3184 308 3279 ipsum
327 3203 470 3275 quoque
489 3195 696 3270 agnoscant,
718 3196 932 3252 venerentur
947 3196 979 3252 et
999 3180 1186 3250 celebrent.

130 5485 133 5489 .
184 5386 299 5458 studia
315 5385 469 5458 decrevi.
1235 5377 1358 5468 Rasis,
1384 5383 1445 5476 qui
1463 5400 1618 5457 caeteros
1634 5403 1668 5460 et
1685 5389 1847 5462 doctrina
1865 5407 1899 5462 et
1911 5397 2076 5469 medendi
2093 5400 2239 5476 foelici-
