4732 6030
226 196 302 275 235
777 182 941 263 unet.
977 181 1055 260 DE
1086 180 1311 267 sruuto
1342 181 1713 265 LINGUARUM.
2186 194 2264 274 230

233 367 302 440 rali
321 360 504 451 doctrina,
540 383 630 457 quac
658 371 692 430 et
713 351 983 450 Philosophiam
1008 370 1044 431 et
1063 356 1221 450 antiqui-
1374 356 1472 428 Haec
1488 358 1650 429 doctrina
1665 358 1804 429 etiamsi
1817 364 1957 431 tantum
1976 377 2126 457 propter
2145 369 2266 440 survi·

232 468 317 543 tatis
333 469 501 540 noticiam
517 463 684 533 continet.
737 455 952 532 Adhibenda
976 472 1029 530 est
1045 461 1150 531 etiam
1165 459 1222 527 di·
1273 474 1380 531 tatem
1405 461 1597 553 expetenda
1621 475 1728 546 esset,
1761 473 1881 531 tamen
1903 463 1987 535 satis
2013 489 2142 556 magna
2164 493 2267 543 cansa

234 571 338 644 cendi
353 566 569 646 exercitatio,
593 561 722 654 quibus
738 565 844 635 rebus
866 563 1010 653 ingenia
1030 574 1063 631 et
1078 563 1122 631 ad
1141 584 1223 657 sua·
1274 576 1380 648 esset,
1405 586 1469 631 cur
1485 559 1621 632 Graece
1638 564 1862 637 disceremus.
1914 561 2015 653 Quae
2036 570 2133 639 enirn
2152 587 2269 663 potest

233 676 379 747 vitatem
395 684 498 762 atque
513 660 768 736 humanitatem
785 667 1004 745 formantur,
1030 676 1065 733 et
1081 687 1222 733 acuun-
1275 688 1348 734 esse
1367 663 1531 756 voluptas
1552 665 1663 754 magis
1686 666 1792 755 digna
1823 669 2080 757 praestantibus
2102 673 2270 764 ingeniis,

234 791 294 849 tur
326 787 430 869 atque
461 768 701 852 instruuntur,
738 780 779 839 ut
805 768 984 861 percipere
1014 779 1047 836 et
1075 778 1223 836 tractare
1275 790 1381 861 quam
1404 789 1558 859 eaquae
1581 767 1775 858 percipitur
1801 767 2036 861 ex.illaipsa
2063 776 2270 865 cognitione

235 891 326 948 artes
343 872 428 941 alias
442 868 602 938 foelicius
618 869 762 958 possint.
1274 867 1508 937 maximarum
1523 869 1666 937 rerum?
1697 865 1746 938 Et
1761 869 1931 961 quoniam
1947 872 2146 965 voluptates
2171 879 2269 972 ipsae

326 973 366 1045 Si
381 971 461 1066 quis
476 985 591 1041 autern
606 964 1058 1062 existimatPhilosophiam
1076 968 1224 1059 perfecte
1276 970 1397 1062 aliquo
1421 970 1588 1038 modoad
1606 992 1721 1039 mores
1741 970 1943 1061 pertinent,
1967 977 2105 1046 traduci
2131 982 2175 1048 ad
2198 976 2271 1049 hu-

235 1065 399 1169 cognosci
413 1096 514 1165 posse
530 1072 607 1140 sine
624 1068 769 1141 Graecis
786 1071 917 1158 literis,
943 1067 1040 1142 huuc
1057 1095 1139 1139 sane
1161 1091 1225 1159 pa·
1277 1071 1481 1140 manitatem
1505 1084 1540 1142 et
1555 1072 1763 1143 suavitatem
1787 1068 1854 1143 hac
1877 1074 2110 1149 delectatione
2131 1081 2272 1152 animos

234 1182 305 1254 tiar
327 1202 388 1248 sua
411 1175 581 1268 opinione
601 1174 743 1244 beatum
769 1197 853 1246 esse.
905 1172 976 1245 Sed
991 1196 1047 1243 res
1065 1172 1226 1265 loquitur
1278 1173 1444 1243 arbitror.

235 1284 322 1372 ipsa,
348 1291 520 1372 quantum
537 1276 676 1347 intersit
690 1277 783 1346 inter
797 1272 999 1346 Aristotelis
1017 1274 1226 1364 interpretes
1380 1270 1430 1343 At
1451 1295 1534 1342 vero
1554 1292 1619 1342 nos
1637 1300 1710 1346 non
1727 1288 1865 1347 tantum
1888 1278 1935 1346 de
1948 1280 2132 1370 voluptate
2146 1283 2271 1376 dispu-

237 1382 372 1455 Graece
388 1381 530 1461 doctos,
556 1393 590 1448 et
612 1378 694 1446 illos
710 1378 867 1469 ineptos,
891 1377 954 1470 qui
971 1400 1050 1446 cum
1067 1397 1124 1444 res
1146 1397 1225 1464 gra·
1279 1390 1410 1459 tamus,
1442 1376 1487 1444 de
1510 1374 1627 1446 fructu
1652 1402 1694 1447 ac
1715 1378 1921 1450 necessitate
1951 1380 2155 1474 loquimur,
2187 1387 2271 1479 quia

236 1486 396 1556 vissimas
416 1484 460 1550 ab
484 1479 569 1571 ipsis
594 1480 779 1550 autoribus
795 1480 942 1549 traditas
963 1477 1136 1570 explicare
1152 1499 1227 1545 uon
1279 1480 1356 1546 sine
1370 1472 1437 1546 hac
1449 1477 1590 1547 liberali
1603 1480 1782 1561 doctrina,
1807 1503 1899 1574 quae
1920 1484 2108 1575 praecipue
2123 1484 2272 1558 Graecis

237 1599 403 1681 possent,
429 1606 563 1651 novum
581 1583 762 1674 quoddam
784 1580 966 1652 doctrinae
987 1603 1097 1670 genus
1120 1601 1228 1670 pepe-
1280 1580 1390 1650 literis
1413 1578 1631 1666 continetur,
1661 1605 1767 1651 nemo
1787 1582 1872 1652 satis
1896 1583 2047 1655 idoneus
2073 1600 2124 1657 est
2147 1590 2204 1657 vel
2224 1590 2271 1659 ad

236 1699 375 1770 rerunt,
400 1685 545 1777 plenum
563 1682 775 1774 prodigiosis
792 1683 950 1768 somniis,
975 1684 1069 1775 quod
1087 1681 1227 1749 nullum
1281 1696 1432 1752 caeteras
1456 1695 1547 1750 artes
1567 1684 1786 1768 tractandas,
1819 1684 1876 1752 vel
1899 1686 1945 1755 ad
1963 1709 2018 1755 res
2042 1710 2185 1776 magnas
2208 1712 2272 1778 ge-

238 1792 277 1862 in
312 1790 386 1858 vite
412 1798 473 1855 aut
507 1786 755 1854 communibus
790 1784 944 1874 negociis
977 1807 1081 1855 usurn
1107 1776 1228 1850 habet.
1281 1785 1420 1854 rendae.
1472 1780 1554 1850 Non
1575 1797 1660 1855 sunt
1681 1786 1722 1853 in
1741 1781 1809 1855 hoc
1831 1788 1963 1859 omnia.
2013 1787 2085 1857 Sed
2103 1793 2270 1861 tamensi

237 1891 378 1967 Deinde
393 1887 562 1963 iniuriam
576 1882 830 1973 Philosophiae
844 1887 944 1970 facit,
975 1885 1134 1977 quisquis
1152 1906 1227 1952 earn
1280 1885 1368 1978 quid
1391 1882 1539 1952 omnino
1562 1886 1723 1955 doctriua
1748 1887 1804 1955 vel
1826 1888 1871 1957 sd
1890 1889 2072 1979 excitanda
2090 1890 2135 1959 ad
2152 1891 2269 1964 virtu·

238 2011 310 2068 tarn
326 1989 482 2082 angustis
495 1987 624 2057 linibus
646 1987 921 2068 circumscribit,
947 2002 986 2056 ut
1003 1980 1095 2058 nihil
1117 1984 1149 2054 ei
1163 1982 1228 2054 tri·
1282 2000 1363 2070 tern,
1387 1985 1442 2051 vel
1459 1987 1502 2053 ad
1519 1987 1774 2058 conformanda
1790 1988 1933 2079 ingenia
1949 1991 2097 2082 prolicit,
2113 2014 2186 2061 non
2201 1996 2271 2063 du-

239 2100 344 2180 buat,
369 2093 438 2162 nisi
455 2090 516 2165 illa
532 2090 691 2179 vulgaria
710 2102 911 2182 praecepta,
937 2088 1081 2180 quaein
1099 2082 1230 2157 scholis
1281 2088 1357 2157 bito
1384 2085 1577 2172 affirmare,
1604 2110 1679 2158 eam
1702 2092 1748 2159 ad
1773 2113 1849 2159 rem
1866 2091 2059 2181 plurimum
2077 2096 2273 2167 conducere

240 2224 282 2270 ex
307 2192 497 2268 Aristotele
521 2194 723 2267 traduntur.
784 2187 859 2281 Ego
886 2213 970 2259 vero
994 2189 1127 2260 utiam
1155 2211 1229 2257 non
1285 2185 1549 2259 hocdoctrinae
1565 2210 1696 2277 genus,
1722 2194 1854 2284 dequo
1871 2192 2008 2285 loquor.
2062 2192 2157 2264 Illud
2181 2212 2273 2269 certe

240 2303 355 2371 dicam
387 2298 430 2365 de
453 2291 715 2363 Mathematicis
744 2290 961 2387 disciplinis,
992 2290 1228 2380 cognitionem
1284 2291 1403 2379 negari
1422 2313 1496 2359 non
1511 2304 1644 2381 potest,
1669 2294 1714 2361 ad
1730 2306 1879 2364 caeteras
1892 2307 1985 2366 artes
2001 2299 2202 2368 tractandas
2215 2312 2273 2369 re'·

241 2396 478 2494 antiquitatis,
503 2396 706 2485 poe'matum
725 2409 759 2465 et
781 2390 1031 2476 historiarum,
1055 2392 1111 2460 vel
1129 2414 1231 2479 prae·
1283 2391 1378 2485 quiri
1400 2385 1491 2459 hanc
1512 2393 1724 2463 doctrinam.
1772 2392 1864 2463 Nam
1885 2408 1921 2465 et
1942 2392 2122 2466 Medicina
2146 2423 2275 2489 magns

241 2506 380 2598 cipuam
410 2511 544 2590 partem
572 2492 826 2587 Philosophiae
852 2518 926 2567 csse
959 2507 1084 2566 statuo.
1135 2489 1230 2563 Haec
1283 2518 1326 2563 ex
1350 2506 1447 2584 parte
1470 2490 1607 2565 Graeca
1632 2510 1701 2577 est,
1733 2506 1768 2567 et
1787 2496 1864 2565 sine
1884 2491 2116 2588 Philosophia
2137 2502 2274 2592 percipi

241 2607 338 2677 enim
354 2600 510 2671 continet
523 2593 753 2668 humanitatis
769 2597 981 2679 doctrinam,
1003 2618 1082 2665 cum
1100 2617 1230 2685 propo·
1283 2619 1357 2665 non
1381 2607 1506 2687 potest.
1555 2593 1605 2667 Et
1625 2596 1655 2665 si
1678 2592 1792 2691 hiqni
1812 2619 1848 2666 se
1863 2598 2078 2669 dediderunt
2092 2596 2274 2672 iuriscon-

241 2721 303 2778 nat
317 2702 479 2775 omnium
495 2699 693 2769 officiorum
710 2710 892 2790 praecepta
907 2712 1012 2791 atque
1031 2696 1197 2787 exempla.
1283 2696 1396 2781 sultis,
1420 2719 1495 2766 non
1508 2708 1646 2768 tantum
1661 2697 1759 2767 illem
1775 2700 1949 2769 forensem
1962 2693 2191 2771 Rhetoricam
2205 2727 2273 2774 au-

343 2800 447 2877 Nihil
472 2800 630 2871 accidere
653 2813 767 2891 potest
789 2797 828 2868 iu
843 2800 915 2869 vita
940 2798 1095 2890 privata,
1120 2796 1230 2866 autin
1283 2800 1376 2867 ferre
1394 2800 1555 2883 student,
1581 2814 1710 2870 utram
1725 2802 1769 2870 ed
1785 2815 1968 2894 quaestum
1982 2802 2186 2889 conferant,
2209 2806 2273 2875 sed

241 2909 383 3003 Repub.
406 2905 506 2975 cuius
527 2927 601 2974 non
622 2916 713 2973 extet
734 2903 848 2992 imago
871 2901 989 2994 aliqua
1010 2900 1050 2968 in
1074 2895 1232 2968 historiis
1285 2900 1482 2970 doctrinam
1512 2915 1682 2993 expetunt
1707 2901 1865 2973 futuram
1893 2902 1977 2973 usui
1999 2900 2155 2993 Reipub.
2177 2919 2212 2977 et
2233 2922 2276 2979 ut

242 3008 497 3104 sapientissime
515 3006 668 3099 scriptis.
708 3002 908 3074 Plurimum
928 3016 1057 3082 autern,
1082 2999 1233 3069 meoiu-
1285 3003 1353 3093 ipsi
1388 3003 1619 3093 loquuntur,'
1648 3027 1723 3073 non
1755 3004 1956 3074 simulatam
1989 3000 2274 3099 Philosophiam:

243 3112 356 3194 dicio,
380 3110 525 3199 prodest
546 3131 727 3179 accessnro
749 3108 792 3175 ad
811 3130 866 3175 res
887 3127 1031 3194 magnas
1050 3103 1233 3194 gerendas,
1285 3100 1341 3173 his
1367 3116 1407 3172 nt
1429 3102 1565 3192 possint
1588 3128 1669 3174 curn
1693 3107 1819 3175 decoro
1842 3105 1933 3176 tueri
1959 3126 2146 3197 personam
2164 3112 2276 3195 suam,

243 3210 377 3282 intueri
399 3208 438 3273 in
459 3208 537 3274 illas
558 3210 728 3296 imagines
742 3209 841 3279 velut
862 3209 901 3276 in
920 3207 1101 3297 speculum
1126 3219 1161 3275 et
1179 3205 1233 3272 vi·
1285 3206 1440 3297 profecto
1455 3205 1561 3274 etiam
1577 3206 1645 3277 alie
1660 3205 1812 3299 quadam
1827 3207 1989 3277 doctrina
2006 3210 2096 3299 opu's
2113 3210 2198 3295 erit,
2222 3212 2277 3279 vi-

244 3316 328 3385 dere
349 3306 515 3385 consilia,
549 3330 589 3377 ac
607 3310 784 3376 bonorum
809 3308 1039 3378 etmalorum
1063 3307 1232 3378 consilio·
1285 3307 1430 3390 delicet,
1456 3308 1670 3395 religionum
1694 3307 1857 3393 scientia,
1888 3306 2022 3378 noticia
2046 3311 2277 3404 antiquitatis,

243 3438 325 3487 rum
342 3422 500 3481 eventus.
551 3406 735 3479 Praeterea
751 3407 861 3477 multa
876 3409 1010 3477 suntin
1026 3409 1111 3499 ipsis
1125 3431 1233 3495 nego·
1286 3409 1486 3500 eloquentia
1509 3422 1543 3480 et
1563 3408 1636 3479 illis
1655 3408 1786 3492 literis,
1813 3432 1903 3502 quae
1924 3432 2006 3477 cum
2028 3408 2144 3483 fontes
2160 3415 2277 3503 legum

244 3518 309 3588 ciis
325 3529 401 3584 tum
424 3502 635 3603 prophanis,
660 3523 737 3579 tum
758 3508 1018 3594 ecclesiasticis,
1044 3533 1135 3602 qnae
1159 3509 1234 3577 sine
1287 3513 1512 3595 contineant,
1536 3534 1611 3581 non
1628 3509 1747 3580 minus
1770 3512 1808 3578 in
1827 3509 2015 3580 consilium
2033 3507 2195 3584 adhiberi
2216 3522 2276 3585 so'·

244 3613 468 3710 antiquitatis
489 3613 689 3704 cognitione
711 3626 828 3704 neque
848 3610 1018 3701 intelligi,
1042 3634 1157 3704 neque
1178 3611 1234 3678 iu·
1286 3614 1361 3681 lent
1376 3614 1420 3681 de
1437 3612 1687 3683 communibus
1703 3610 1848 3696 officiis,
1873 3634 1979 3705 quarn
1995 3612 2212 3705 ipsaelegess
2237 3620 2268 3679 [Τ

243 3719 354 3792 dicari
376 3726 534 3808 possunt.
587 3711 736 3802 Quoties
751 3714 794 3784 de
809 3711 1044 3805 imperiorum
1066 3712 1235 3783 mutatio·
1389 3712 1459 3783 Sed
1481 3727 1566 3785 sunt
1585 3715 1733 3808 quidam
1755 3713 1916 3795 iuvenes,
1945 3714 2108 3806 qui-rum
2130 3731 2280 3810 propter

243 3823 350 3893 nibus
365 3819 556 3890 dicendum
570 3816 645 3886 est?
670 3817 807 3909 quoties
822 3814 862 3884 in
876 3810 1034 3885 Ecclesia
1050 3815 1236 3908 requiren-
1286 3813 1464 3904 ignaviam
1478 3815 1616 3904 fugiant
1630 3813 1789 3885 discendi
1805 3814 1985 3901 laborem,
2013 3816 2130 3889 subito
2146 3819 2282 3890 irrum-

245 3927 311 3996 dae
325 3934 408 3992 sunt
425 3933 583 3990 veterum
596 3918 844 3990 contentiones
861 3919 905 3987 de
925 3918 1032 3987 rebus
1050 3915 1236 3986 maximis?
1288 3927 1378 4010 punt
1412 3918 1458 3985 ad
1491 3939 1645 3986 summas
1677 3916 1930 4008 professiones,
1970 3940 2122 4010 quarum
2155 3919 2282 3993 titulos

244 4024 342 4097 Haec
367 4023 444 4093 sine
467 4017 612 4093 Graecis
635 4034 670 4090 et
689 4019 826 4091 Latinis
853 4018 969 4090 literis
997 4019 1100 4090 nullo
1127 4020 1234 4089 modo
1290 4031 1496 4110 praetexunt
1511 4040 1595 4088 suae
1609 4017 1780 4107 ignaviae.
1825 4014 1873 4087 Hi
1891 4033 1932 4090 ut
1946 4018 2283 4095 iudiciovideantur

245 4123 409 4217 cognosci
435 4136 593 4211 possunt.
649 4117 698 4189 Et
719 4121 862 4213 quidem
894 4120 1145 4193 ecclesiastices
1179 4143 1236 4191 res
1288 4116 1353 4189 has
1367 4134 1459 4191 artes
1475 4121 1677 4212 aspernari,
1693 4115 1779 4189 haec
1793 4128 1915 4190 nostra
1931 4121 2048 4191 studia
2064 4123 2281 4216 vituperant.

244 4242 384 4300 tantum
402 4219 538 4292 Graece
554 4220 705 4311 scriptae
723 4233 816 4290 sunt.
866 4215 1051 4290 Caeterum
1068 4222 1237 4292 varietate
1278 4221 1364 4310 'Qui
1385 4222 1563 4315 siquidem
1587 4220 1637 4290 its
1664 4218 1767 4299 libet,
1798 4222 1889 4291 liant
1906 4245 1991 4291 saue
2011 4222 2165 4296 Solones
2191 4228 2284 4297 mari

248 4343 284 4401 st
306 4325 405 4416 copia
426 4345 545 4392 rerum
567 4334 673 4414 atque
694 4320 935 4409 exemplorum
961 4320 1066 4410 longe
1089 4322 1238 4392 vincunt
1288 4325 1366 4393 siue
1380 4320 1640 4404 Grammatica,
1664 4320 1739 4389 sine
1753 4318 1962 4408 Dialectica,
1986 4324 2063 4395 sine
2080 4327 2285 4417 cognitione

246 4427 395 4502 Latinos
411 4437 488 4494 tum
505 4422 655 4505 Po‘e'tae,
681 4418 940 4490 tumHistorici
956 4417 1093 4490 Graeci.
1144 4421 1235 4492 Nam
1289 4425 1523 4512 religionum,
1563 4423 1639 4492 sinc
1671 4423 1893 4516 eloquentia,
1927 4424 2005 4494 sine
2038 4422 2285 4520 Philosophia,

245 4526 403 4605 Romani
419 4523 628 4594 domesticas
644 4545 699 4590 res
714 4535 851 4592 tantum
866 4545 993 4590 ornare
1007 4523 1236 4610 studuerunt3
1290 4526 1443 4618 denique
1455 4528 1536 4599 ,sine
1552 4524 1772 4593 humanitate
1787 4527 1873 4598 ulla.
1919 4523 2053 4598 Verum
2074 4524 2143 4600 hoc
2156 4530 2284 4616 miror,

249 4648 283 4705 at
301 4628 430 4702 Graeci
446 4626 605 4696 omnium
623 4625 780 4715 gentium
803 4637 907 4716 atque
925 4622 1158 4718 imperiorum
1180 4620 1239 4694 hi·
1290 4650 1362 4720 quo
1384 4628 1444 4699 isti
1466 4649 1528 4697 ore
1550 4625 1705 4714 aspicere
1726 4626 1842 4715 legum
1863 4628 1976 4697 libros
1993 4631 2166 4711 audeant,
2192 4646 2285 4726 qua*

249 4734 373 4806 storias
388 4728 561 4819 complexi
576 4739 671 4817 suut,
696 4750 824 4820 easque
837 4726 885 4796 ita
900 4727 1175 4820 descripserunt,
1196 4741 1240 4797 ut
1290 4751 1370 4797 rum
1384 4739 1524 4798 autores
1539 4738 1684 4817 apparet
1698 4729 1874 4817 praeclare
1890 4729 2082 4801 instructos
2100 4732 2212 4803 fuisse
2226 4728 2297 4804 his.

248 4835 367 4907 verius
400 4826 698 4925 philosophentur
737 4830 776 4897 in
810 4828 969 4920 ipsorum
1011 4829 1238 4919 negociorum
1291 4828 1374 4920 ipsis
1390 4829 1542 4912 artibus,
1565 4829 1754 4922 dequibus
1769 4829 1929 4899 dicimus.
1978 4829 2287 4919 Quammultasx

249 4953 354 5031 atque
377 4934 608 5007 consiliorum
632 4932 870 5024 expositione,
902 4954 1008 5025 quam
1035 4931 1087 4999 illi
1112 4932 1174 5023 qui
1200 4929 1240 5000 in
1292 4930 1437 5005 Graecis
1452 4943 1486 5001 et
1499 4929 1636 5001 Latinis
1652 4928 1810 5002 historiis
1826 4932 2015 5022 repetunt?
2047 4932 2165 5022 Quam
2180 4954 2289 5008 reve*

249 5035 379 5110 scholis
399 5038 495 5106 nuda
518 5049 703 5127 praecepta
723 5037 889 5114 tradunt,
914 5056 955 5101 ac
976 5055 1056 5101 vere
1073 5029 1241 5104 Philoso·
1291 5047 1408 5104 renter
1427 5045 1616 5122 assurgunt
1630 5031 1808 5117 Homero,
1833 5032 1972 5125 quoties
1991 5024 2288 5110 sius'sentenlias

248 5136 369 5233 phiam
393 5162 435 5207 ex
458 5138 582 5206 umbra
605 5137 644 5205 in
668 5137 777 5206 solem
806 5157 847 5204 ac
870 5132 1050 5225 pulverem
1075 5137 1240 5218 educunt,
1291 5134 1389 5203 velut
1404 5135 1545 5205 oracula
1561 5134 1694 5207 citant?
1732 5130 1877 5203 Alicubi
1891 5138 2130 5224 pronunciant
2146 5164 2189 5211 er
2203 5164 2288 5211 rer·-

248 5239 318 5313 hoc
339 5253 409 5323 est,
438 5261 540 5308 nsum
562 5237 636 5307 eius
660 5236 699 5305 in
720 5237 798 5307 vita·
817 5248 924 5327 atque
947 5234 1103 5323 negociis
1119 5251 1239 5307 osten·
1292 5233 1347 5301 bis
1363 5231 1623 5321 Demosthenis,
1649 5234 1781 5307 alicubi
1797 5237 2005 5307 adverbum
2024 5242 2292 5317 transscribunt

251 5346 354 5417 dunt.
903 5366 918 5433 '.
951 5400 955 5405 .
1073 5348 1078 5360 '
1291 5332 1599 5411 Platonis-dicta..
1637 5334 1686 5409 Et
1701 5336 1862 5430 quidem-1
1877 5340 2090 5412 recentiores
2113 5338 2291 5427 Doctores
