4732 6030
103 322 179 399 uo
696 318 857 398 naor.
906 318 990 401 ou
1014 315 1159 398 vrrs
1192 254 1560 396 nuousruvr
2066 337 2142 413 eso

102 494 142 563 5„
156 490 344 567 ¹Ciceronis
373 486 608 581 Hprtensium
632 486 777 575 incidit,
810 513 890 559 cum
916 512 937 560 a
969 504 1096 561 natura
1147 484 1279 555 stianae
1305 509 1380 555 non
1402 501 1518 578 posset
1539 486 1671 559 iudicio
1695 489 1823 580 eligere
1845 488 2033 584 Doctores,
2057 500 2139 575 fecit

101 597 254 687 impetus
275 595 319 662 ad
344 592 512 661 virtutem
536 578 571 660 e't
593 591 717 675 decus,
750 591 913 662 ardentes
940 586 1097 675 haberet,
1146 591 1241 678 quod
1258 589 1347 657 solet
1362 589 1487 678 vulgus
1503 591 1632 660 facere:
1664 588 1713 661 Ut
1728 607 1878 678 statuas,
1905 596 1953 667 ita
1967 596 2139 674 Doctores
2252 640 2258 649 ¹

102 708 297 765 commotus
312 691 496 765 Ciceronis
514 693 665 784 scripto,
696 707 838 763 revocat
852 694 927 783 ipse
944 716 1037 779 sese,
1061 706 1096 761 et
1145 689 1331 760 aestimant
1366 713 1407 758 ex
1440 693 1587 776 vestitu,
1629 695 1793 765 torvitate
1829 697 1977 783 frontis,
2017 704 2138 774 barba.

102 799 234 867 maiore
259 797 444 866 severitate
469 818 588 884 regere
611 818 727 865 mores
746 796 891 885 incipit,
915 796 1094 866 licentiam
1143 785 1231 859 Erat
1274 791 1368 859 enim
1398 787 1518 862 Africa
1559 794 1663 885 plena
1706 792 2025 882 Manichaeorum,
2075 808 2137 895 qui

101 899 258 989 priorem
281 893 464 978 cohercet,
498 919 604 989 seque
629 899 674 966 ad
697 898 969 983 continentiam,
995 898 1094 965 acad
1144 914 1306 978 magnam
1325 894 1416 964 vitae
1428 896 1618 985 puritatem
1633 896 1859 972 simulabant.
1900 897 2137 977 Abstinebant

102 1000 241 1091 pictatis
255 1001 411 1069 studium
429 997 596 1068 exuscitat
610 1010 644 1067 et
661 1001 853 1090 componit.
905 998 1094 1068 Pravain-
1143 1018 1161 1061 a
1192 994 1374 1079 carnibus,
1417 997 1668 1087 improbabant
1701 999 1885 1088 coniugia,
1920 1004 2137 1078 damnabant

102 1102 221 1189 genia,
246 1101 451 1192 praesertim
467 1101 498 1168 si
508 1099 599 1169 absit
614 1113 749 1183 metus,
773 1101 958 1170 nonfacile
974 1124 1094 1168 emen·
1142 1095 1288 1183 imperia
1317 1109 1351 1165 et
1373 1098 1460 1165 alios
1490 1122 1604 1167 mores
1618 1099 1799 1189 politicos,
1826 1115 1867 1171 ut
1881 1105 1926 1172 ab
1941 1106 2136 1176 ambitione

101 1205 232 1273 dantur
246 1202 357 1271 literis
373 1215 406 1271 et
423 1201 601 1270 doctrina:
642 1224 751 1295 quare
776 1226 856 1271 eum
882 1203 979 1271 illius
993 1199 1093 1272 Cice·
1141 1196 1345 1284 longissime
1361 1200 1479 1266 abesse
1496 1199 1712 1272 viderentur.
1747 1200 2003 1276 Praedicabant
2017 1229 2054 1276 se
2072 1205 2132 1277 ha-

101 1305 242 1371 roniani
265 1303 385 1394 scripti
407 1303 559 1373 lectione
583 1303 738 1394 potuerit
761 1303 800 1371 in
821 1304 915 1372 viam
933 1303 1093 1371 revocari
1142 1299 1225 1365 bere
1247 1298 1396 1368 adflatus
1415 1298 1557 1369 divinos
1583 1314 1617 1370 et
1639 1296 1909 1375 enthusiasmos.
1948 1305 2137 1399 Hacprae-
2248 1374 2250 1379 ,

99 1404 340 1493 Augustinus,
374 1405 457 1474 satis
480 1418 624 1495 apparet
647 1404 804 1473 indolem
827 1405 1092 1488 bonamsuisse,
1140 1400 1261 1486 stigiae
1285 1399 1418 1469 offusae
1445 1401 1557 1471 oculis
1581 1395 1787 1489 hominurn,
1821 1407 1967 1477 mirifice
1991 1412 2135 1501 capiunt
2179 1454 2182 1459 ·

97 1529 164 1574 nec
186 1507 336 1575 defuisse
360 1507 391 1574 ei
416 1507 478 1575 illa
497 1505 669 1576 virtutum
694 1506 829 1576 semina
852 1521 956 1599 atque
977 1506 1092 1591 initia,
1141 1501 1294 1568 animos:
1331 1502 1541 1592 suscipimus
1565 1503 1659 1572 enim
1681 1526 1760 1588 eos,
1796 1508 1955 1597 quicum
1971 1509 2134 1603 Deopu·

99 1631 190 1698 quae
213 1621 315 1677 vocat
335 1605 543 1677 Aristoteles
560 1602 721 1703 φυσικὰς
736 1602 878 1703 ἀρετὰς.
930 1604 1009 1677 Etsi
1026 1632 1091 1676 au·
1140 1615 1261 1672 tantur
1286 1597 1415 1673 habere
1440 1605 1667 1688 commercia,
1692 1618 1734 1675 ut
1749 1600 1958 1697 Orpheum,
1981 1626 2041 1682 aut
2056 1613 2136 1685 Nu·

98 1720 170 1776 tem
194 1705 377 1778 Ciceronis
392 1706 610 1798 ,Hortensius
631 1733 706 1778 non
722 1724 833 1794 extat,
859 1724 976 1780 tamen
995 1711 1090 1800 quod
1140 1727 1232 1771 mam
1250 1698 1412 1774 homines
1427 1705 1592 1774 admirati
1608 1719 1709 1792 suut,
1752 1708 1906 1800 denique
1923 1714 2135 1785 naturaliter

98 1808 205 1877 fuerit
231 1824 476 1899 argumentum
495 1810 595 1895 libri,
627 1808 751 1881 Cicero
784 1811 914 1879 alicubi
937 1833 1091 1878 comme·
1139 1799 1302 1872 homines
1315 1807 1360 1874 ad
1378 1806 1663 1894 superstitionem
1683 1812 1850 1898 propensi
1867 1825 1960 1884 sunt.
2013 1811 2135 1903 Signi-

99 1923 229 1980 morat:
269 1910 436 1980 Defensio
469 1924 519 1981 est
542 1908 794 2002 Philosophiae
824 1912 991 1979 adversus
1019 1897 1090 1990 eos',
1140 1907 1219 1974 licat
1242 1905 1347 1974 etiam
1378 1906 1597 1994 Augustinus
1625 1931 1662 1976 se
1685 1911 1921 1982 admiratione
1943 1936 1983 1982 ac
2016 1917 2134 1986 studio

98 2011 179 2102 qui,
210 2023 250 2079 ut
281 2036 376 2080 nunc
404 2026 487 2080 sunt
510 2012 642 2083 iudicia
665 2013 797 2096 aulica,
829 2012 1090 2081 contendebant
1140 2005 1420 2094 prodigiosarum
1444 2008 1724 2097 disputationum
1741 2010 1929 2082 invitatum
1953 2038 2042 2100 esse,
2069 2040 2134 2107 po-

98 2107 192 2178 nihil
208 2135 296 2201 opus
315 2135 388 2180 esse
404 2114 464 2180 illa
482 2113 604 2182 subtili
621 2113 830 2185 eruditione.
882 2111 951 2181 Hic
965 2109 1088 2182 Cicero
1139 2108 1313 2176 tissimum
1336 2121 1377 2178 ut
1398 2104 1621 2177 Manichaeis
1645 2133 1681 2178 se
1697 2111 1916 2201 adiungeret.
1966 2114 2134 2188 Namar-

98 2213 273 2296 ostendit,
306 2237 396 2306 quae
424 2217 471 2284 sit
493 2237 575 2282 vera
597 2209 847 2303 Philosophia,
879 2237 919 2282 ac
943 2215 986 2281 ad
1013 2237 1089 2281 eam
1139 2208 1257 2278 dentia
1283 2207 1423 2297 ingenia
1444 2211 1547 2279 facile
1569 2212 1759 2302 capiuntur
1779 2215 1882 2284 novis
1904 2231 1937 2287 et
1959 2218 2131 2305 involutis

99 2313 282 2381 colendam
312 2317 406 2383 bona
434 2314 575 2403 ingenia
606 2308 786 2399 hortatur,
823 2315 975 2384 declarat
1004 2336 1090 2406 quas
1138 2310 1449 2399 disputationibus.
1509 2309 1653 2382 Talium
1674 2312 1778 2403 plena
1804 2331 1878 2386 erat
1894 2331 1987 2389 secta
2008 2320 2132 2390 Mani·
2235 2386 2238 2391 ,

96 2413 267 2482 utilitates
293 2416 336 2482 ad
361 2415 468 2483 vitam
494 2417 647 2500 adferat,
679 2416 719 2484 in
743 2412 808 2485 hac
832 2439 905 2485 esse
922 2416 1038 2505 legum
1056 2427 1091 2484 et
1138 2405 1263 2492 chaea,
1295 2435 1384 2502 quae
1408 2426 1482 2483 erat
1496 2415 1667 2506 quaedam
1684 2415 1845 2485 confusio
1866 2442 1906 2485 ex
1922 2419 2050 2490 Stoicis
2066 2426 2130 2492 de·

99 2515 257 2582 omnium
274 2508 504 2587 honestorum
519 2518 716 2586 officiorum
730 2519 865 2602 fontes,
890 2513 956 2586 hac
969 2517 1088 2585 vocari
1138 2512 1353 2596 liramentis‚
1378 2525 1410 2582 et
1428 2536 1469 2581 ex
1482 2515 1660 2582 veteribus
1676 2509 1879 2585 haeresibus
1897 2542 1938 2587 ac
1960 2524 2130 2609 supersti-

99 2629 132 2684 et
146 2616 287 2685 invitari
311 2613 473 2688 homines
495 2621 539 2688 ad
555 2620 771 2708 agnitionem
786 2617 874 2705 Dei,
900 2642 940 2688 ac
954 2618 1089 2688 aeterni
1138 2613 1296 2682 tionibus
1312 2615 1473 2688 conflata.
1524 2610 1702 2685 AStoicis
1717 2618 1903 2689 sumebant
1920 2621 2010 2689 duos
2024 2621 2131 2708 Deos,

98 2730 230 2787 metum
261 2721 438 2790 numinis:
474 2744 515 2789 ex
540 2713 606 2789 hac
629 2722 793 2790 doctrina
815 2720 1087 2811 descriptionem
1138 2713 1333 2801 Lucemet
1361 2712 1500 2809 Hylen:
1543 2716 1780 2788 defendebant
1809 2720 1920 2789 fatum
1957 2719 2131 2807 Stoicum,

99 2818 182 2885 anni
204 2834 333 2889 certam
355 2835 529 2912 sumptam
553 2844 643 2905 esse,
670 2845 739 2912 qua
758 2837 911 2904 remota,
937 2835 1088 2911 quantae
1137 2815 1287 2905 ineptias
1312 2817 1479 2887 cleastris
1501 2830 1624 2887 contra
1643 2832 1753 2888 artem
1779 2822 1823 2888 de
1839 2822 1993 2894 motibus
2015 2826 2130 2894 coele-

100 2932 213 2988 essent
234 2921 272 2988 in
290 2923 360 2990 vita
378 2920 567 2990 tenebrae?
616 2921 780 3010 Denique
798 2921 982 3007 complecti
1001 2917 1088 2986 Phi·
1137 2916 1251 2984 stibus
1267 2918 1459 3000 docebant,
1485 2941 1630 3007 prorsus
1652 2920 1823 2990 tollebant
1846 2923 2044 2996 libertatem
2060 2922 2129 2995 hu-

97 3019 294 3109 losophiam
310 3022 447 3102 [mul-tas
468 3032 558 3087 artes
582 3019 675 3086 vitae
691 3021 808 3092 utiles.
860 3018 961 3087 Hanc
980 3020 1087 3088 fuisse
1136 3040 1262 3084 manae
1282 3019 1485 3091 voluntatis.
1545 3016 1698 3113 Reliqua
1730 3045 1770 3088 cx
1801 3017 2005 3094 haeresibus
2029 3041 2131 3101 eraut

97 3144 268 3189 summam
286 3120 383 3188 illius
398 3119 519 3210 scripti
529 3116 773 3205 Ciceroniani,
800 3134 834 3190 et
850 3145 891 3190 ex
907 3120 986 3189 aliis
1000 3120 1087 3190 locis
1137 3118 1267 3190 addita.
1327 3115 1400 3186 Nec
1422 3121 1466 3187 de
1487 3114 1649 3204 Christo,
1680 3144 1746 3189 nec
1776 3123 1819 3191 de
1844 3122 1981 3215 Spiritu
2009 3142 2131 3199 sancto

94 3219 295 3302 Ciceronis,
322 3233 355 3289 et
378 3245 418 3288 ex
438 3220 622 3290 Lactantio
637 3235 803 3311 apparet,
830 3223 891 3314 qui
908 3223 991 3290 inde
1006 3244 1087 3290 sen·
1137 3232 1229 3288 recte
1239 3219 1456 3304 sentiebant,
1478 3221 1643 3291 scelerate
1657 3222 1853 3310 lingebant,
1872 3239 2030 3296 autorem
2048 3252 2131 3298 suae

92 3320 223 3389 tentias
245 3322 412 3412 quasdam
430 3322 608 3412 excerpsit.
660 3320 798 3391 Harum
814 3324 1085 3393 iucundissima·
1135 3333 1247 3390 sectae
1272 3316 1543 3404 Manichaeum,
1576 3322 1682 3391 fuisse
1705 3322 1807 3390 illum
1830 3324 1947 3415 ipsum
1969 3327 2131 3400 Paracle-

92 3443 174 3490 tum
197 3422 474 3510 disputationum
489 3422 639 3491 lectione
656 3424 703 3492 ita
719 3438 836 3493 motus
853 3425 994 3494 videtur
1008 3420 1087 3494 Au·
1136 3432 1229 3506 tum,
1256 3444 1361 3514 quem
1376 3417 1538 3491 Christus
1563 3424 1740 3512 promisit:
1766 3424 1978 3499 factitabant
2000 3453 2038 3499 se
2057 3433 2130 3499 suis

95 3522 274 3610 gustinus,
301 3536 341 3594 ut
363 3524 424 3615 qui
441 3536 566 3593 natura
581 3521 721 3593 Musica
741 3539 841 3606 sunt,
868 3525 1004 3595 etiamsi
1022 3527 1085 3593 ad·
1136 3521 1263 3590 ritibus
1288 3524 1457 3613 consequi
1480 3518 1751 3592 enthusiasmos.
1809 3522 1907 3596 Haec
1931 3532 2038 3618 pestis
2059 3534 2129 3602 late

95 3619 165 3691 huc
180 3627 284 3691 rudes
301 3638 382 3692 sunt
399 3626 501 3707 artis,
526 3637 560 3692 et
583 3624 679 3692 aliud
694 3639 822 3714 agunt,
847 3637 967 3695 tamen
988 3625 1085 3693 dulci
1135 3637 1257 3709 vagata
1289 3637 1357 3706 est,
1405 3624 1607 3711 praesertim
1646 3625 1684 3692 in
1718 3621 1850 3694 Africa.
1922 3629 2037 3702 Tanta
2078 3646 2129 3703 est
2179 3692 2182 3697 ,

96 3737 200 3792 cantu
221 3726 435 3796 mirabiliter
455 3726 499 3794 ad
519 3723 674 3794 Musices
693 3749 848 3795 amorem
872 3748 911 3794 ac
926 3724 1084 3792 studium
1136 3722 1269 3790 diaboli
1291 3723 1466 3813 potentia,
1500 3736 1540 3792 ut
1563 3726 1729 3794 omnibus
1753 3728 1926 3797 aetatibus
1942 3726 2130 3800 horribili-

96 3826 358 3899 extimulantur.
409 3826 579 3895 Nondum
597 3839 713 3895 autem
729 3826 861 3915 legerat
875 3848 990 3895 sacras
1005 3825 1086 3896 lite·
1136 3835 1189 3892 ter
1212 3823 1379 3891 dilaceret
1401 3819 1606 3892 Ecclesiam.
1664 3823 1755 3893 Cum
1780 3827 1889 3914 igitur
1907 3825 2129 3917 Augustinus

95 3949 169 4010 ras,
208 3952 291 4008 nec,
332 3945 371 4001 ut
402 3929 560 4011 videtur,
601 3928 788 3996 conciones
821 3928 1086 4016 magnifecerat,
1136 3947 1254 3991 errore
1277 3924 1418 4004 aetatis,
1444 3936 1611 4013 tanquam
1633 3925 1748 3992 ventis
1773 3925 1809 3991 in
1835 3922 1898 3996 has
1919 3945 2029 4022 syrtes
2046 3931 2129 4002 Ma.

93 4050 159 4096 nec
182 4029 225 4095 de
243 4032 403 4101 doctrina
421 4031 480 4120 pia
494 4029 646 4099 multum
665 4029 903 4119 disputaverat
923 4051 1002 4096 cum
1018 4026 1086 4116 piis
1135 4018 1364 4091 nichaeorum
1401 4021 1539 4090 delatus
1579 4036 1685 4106 esset,
1736 4028 1929 4115 paulatim,
1980 4046 2021 4102 ut
2054 4051 2128 4108 erat

94 4141 129 4197 et
162 4130 326 4214 eruditis,
361 4146 399 4202 ut
423 4131 579 4200 iudicare
612 4143 745 4222 posset,
781 4130 868 4221 quid
900 4127 1085 4219 praecipue
1135 4145 1257 4192 amans
1293 4121 1467 4203 veritatis,
1503 4123 1672 4193 attentius
1708 4127 1931 4199 considerare
1965 4133 2126 4222 dogmata

92 4229 318 4320 profiteretur
332 4229 587 4321 Evangelium,
607 4245 641 4301 et
658 4255 748 4324 quae
773 4243 861 4299 esset
875 4252 962 4317 pura
980 4241 1014 4297 et
1027 4230 1085 4294 in·
1136 4226 1260 4314 coepit.
1320 4219 1564 4312 Deprehendit
1591 4226 1699 4314 igitur
1730 4228 1919 4300 vanitatem
1947 4248 2059 4303 sectae
2089 4237 2127 4307 in

95 4344 260 4420 corrupta
282 4334 453 4406 doctrina.
511 4332 655 4404 Fatetur
677 4333 782 4402 etiam
807 4331 874 4401 sibi
898 4330 1085 4399 lectionem
1135 4325 1291 4396 materiis
1313 4320 1589 4415 philosophicis,
1622 4342 1662 4398 ut
1685 4329 1759 4418 ipse
1784 4330 1920 4425 inquit,
1946 4335 2129 4426 quiaMa·
2194 4338 2198 4347 '

94 4455 271 4500 sacrarum
300 4434 482 4505 literarum
506 4435 689 4505 insuavem
711 4433 840 4516 fuisse,
866 4445 1009 4523 propter
1025 4453 1085 4518 gc·
1136 4424 1274 4496 nichaei
1299 4427 1375 4496 sinc
1389 4423 1622 4500 Arithmetica
1642 4431 1828 4502 tradebant
1851 4448 1968 4504 motus
1988 4449 2022 4506 et
2041 4462 2127 4506 cou-

93 4556 163 4602 nus
195 4536 385 4623 sermonis,
425 4537 581 4606 alienum
614 4534 785 4608 aLatina
813 4533 1085 4614 consuetudine3
1136 4551 1273 4619 gressus
1299 4531 1466 4621 syderum
1497 4531 1760 4600 commenticios
1795 4547 1830 4603 et
1853 4536 2050 4621 fabulosos,
2086 4563 2127 4610 ac

93 4631 277 4705 habehant
308 4638 403 4706 enim
435 4636 614 4706 versiones
646 4639 839 4707 admodum
879 4633 1086 4704 ineruditas.
1135 4644 1331 4722 pugnantes
1361 4653 1441 4697 cum
1465 4653 1546 4698 vera
1571 4634 1843 4721 computatione.
1904 4636 2023 4723 Quare
2044 4664 2127 4709 cum

92 4734 230 4806 Verum
248 4751 289 4808 ut
311 4735 401 4807 mihi
416 4741 573 4821 videtur,
599 4760 721 4806 omnes
736 4738 797 4831 qui
816 4761 835 4806 a
854 4736 959 4806 sacris
975 4734 1087 4804 literis
1136 4755 1250 4801 annos
1268 4753 1399 4799 novem
1415 4729 1459 4801 in
1481 4753 1520 4799 ea
1541 4745 1633 4802 secta
1655 4748 1811 4802 versatus
1833 4749 1940 4821 esset,
1973 4751 2006 4808 et
2027 4764 2128 4811 exer·
2189 4729 2224 4773 ¹·

94 4831 311 4927 abhorrent,
336 4840 436 4910 nulla
451 4841 546 4910 enirn
561 4852 655 4909 aetas
668 4860 743 4907 non
761 4833 867 4908 babet
884 4832 1087 4930 prophanus
1137 4834 1263 4904 euisset
1277 4828 1463 4913 Doctores,
1491 4855 1531 4901 ac
1544 4832 1755 4902 nominatim
1773 4832 1964 4923 Faustum,
1990 4863 2127 4912 errores

92 4937 279 5027 homines,
313 4943 545 5012 offenduntur
564 4964 639 5010 uon
660 4952 731 5010 tam
755 4949 882 5028 genere
904 4939 1087 5020 sermonis,
1136 4935 1312 5017 refutans,
1332 4955 1406 5001 non
1429 4932 1491 5000 ille
1515 4933 1657 5026 quidem
1674 4948 1759 5004 tuuc
1782 4936 2037 5026 eluctatuscst,
2062 4946 2124 5012 sed

96 5067 205 5136 quam
228 5045 367 5115 inscitia
394 5068 526 5114 rerum.
583 5041 665 5112 Non
688 5040 812 5110 vident
826 5063 935 5130 genos
956 5040 1089 5109 doctri·
1136 5052 1255 5107 tamen
1270 5035 1421 5126 probare
1436 5047 1471 5104 et
1485 5058 1603 5103 amare
1624 5048 1751 5105 sectam
1767 5037 1881 5108 desiit.
1934 5038 2051 5112 Mater
2067 5045 2126 5112 in-

94 5169 165 5214 nae
188 5145 359 5216 dissimile
383 5170 457 5216 esse
485 5138 753 5237 Philosophiae,
786 5165 861 5210 nou
886 5143 1089 5230 intelligunt
1138 5153 1231 5209 terea
1252 5135 1402 5206 assiduis
1423 5130 1614 5230 lachrymis
1635 5134 1749 5207 aDco
1766 5140 1906 5230 petebat
1922 5142 1987 5211 lilii
2002 5167 2126 5214 emen-

95 5246 379 5335 disputationum
405 5246 551 5316 consilia
574 5259 609 5317 et
633 5245 773 5316 seriem.
830 5240 928 5312 Haec
947 5242 1087 5312 inscitia
1139 5239 1329 5309 dationem.
1387 5233 1437 5308 Et
1457 5238 1613 5309 ostendit
1636 5234 1733 5309 Deus
1755 5263 1791 5311 se
1814 5242 1893 5332 pios
1919 5245 2068 5334 gemitus
2090 5257 2125 5314 et

93 5350 216 5419 reddit
241 5351 423 5421 insuavem
446 5348 650 5433 lectionem,
682 5360 723 5419 ut
746 5345 816 5417 dici
837 5345 940 5416 solet:
971 5341 1089 5432 Ignoti
1138 5364 1220 5411 vera
1243 5353 1325 5411 vota
1349 5339 1526 5410 exaudire.
1583 5339 1765 5413 Divinitus
1785 5344 1881 5414 enim
1909 5346 2052 5428 accidit,
2083 5357 2125 5414 ut

92 5448 198 5519 nulla
214 5454 356 5542 cupido.
407 5448 499 5521 Cum
514 5449 622 5539 igitur
636 5440 1088 5541 ignarosdoctrinaeChri-
1138 5437 1360 5533 Augustinus
1390 5464 1470 5513 cum
1498 5439 1652 5515 Romam
1672 5444 1885 5530 traiecisset,
1926 5445 2127 5515 mitteretur

147 5557 327 5628 Μιωτιι.
345 5558 448 5623 Om.
475 5556 559 5621 Vor..
574 5554 639 5625 xl.
698 5598 701 5611 ·
1439 5543 1490 5617 29
