4732 6030
123 200 251 328 '55

687 176 845 278 nucu
878 197 955 273 nu
988 195 1268 278 nueonuo
1301 180 1742 289 duoounur'rxu.
2193 196 2241 274 ss
2295 224 2301 237 ·

206 376 311 450 terris
329 373 390 446 bic
418 375 473 445 sol
498 372 614 445 vidit?
660 371 840 445 Hactenus
867 370 1073 452 docuimus,
1107 395 1197 464 quae
1249 394 1422 442 summam
1439 364 1665 463 prudentiam
1680 393 1748 441 usu
1765 358 1942 443 consecuti
1957 376 2060 459 sunt,
2087 396 2240 467 qnorum

209 491 310 571 cogat
334 477 521 547 necessitas
549 490 675 545 certam
699 474 842 544 dicendi
872 476 1050 545 rationem
1074 474 1197 542 sectari
1250 475 1461 543 commercio
1498 475 1556 557 fn,
1596 487 1635 542 ut
1668 471 1836 543 nonnihil
1871 476 1994 545 iudicii
2030 473 2242 547 contrahant

209 605 250 651 ac
265 581 371 666 tueri,
385 579 517 673 quaesi
534 600 636 669 quem
650 601 775 668 parum
791 591 921 660 movet,
939 577 972 645 ei
987 600 1069 643 vero
1085 576 1198 645 multo
1250 577 1415 659 lectores,
1443 589 1478 644 et
1501 589 1670 667 tanquam
1685 576 1746 668 qui
1768 576 1806 643 in
1824 577 1897 647 sole
1918 578 2119 662 ambulant,
2145 579 2243 648 colo«

211 683 338 753 iustius
360 681 449 750 asini
474 678 647 748 auriculas
670 678 733 748 Dii
755 679 977 763 addiderint,
1003 701 1108 770 quam
1125 674 1193 744 Mi·
1250 691 1385 748 rentur.
1434 677 1532 749 Solet
1547 678 1646 757 enim⁵
1660 678 1878 750 iuvenilibus
1896 679 2048 768 ingeniis
2065 682 2243 770 exemplar
2310 759 2318 765 ,

212 786 288 854 dae.
340 780 483 851 Accedit
503 775 575 848 huc
599 804 673 848 non
700 781 979 850 contemnendus
1000 778 1199 848 studiorum
1250 780 1394 870 aliquod
1412 793 1503 847 recte
1520 779 1672 863 dicendi,
1697 780 1941 874 sentiendique
1957 781 2122 871 proponi,
2145 781 2241 849 unde

214 883 436 977 eloquentiae
453 882 598 964 fructus,
624 883 718 974 quod
736 906 854 951 earum
869 883 999 952 artium
1016 904 1094 963 usu,
1120 880 1201 971 qui-

210 989 278 1057 bus
306 984 503 1078 eloquentia
529 986 747 1069 continetur,
778 983 992 1066 excitantur,
1027 981 1199 1050 erudiun-

212 1100 339 1180 turque
351 1085 510 1174 ingenia,
534 1098 574 1152 ut
591 1109 644 1152 res
661 1081 835 1154 humanas
850 1108 973 1154 omnes
992 1083 1200 1175 prudentius

211 1188 420 1280 dispiciant,
446 1210 559 1278 neque
580 1188 725 1276 propius
749 1188 875 1255 umbra
899 1209 1025 1276 corpus
1044 1188 1201 1252 adsecta-

211 1303 300 1373 tur,
313 1312 417 1381 quam
434 1288 671 1379 eloquentiam
689 1289 876 1357 comitatur
894 1287 1095 1377 prudentia.
1147 1284 1201 1352 De

210 1392 317 1460 rebus
349 1385 516 1458 humanis
543 1384 658 1457 adhuc
688 1389 834 1482 loquor,
865 1390 909 1458 de
936 1389 1041 1457 sacris
1068 1399 1199 1479 postea.

213 1491 392 1560 Videbant
415 1491 509 1559 inter
529 1512 565 1557 se
587 1491 738 1558 maiores
758 1491 870 1559 nostri
894 1486 979 1559 haec
995 1492 1083 1557 dno:
1111 1490 1200 1557 bene

212 1594 355 1663 dicendi
375 1592 576 1676 scientiam,
603 1605 637 1660 et
659 1592 769 1659 animi
794 1592 966 1661 iudicium
990 1605 1116 1660 natura
1140 1615 1201 1657 co-

145 1712 150 1722 '
210 1690 371 1764 haerere:
407 1716 515 1785 quare
537 1706 570 1762 et
593 1716 666 1760 oon
692 1693 804 1786 inepti
829 1695 972 1786 quidam
1004 1694 1200 1760 orationem

210 1820 285 1865 esse
317 1796 499 1874 dixerunt,
542 1794 747 1883 explicatam
776 1795 887 1863 animi
919 1795 1102 1862 rationem.
1154 1789 1201 1860 Et

209 1897 387 1967 Homerus
400 1894 506 1967 Poeta
523 1895 645 1963 iisdem
665 1895 902 1988 eloquentiam
920 1918 959 1962 ac
975 1895 1198 1983 prudentiam

211 2000 348 2071 tribuit.
397 1995 503 2066 Mitto
521 1997 590 2065 iam
606 1997 705 2080 alios,
734 1995 862 2090 Uly'ssi,
888 1997 987 2064 cuius
1004 1997 1198 2064 orationem

210 2096 382 2194 hybernis
404 2099 548 2167 nivibus
567 2112 764 2189 comparat,
791 2113 971 2190 utrunque
995 2121 1067 2165 rino
1090 2096 1200 2165 versi-

211 2203 292 2271 culo
307 2201 493 2283 adscribit,
520 2224 599 2269 cum
616 2200 748 2291 inquit:

254 2316 301 2380 ool
325 2312 352 2380 δ’
374 2311 416 2378 ἴνι
435 2314 493 2395 μέν
513 2311 622 2398 μορφὴ
645 2312 758 2392 ἐπέων,
781 2309 824 2377 ἴνι
844 2313 879 2378 δὲ
900 2312 1008 2399 φρένες
1030 2312 1152 2377 ἐσθλαὶ.

210 2420 283 2490 Nec
298 2434 454 2511 tempero
470 2414 572 2503 mihi,
590 2444 660 2511 quo
677 2420 795 2491 minus
812 2442 1006 2489 recenseam
1023 2431 1057 2487 ct
1072 2417 1200 2488 Latine

209 2524 254 2593 ab
270 2522 410 2592 erudito
425 2522 578 2615 quodam
596 2544 812 2611 expressum:

310 2644 413 2708 Mente
429 2651 531 2730 vales,
555 2652 658 2708 iuncta
672 2661 716 2708 est
732 2646 869 2707 lisoundis
883 2650 976 2726 gratia
992 2645 1088 2706 dictis.

209 2753 653 2840 Odivinamsententiam,
680 2756 1085 2848 multoquediguiorem,
1112 2779 1199 2848 quae

203 2857 428 2929 'iuvenilibus
458 2859 659 2948 pectoribus
690 2859 826 2927 solicite
863 2859 1056 2936 inseratur,
1094 2880 1198 2949 quam

210 2956 371 3053 delphica
389 2960 524 3052 aliquot
545 2960 641 3029 scita.
684 2956 780 3046 Quid
797 2958 891 3027 enim
908 2961 1087 3050 spectabat
1101 2957 1197 3027 aliud

191 3063 365 3154 optimus
388 3085 510 3146 senex,
543 3084 649 3153 quam
673 3060 723 3130 sic
746 3062 840 3130 inter
866 3083 902 3129 se
925 3062 1104 3150 copulatas
1127 3082 1199 3127 esse

209 3162 435 3256 prudentiam
458 3186 496 3230 ac
518 3163 775 3254 eloquentiam,
811 3175 851 3232 ut
875 3163 996 3231 divelli
1019 3162 1117 3238 nulla
1141 3179 1199 3228 rae

180 3336 183 3343 ,
209 3266 307 3336 tione
323 3266 471 3354 possint.
496 3258 614 3354 Atque
628 3264 762 3332 utinam
777 3264 846 3333 sibi
859 3287 981 3332 omnes
993 3266 1199 3334 adulescen-

209 3379 262 3437 tes
277 3363 373 3435 hunc
391 3364 602 3433 versiculum
619 3364 838 3454 propositum
861 3378 1001 3456 putent,
1028 3389 1197 3457 quorsum

209 3481 381 3561 tanquam
397 3469 439 3535 ad
456 3490 600 3556 scopum
620 3466 747 3534 omnia'
755 3466 870 3535 studia
886 3489 959 3549 sua,
977 3466 1198 3557 rationesque

209 3572 377 3659 dirigant,
404 3567 625 3659 sentiantque
641 3569 711 3636 sibi
727 3592 868 3637 omnem
884 3591 1040 3657 operam,
1066 3591 1197 3646 euram,

207 3672 431 3753 industriam,
447 3669 704 3758 cogitationem,
724 3684 875 3739 mentem
886 3670 1039 3762 denique
1054 3693 1196 3738 omnem

207 3777 247 3844 in
268 3769 486 3875 hisgastibus
518 3771 684 3861 parandis
713 3771 887 3860 figendam
922 3796 1010 3839 esse:
1046 3795 1196 3864 quarum

159 3916 169 3942 a
206 3875 383 3946 Homerus
408 3869 504 3942 baud
530 3874 637 3941 dubie
654 3874 702 3943 ob
726 3899 803 3943 earn
819 3897 957 3942 causam
980 3873 1197 3943 mentionem

206 3977 307 4060 lecit,
331 3978 427 4068 quod
441 3975 555 4043 videri
572 3976 731 4044 omnium
749 4000 865 4045 rerum
882 3970 1131 4060 humanarum,
1157 3987 1198 4044 ut

208 4095 309 4162 sunt,
352 4094 385 4148 et
417 4072 672 4167 pulcherrimas
699 4091 732 4144 et
760 4077 909 4143 maxime
937 4079 1040 4145 utiles
1072 4078 1195 4147 voluit.

209 4181 307 4269 Quid
334 4181 372 4245 in
393 4176 542 4246 consilio
561 4176 667 4244 fuisse
691 4176 839 4244 censetis
857 4177 1034 4244 veteribus
1048 4177 1198 4262 Latinis,

208 4306 271 4353 cur
287 4278 427 4348 dicendi
443 4289 534 4345 artes
549 4269 804 4346 humanitatem
823 4276 1060 4365 adpellarint?
1100 4277 1199 4346 ludi-

208 4385 336 4453 cabant
358 4380 412 4446 illi
442 4376 612 4445 nimirum
638 4373 762 4445 harum
787 4378 1053 4467 disciplinarum
1079 4380 1197 4448 studio

207 4510 282 4554 non
316 4484 472 4571 linguam
500 4492 636 4548 tantum
663 4479 829 4569 expoliri,
867 4480 928 4547 sed
955 4495 989 4546 et
1014 4481 1198 4564 feritatem,

208 4585 477 4675 barbariemque
511 4581 733 4669 ingeniorum
769 4580 909 4670 corrigi.
974 4579 1064 4650 Nam
1100 4585 1196 4651 cultu

209 4688 358 4781 perinde
385 4711 423 4754 ac
449 4684 610 4776 plerique
641 4683 842 4776 sylvestrem
872 4684 1030 4752 indolem
1053 4699 1197 4768 exuunt,

207 4798 457 4860 mansuescunt
474 4786 634 4874 ingenia,
658 4785 940 4878 cicuranturque.

309 4938 409 5010 Duae
431 4949 514 5005 sunt
536 4949 651 5004 autem
677 4959 819 5017 causae,
853 4961 916 5004 cur
940 4950 1031 5006 recte
1055 4938 1194 5006 dicendi

208 5044 325 5113 studio
341 5039 452 5108 animi
474 5038 643 5106 iudicium
669 5051 824 5106 acuatur.
878 5037 982 5108 Prior
1005 5053 1073 5122 est,
1100 5043 1195 5132 quod

208 5147 269 5239 qui
286 5145 329 5212 iis
345 5143 479 5212 artibus
501 5163 642 5227 operam
659 5141 763 5222 dant,
789 5141 833 5207 ad
857 5140 1028 5209 eiusmodi
1039 5143 1196 5230 ¹scripto-

112 5266 115 5275 '
207 5273 287 5318 rum
312 5243 468 5332 exempla
494 5265 528 5309 se
551 5255 771 5329 comparent,
806 5265 943 5310 necesse
973 5255 1040 5323 est,
1073 5245 1196 5334 quiin

207 5347 369 5419 maximis
403 5346 508 5413 rebus
541 5343 704 5431 gerendis
742 5368 783 5411 ac
823 5346 1015 5445 tractandis
1059 5345 1196 5429 versati,

1252 895 1286 949 et
1300 882 1490 949 verborum
1508 881 1600 961 vim,
1626 894 1659 949 et
1678 881 1849 951 orationis
1865 895 2099 964 structuram,
2126 895 2162 953 et
2182 906 2243 951 ex-

1253 981 1406 1072 plicandi
1423 982 1549 1070 figuras
1565 982 1712 1054 discant.
1744 980 1834 1050 Nam
1849 997 1883 1052 et
1898 984 2038 1054 dicendi
2055 983 2242 1064 rationem,

1254 1083 1398 1173 perinde
1417 1107 1456 1152 ac
1473 1097 1623 1152 caeteras
1640 1097 1731 1151 artes
1749 1083 1898 1154 imitatio
1915 1086 2069 1158 adiuvat.
2118 1084 2242 1178 Neque

1252 1186 1345 1253 enim
1365 1183 1555 1253 verisimile
1572 1197 1623 1254 est
1639 1185 1808 1275 pingendi
1826 1187 1893 1255 arti
1908 1200 2044 1256 tantum
2060 1186 2105 1255 ab
2116 1185 2243 1278 Apelle

1254 1286 1464 1370 venustatis,
1497 1287 1698 1380 gratiaeque
1727 1287 1831 1356 adiici
1861 1288 2036 1379 potuisse,
2076 1288 2145 1356 nisi
2173 1290 2242 1357 lin-

1252 1389 1447 1476 gendorum
1475 1388 1772 1457 lineamentorum
1808 1390 1980 1459 rationem
2011 1391 2125 1460 multo
2160 1404 2243 1460 ante
2308 1442 2311 1446 »

1253 1489 1487 1559 ostendissent
1502 1490 1540 1578 ii,
1569 1491 1630 1581 qui
1647 1490 1801 1580 primurn
1824 1483 2115 1586 μονοχρώματα,
2139 1492 2243 1560 dein·

1245 1594 1296 1675 ,cle
1311 1583 1540 1687 κατάγραφα
1560 1593 1764 1680 pinxerunt.
1802 1591 1862 1662 Sic
1885 1607 1916 1662 et
1934 1616 1975 1661 ex
1992 1593 2134 1684 optimis
2154 1593 2243 1662 scri-

1255 1693 1413 1781 ptoribus
1429 1693 1658 1784 concipienda
1675 1706 1725 1762 est
1743 1707 1837 1763 certa
1852 1694 2026 1787 quaedam
2044 1708 2078 1764 et
2098 1695 2242 1764 dicendi

1254 1807 1286 1862 et
1304 1793 1485 1862 iudicandi
1501 1794 1590 1864 ratio
1613 1789 1798 1878 stolidior,
1824 1819 1929 1887 quam
1954 1797 2132 1887 sequaris,
2154 1820 2243 1892 qua·
2325 1814 2347 1890 J

1253 1918 1393 1987 cunque
1408 1895 1504 1963 dere
1520 1895 1764 1964 disserendum
1777 1896 1897 1968 fuerit.
1935 1895 2090 1966 Proinde
2107 1899 2167 1991 qui
2184 1898 2242 1967 di-

1252 2010 1361 2063 sertos
1376 1999 1563 2086 scriptores
1578 1997 1615 2063 in
1632 1998 1795 2066 manibus
1811 1993 1955 2084 habent,
1979 2022 2093 2069 secum
2111 2023 2242 2090 expcn-

1252 2100 1354 2180 ‹laut,
1380 2098 1465 2188 quid
1486 2098 1524 2165 in
1541 2099 1665 2189 quovis
1684 2099 1904 2189 potissimum
1921 2101 2062 2184 mirari,
2084 2102 2241 2186 laudare,
2304 2106 2311 2117 ‘

1255 2198 1456 2291 imitarique
1473 2200 1602 2271 deceat.
1653 2198 1765 2268 Primi
1782 2202 1944 2270 omnium
1968 2215 2068 2287 sunt,
2093 2205 2134 2271 ad
2153 2227 2243 2296 quos

1252 2301 1512 2388 cognoscendos
1527 2300 1697 2370 invitatur
1711 2301 1890 2393 iuventus,
1915 2301 2046 2373 Poe’tae
2063 2329 2100 2374 ac
2118 2301 2242 2374 Histo-

1252 2401 1332 2469 rici:
1366 2425 1454 2493 quos
1478 2401 1540 2493 qui
1563 2402 1753 2492 voluptatis
1774 2417 1910 2473 tantum
1940 2429 2059 2491 causa,
2093 2406 2240 2497 perinde

1252 2515 1357 2594 atque
1388 2504 1428 2570 in
1451 2503 1625 2573 conviviis
1660 2499 1906 2592 citharistrias,
1940 2521 2140 2588 accersunt,
2173 2531 2241 2577 nae

1252 2605 1304 2671 illi
1329 2628 1548 2674 summorum
1577 2600 1762 2674 hominum
1788 2608 2066 2679 aestimationem
2089 2609 2242 2699 graviter

1251 2707 1407 2778 laedunt.
1457 2705 1547 2775 Nam
1571 2721 1605 2775 et
1626 2709 1791 2796 prodesse
1814 2708 1868 2776 illi
1885 2709 2046 2790 voluere,
2073 2725 2106 2781 et
2128 2713 2241 2782 bonas

1253 2821 1384 2876 mentes
1408 2807 1540 2896 optima
1564 2807 1785 2896 potissimum
1807 2811 1990 2882 delectant.
2043 2809 2105 2881 Est
2123 2814 2171 2884 ita
2194 2814 2240 2883 ab

1253 2909 1322 2977 illis
1349 2922 1382 2978 et
1404 2909 1547 2976 dicendi
1576 2911 1689 2978 forma
1720 2914 1888 3001 petenda,
1919 2927 1953 2982 et
1978 2915 2239 2984 observandum
2287 2998 2294 3007 Ι,

1251 3010 1336 3102 quid
1353 3012 1396 3077 de
1410 2984 1659 3080 com⁶munibus
1672 3013 1777 3082 rebus
1793 3014 1865 3083 lere
1882 3015 2126 3088 iudicaverint.
2153 3018 2240 3087 Sae-
2337 3096 2340 3103 ⁴

1252 3135 1293 3202 pe
1315 3111 1432 3180 ridere
1453 3112 1548 3181 soleo
1572 3109 1791 3181 Graecorum
1817 3113 2241 3187 Grammaticorumvul-

1250 3236 1332 3300 gns,
1361 3214 1424 3306 qui
1448 3215 1491 3281 ad
1510 3209 1771 3305 Physiologiam
1793 3225 1907 3282 totum
1928 3213 2075 3284 Homeri
2098 3242 2238 3287 carmen

1251 3315 1424 3400 referunt,
1456 3315 1616 3405 mireque
1637 3313 1703 3380 sibi
1723 3314 1881 3403 placent,
1908 3339 1986 3382 cum
2009 3339 2101 3384 nova
2125 3335 2237 3388 meta·

1252 3411 1432 3507 morphosi
1453 3415 1538 3483 belli
1559 3427 1746 3503 nugatores
1769 3438 1809 3482 ex
1827 3413 1910 3482 love
1933 3411 2090 3499 aethera,
2117 3419 2236 3488 exlu-

1253 3541 1344 3585 none
1362 3538 1477 3584 aerem
1495 3515 1646 3600 faciunt,
1673 3539 1762 3608 quae
1782 3539 1826 3582 ne
1851 3539 1913 3607 per
1935 3517 2062 3585 febrim
2081 3517 2237 3608 quidem,

1252 3642 1406 3711 unquam
1425 3617 1662 3687 somniaturos
1679 3631 1753 3686 erat
1771 3615 1959 3686 Homerus.
2011 3617 2156 3706 Quanto
2180 3643 2237 3688 sa-

1250 3721 1318 3788 tius
1334 3721 1447 3788 fuerat
1460 3743 1499 3786 ea
1515 3719 1672 3801 ostendi,
1698 3743 1787 3809 quae
1812 3720 1872 3787 ille
1888 3720 2077 3790 lectoribus
2095 3721 2238 3812 proprie

1251 3819 1475 3889 admirationi
1493 3843 1564 3889 esse
1580 3820 1715 3889 voluit?
1739 3822 1991 3911 proprietatem
2006 3845 2045 3891 ac
2067 3823 2181 3891 lucem
2198 3823 2237 3891 in

1250 3922 1476 4012 explicando,
1497 3923 1662 3991 carminis
1675 3918 1894 4013 οἰκονομίαν
1899 3974 1911 4007 ,
1939 3948 2019 3992 curn
2035 3925 2131 3992 varia
2149 3949 2238 3994 con-

1250 4025 1349 4106 silia,
1364 4023 1595 4092 varioscasus
1612 4024 1700 4092 miro
1715 4025 1841 4093 ordine
1856 4037 2022 4109 recenset,
2045 4050 2124 4094 cum
2139 4041 2237 4116 aptas

1250 4125 1448 4195 occasiones
1477 4127 1579 4194 novis
1602 4127 1785 4195 eventibus
1814 4130 2073 4211 accommodat,
2106 4142 2237 4221 quanta

1251 4230 1369 4296 decori
1384 4229 1548 4296 servandi
1563 4251 1659 4303 cura,
1686 4238 1816 4317 quanta
1832 4228 1876 4296 sit
1891 4229 1974 4298 item
1991 4230 2180 4299 verborum
2198 4255 2238 4301 ac

1250 4331 1440 4416 figurarum
1466 4328 1581 4416 copia,
1607 4328 1827 4420 varietasque
1850 4331 1894 4396 iis
1919 4330 2022 4414 locis,
2049 4331 2238 4424 inquibus

1251 4430 1401 4501 detineri
1430 4429 1596 4497 lectorem
1623 4428 1769 4498 volebat.
1834 4429 1941 4500 Vides
1963 4457 2067 4524 quam
2089 4434 2238 4503 minime

1248 4532 1375 4621 frigida
1400 4530 1445 4598 sit
1466 4543 1526 4598 aut
1551 4531 1668 4596 ieiuna
1693 4531 1875 4600 seditionis
1891 4533 2099 4623 descriptio,
2126 4536 2165 4602 in
2182 4560 2237 4603 se-

1249 4635 1365 4701 cundo
1383 4631 1523 4703 lliados.
1562 4629 1654 4699 Nam
1673 4645 1704 4699 et
1722 4649 1838 4701 motus
1854 4635 1927 4701 eius
1943 4636 2174 4717 occasionem,
2202 4652 2237 4708 et

1249 4737 1364 4822 ipsum
1383 4734 1479 4818 vulgi
1503 4734 1678 4815 furorem,
1705 4734 1886 4803 seditiosas
1902 4739 2124 4827 quorundam
2150 4763 2236 4807 con-

1249 4838 1376 4918 ciones,
1402 4835 1462 4926 qui
1481 4835 1701 4902 multitudini
1720 4837 1892 4927 frigidam,
1917 4839 2011 4929 quod
2028 4840 2140 4924 aiunt,
2161 4840 2237 4910 sufss

1248 4939 1462 5019 fundebant,
1486 4950 1521 5005 et
1537 4932 1720 5031 'l'hersitae
1744 4961 1876 5018 mores,
1899 4962 2108 5034 morumque
2131 4965 2236 5031 argu-

1248 5051 1425 5122 mentum,
1451 5039 1620 5122 formam,
1646 5040 1733 5108 duas
1755 5041 1836 5108 item
1867 5040 2088 5128 gravissimas
2111 5068 2235 5113 eorum

1248 5141 1445 5225 orationes,
1472 5141 1532 5233 qui
1556 5141 1797 5209 multitudinis
1821 5143 1956 5210 animos
1978 5147 2166 5230 sedabant,
2194 5148 2233 5214 in

1248 5244 1378 5335 quibus
1404 5238 1647 5310 vehementior
1669 5257 1718 5310 est
1738 5242 1900 5335 Ulyssea,
1925 5245 2039 5314 lenior
2058 5244 2235 5322 Nestorea.

1248 5343 1348 5413 Bone
1359 5343 1464 5429 Deus,
1478 5369 1583 5436 quam
1598 5344 1792 5435 perspicue,
1806 5369 1910 5437 quam
1924 5347 2076 5437 graviter
2091 5364 2234 5421 tractat:
