4756 6022
183 304 234 377 23
588 300 748 380 DECL
778 300 855 377 DE
889 299 1308 378 CORRIGENDIS
1336 295 1505 377 ADOL.
1538 297 1790 374 stultns.
2152 301 2204 377 24

188 468 274 568 quid
298 500 392 561 non,
424 475 562 566 plenius
583 499 624 545 ac
643 474 771 545 melius
784 470 984 570 Chrysippo
1005 489 1040 546 et
1058 473 1173 548 Cran·
1223 477 1262 544 in
1283 472 1398 543 vineis
1419 467 1586 562 Engaddi
1610 494 1777 567 cyperum
1806 469 2016 560 legerimus,
2047 484 2210 545 occurret

189 591 266 648 tore
283 578 379 649 dicit.
429 575 505 645 Hac
518 578 618 646 nulla
640 578 734 646 vitae
754 601 854 669 pars,
878 602 994 670 neque
1016 580 1174 670 publica,
1223 599 1372 668 sponsus
1389 575 1518 644 saliens
1534 598 1639 665 super
1655 587 1805 654 montes,
1821 573 2086 643 cttranssiliens
2103 598 2211 666 snper

189 703 305 772 neqne
322 679 457 770 privata
477 703 601 748 vacare
617 692 742 768 potest.
793 678 890 750 Huic
913 679 1174 752 administratio
1223 680 1349 766 colles,
1377 678 1503 746 ductos
1516 677 1555 745 iu
1575 673 1712 745 Palatia
1730 671 1834 744 Eden
1850 688 1947 780 p'ttn
1972 676 2086 755 mnia
2102 700 2209 747 succo

131 811 134 815 >
190 804 308 848 rerum
340 780 560 849 urbanarum
581 780 923 874 domesticarumque
945 783 1062 854 dehet.
1120 777 1175 850 Ac
1224 781 1362 872 liquido
1371 775 1412 873 ¹),
1425 779 1608 867 flagrante,
1619 776 1658 844 in
1674 777 1752 868 pios
1762 771 1791 870 ²)
1810 778 1949 846 animos
1963 778 2136 848 difluente
2152 778 2212 847 in·

189 882 308 950 nescio
324 904 371 950 an
386 880 524 950 minore
545 884 771 951 incommodo
794 884 950 953 mundus
973 878 1033 952 hic
1054 897 1174 953 noster
1223 896 1349 970 unget,
1372 904 1412 948 ac
1433 893 1547 949 morte
1570 868 1684 947 osculi
1705 878 1924 967 dignabitur.
1978 876 2081 948 lllius
2099 903 2213 947 mem-

191 980 285 1066 sole,
310 983 429 1051 animo
446 983 606 1053 videlicet
619 1006 683 1053 suo
708 985 883 1053 cariturus
898 985 961 1068 sit,
986 1008 1091 1077 quam
1114 979 1174 1053 bi·
1224 983 1298 1052 bris
1330 982 1457 1051 inserti
1488 982 1666 1064 vivemus,
1696 980 1928 1070 spirabimus,
1960 979 2214 1070 vegetabimur,

191 1083 318 1167 storia,
343 1083 501 1151 civilium
518 1085 745 1172 negociorum
758 1085 862 1158 ratio.
898 1083 1084 1155 Consensu
1098 1109 1174 1155 ma·
1224 1082 1313 1155 Sion
1328 1083 1624 1173 contemplantes,
1658 1094 1693 1151 et
1708 1081 1850 1152 silentio
1863 1074 2213 1176 κρυφιομύστῳὸει·

192 1185 308 1255 iorum
332 1197 536 1253 nostrorum
558 1186 771 1256 celebratum
793 1200 860 1265 est,
894 1185 1017 1255 Musas
1034 1211 1075 1254 ex
1097 1211 1173 1256 me·
1225 1187 1293 1253 lem
1316 1186 1514 1255 adorantes.
1573 1180 1643 1251 Hic
1670 1183 1830 1252 coelestis
1852 1183 2048 1274 sapientiae
2074 1184 2212 1253 fructus

192 1285 305 1355 moria
319 1301 420 1354 natas
436 1309 521 1357 esse.
570 1284 646 1370 Eo,
671 1287 712 1355 ni
725 1288 847 1371 fallor,
863 1288 1117 1376 significatum,
1132 1312 1173 1356 ex
1224 1301 1286 1359 cst.
1336 1282 1426 1360 Eam
1444 1286 1554 1375 igitur
1569 1308 1676 1376 quarn
1692 1284 1880 1375 purissime
1902 1308 1978 1354 non
2000 1284 2212 1376 interpolla-

191 1381 340 1457 historia
354 1409 460 1456 omne
470 1387 603 1457 artium
618 1411 728 1477 genus
743 1413 898 1462 manare.
948 1387 1175 1480 Complector
1224 1402 1296 1456 tam
1312 1387 1444 1457 nostris
1467 1386 1615 1474 argutiis
1632 1385 1801 1457 colamus.
1853 1383 1894 1455 ld
1921 1387 2017 1479 quod
2041 1410 2120 1456 cum
2144 1385 2212 1455 ali·

193 1512 275 1577 ergo
289 1484 543 1579 Philosophiae
558 1491 702 1559 nomine
716 1491 896 1559 scientiam
913 1505 1075 1574 naturae,
1097 1516 1174 1559 mo·
1225 1490 1362 1582 quoties
1384 1489 1538 1558 inculcat
1557 1484 1711 1571 Paulus,
1735 1501 1811 1557 tum
1835 1486 1872 1555 in
1897 1483 2060 1579 Epistola
2083 1489 2126 1556 ad
2145 1486 2214 1556 Ti·

193 1612 273 1658 rum
287 1590 461 1669 rationes,
487 1604 523 1659 et
536 1593 706 1683 exempla.
757 1590 898 1680 Quibus
914 1593 976 1686 qui
993 1606 1085 1663 recte
1107 1593 1175 1660 im·
1226 1605 1301 1659 tum
1323 1591 1446 1659 sedulo
1471 1616 1490 1658 a
1512 1583 1708 1659 Christiani
1731 1584 1889 1658 hominis
1908 1589 2071 1660 doctrina
2092 1588 2213 1678 exigit,

192 1691 299 1760 butus
331 1691 458 1776 luerit,
491 1692 553 1759 ille
575 1692 667 1762 viam
691 1694 760 1761 sibi
791 1696 837 1762 ad
867 1716 1006 1765 summa
1031 1694 1174 1762 muniit.
1225 1686 1487 1786 ἀδιαφθορίαν
1508 1690 1763 1779 integritatem,
1798 1685 1865 1760 hoc
1893 1703 1967 1775 est,
1996 1715 2042 1760 ne
2074 1690 2212 1761 lubrica

193 1789 323 1862 Causas
344 1807 486 1862 acturus
510 1788 655 1865 habebit
683 1797 780 1871 unde
808 1795 955 1863 divitem
985 1818 1103 1864 rerum
1134 1820 1175 1863 ac
1224 1793 1271 1862 sit
1287 1795 1382 1862 lides.
1434 1790 1574 1861 Deinde
1589 1784 1797 1884 σεμνότητα
1814 1786 2132 1872 mundiciem,hoc
2147 1805 2213 1877 est,

192 1894 345 1984 amplam
363 1895 560 1964 orationem
572 1897 717 1966 condat:
741 1895 931 1967 Civitatem
948 1897 1174 1965 administra·
1226 1918 1271 1963 ne
1298 1893 1424 1962 alienis
1450 1893 1564 1963 literis
1596 1893 1759 1983 improbe
1790 1915 1887 1963 sacra
1915 1893 2210 1966 contaminemus.

194 2007 315 2075 turus,
347 1998 442 2065 unde
461 1997 581 2088 aequi,
612 1997 719 2076 boni,
751 1999 835 2067 iusti
865 1999 1036 2067 formulas
1069 2011 1173 2088 petat.
1226 1991 1480 2088 Opinorquod
1499 1997 1660 2064 futurum
1679 1995 1832 2079 sciehat,
1856 1996 1885 2065 si
1902 1995 2009 2063 sacris
2025 1990 2213 2086 prophana

154 2144 165 2162 .
192 2094 371 2166 Nimirum
390 2093 1175 2189 baechilosophiaecommodaDemostheni
1227 2099 1477 2181 miscerentur,
1502 2097 1597 2176 fore,
1632 2109 1672 2165 ut
1704 2096 1811 2166 simul
1843 2091 2022 2188 prophani
2054 2097 2214 2182 affectus,

194 2198 388 2268 clarissimo
418 2194 566 2268 Oratori
594 2201 793 2285 vitasunt,
832 2225 894 2269 cur
917 2214 990 2270 tam
1016 2216 1176 2295 scemate
1226 2199 1327 2283 odia,
1352 2198 1468 2268 studia
1498 2197 1711 2281 lactionum,
1736 2193 1941 2282 schismata,
1963 2198 2096 2287 iurgia,
2126 2222 2214 2267 con·

193 2322 269 2367 eam
285 2299 504 2370 adulescenti
521 2302 661 2370 cuidam
683 2302 956 2371 commendarit:
977 2295 1104 2393 νόμιζε
1123 2295 1175 2374 δέ.
1225 2300 1345 2368 sertim
1367 2301 1606 2371 succederent.
1658 2296 1814 2368 Proinde
1837 2300 1899 2394 qui
1922 2301 2054 2369 divinis
2074 2299 2213 2369 initiari

191 2396 344 2493 Reliqua
360 2402 429 2492 ipsi
442 2397 633 2472 inErotico
648 2403 764 2493 legite.
803 2400 986 2473 M.Cicero
1001 2428 1176 2497 nusquam
1227 2402 1338 2485 volet,
1366 2395 1482 2469 Adam
1501 2400 1605 2469 illum
1620 2413 1774 2470 veterem
1789 2415 1895 2472 exuat
1913 2414 2072 2493 oportet,
2098 2414 2138 2471 ut
2154 2401 2213 2471 in·

190 2525 264 2571 non
291 2503 390 2572 dedit
411 2499 664 2595 Philosophiae
688 2505 840 2596 primas,
873 2518 908 2575 et
929 2505 1077 2575 audistis
1099 2503 1176 2595 opi·
1228 2503 1495 2594 corruptibilem
1519 2499 1637 2571 Adam
1667 2503 1812 2588 induat,
1844 2498 1914 2574 boc
1934 2515 2002 2587 est,
2035 2499 2214 2573 humanos

192 2626 280 2686 nor,
305 2604 393 2696 quid
408 2605 469 2673 ille
486 2605 524 2672 in
540 2606 804 2696 comparatione
815 2604 929 2677 Servii
945 2605 1117 2698 Sulpicii,
1139 2619 1176 2676 et
1227 2607 1390 2689 affectus,
1417 2605 1602 2696 ipsumque
1617 2604 1738 2675 callidi
1752 2606 1926 2697 serpentis
1939 2605 2062 2694 iugum
2084 2627 2211 2696 supera

192 2702 239 2792 Q.
260 2702 428 2775 Sccvolae
451 2704 640 2780 luriscons,
663 2709 841 2800 quendam
875 2700 998 2803 σοφόν
1019 2707 1174 2780 Romani
1227 2707 1357 2776 virtute
1385 2707 1542 2795 frangat,
1574 2706 1747 2792 excutiat,
1778 2718 1819 2777 ut
1851 2707 1889 2775 iu
1924 2707 2037 2796 gloria
2064 2704 2213 2777 Domini

191 2807 505 2894 cognominarunt,
530 2808 696 2878 admirati
721 2810 864 2879 uberem
887 2812 927 2879 in
948 2834 989 2879 eo
1009 2807 1176 2879 Philoso-
1227 2810 1499 2878 transformetur
1514 2807 1552 2874 iu
1566 2808 1731 2901 abyssum
1751 2808 1910 2902 abyssus.
1962 2805 2041 2877 Hoc
2065 2831 2148 2877 sane
2171 2807 2212 2877 in

191 2901 377 2998 phicarum
393 2934 511 2979 rerum
526 2910 720 2980 scientiam.
773 2909 908 2982 Verum
931 2913 1028 3005 quod
1050 2912 1096 2981 ad
1119 2935 1176 2981 sa·
1225 2933 1329 2980 causa
1352 2922 1427 2979 erat
1449 2933 1513 2978 cur
1534 2909 1687 2978 dicerem
1708 2934 1777 2980 usu
1799 2908 1982 2981 literarum
2007 2910 2211 2979 destitutam

192 3031 251 3075 cra
275 3008 419 3095 attinet,
454 3011 647 3098 plurimum
665 3002 778 3082 'refert
810 3014 988 3105 quomodo
1014 3013 1173 3084 animum
1226 3007 1437 3096 Ecclesiam,
1455 3034 1575 3103 veram
1593 3034 1633 3080 ac
1647 3033 1850 3099 germanam
1864 3012 2029 3105 pietatem
2046 3011 2213 3084 traditio-

192 3130 384 3209 compares.
435 3110 526 3180 Nam
542 3113 682 3205 siquod
700 3115 898 3185 studiorum
923 3138 1052 3205 genus,
1076 3139 1174 3186 sacra
1224 3113 1331 3183 nibus
1347 3107 1513 3182 humanis
1531 3112 1663 3185 alicubi
1678 3106 1842 3186 mutasse.
1886 3112 2079 3209 Postquam
2093 3107 2213 3181 homi-

191 3210 349 3301 proiecto
380 3212 602 3303 potissimum
631 3215 793 3304 ingenio,
823 3240 891 3286 usu
914 3229 948 3286 et
970 3242 1056 3303 cura
1086 3240 1175 3308 opus
1225 3238 1312 3285 num
1328 3226 1525 3283 commenta
1540 3214 1677 3305 placere
1700 3227 1909 3304 coeperunt,
1935 3229 1969 3286 et
1984 3238 2104 3284 amore
2125 3236 2213 3304 ope-

190 3306 334 3384 habent.
386 3309 450 3385 Est
465 3315 560 3383 enim
576 3317 667 3385 odor
680 3332 945 3405 unguentorum
961 3318 1097 3386 domini
1116 3342 1176 3387 su·
1225 3340 1305 3385 rum
1321 3328 1526 3385 nostrorum
1541 3316 1642 3408 victi,
1668 3316 1732 3407 pio
1755 3338 1884 3384 manna
1903 3311 2126 3406 Beelphegor
2145 3337 2212 3404 gu·

190 3436 255 3504 per
287 3408 523 3485 humanarum
555 3417 826 3509 disciplinarum
858 3432 1033 3490 aromata:
1073 3421 1175 3490 Duce
1224 3417 1407 3501 stavimus,
1421 3411 1665 3487 hominesnon
1668 3411 1897 3509 χριστοίεεεε
1907 3416 2097 3506 coepimus.
2112 3414 2213 3487 Haec

190 3511 347 3603 Spiritu,
375 3519 503 3587 comite
525 3517 656 3588 artium
680 3532 881 3590 nostrannn
905 3521 1021 3604 cultu,
1048 3522 1091 3589 ad
1119 3545 1174 3590 sa·
1226 3520 1331 3588 velim
1352 3519 1400 3588 ita
1415 3519 1531 3588 dicere
1550 3520 1687 3605 videar,
1712 3532 1753 3589 ut
1768 3519 1892 3588 sentio.
1944 3516 2068 3589 Sentio
2092 3532 2214 3588 autem

190 3637 247 3684 cra
263 3617 385 3685 venire
407 3619 500 3689 licet.
553 3618 655 3691 Sicut
670 3623 714 3689 ad
730 3619 985 3702 Herculianum
1004 3621 1174 3717 Synesius
1225 3621 1489 3690 omuinoaliud
1512 3616 1622 3705 nihil,
1648 3646 1755 3714 quam
1778 3624 1874 3714 quod
1892 3617 2124 3708 Evangelicae
2149 3643 2214 3689 ve·

189 3717 328 3788 scribit:
355 3716 569 3814 ἒρῥωμένως
583 3718 763 3816 εὐθυμῶς
775 3717 956 3817 διαβιώης
969 3719 1173 3818 φιλοσοφία
1225 3723 1321 3793 ritati
1342 3720 1519 3792 Ecclesiae
1541 3723 1691 3792 decretis
1722 3725 1912 3815 probatur,
1948 3723 2085 3813 eritque
2119 3716 2213 3790 mihi

185 3812 379 3912 χρώμενος
408 3821 444 3902 ἐς
470 3819 513 3894 τὸ
543 3822 653 3895 θεῖον
684 3818 937 3922 ποληγετούση
965 3819 1173 3925 ἀξιαγάστε.
1224 3824 1319 3916 quod
1333 3821 1487 3893 Hebraei
1504 3823 1630 3895 dicunt
1653 3838 1775 3905 ww&
1800 3839 1946 3906 namot
1959 3819 2105 3916 ruf).
2136 3819 2212 3892 Iam

189 3916 231 3988 ld
254 3923 283 3988 si
306 3924 364 3990 cui
387 3948 462 3991 non
485 3925 646 4008 videtur,
669 3928 797 4016 cogitet
821 3942 960 4020 praeter
980 3943 1116 3998 caetera
1140 3943 1174 4013 et
1225 3950 1269 3995 ne
1283 3927 1430 3995 obscure
1445 3924 1663 4016 intelligitis,
1687 3941 1858 4021 quantum
1874 3928 1919 3997 sit
1942 3927 1981 3994 in
1997 3924 2214 3994 renascenti·

189 4017 425 4091 oretchalcum
450 4047 468 4090 a
488 4023 609 4112 Tyriis
636 4026 673 4092 in
696 4030 818 4113 templi
842 4029 978 4121 Solymi
1001 4031 1171 4099 fabricam
1223 4030 1291 4098 hus
1307 4028 1434 4099 studiis
1449 4030 1641 4108 momenti,
1667 4042 1839 4121 qnantum
1857 4031 1900 4097 ad
1922 4028 2130 4098 excolendas
2146 4027 2211 4094 bo-

189 4121 357 4190 collatum
373 4145 458 4191 esse.
510 4121 729 4215 ltaquecum
740 4121 937 4216 Theologia
955 4133 1085 4218 partim
1096 4130 1172 4200 He·
1224 4127 1288 4200 nas
1316 4145 1452 4200 mentes
1483 4130 1710 4200 conducant?
1760 4129 1877 4219 Quem
1902 4142 1983 4199 'non
2011 4129 2211 4197 miserescat

188 4221 324 4305 braica,
349 4224 478 4313 partim
497 4221 632 4293 Graeca
651 4225 716 4310 sit,
742 4251 825 4294 nam
838 4226 961 4297 Latini
978 4233 1073 4300 rivos
1087 4233 1171 4302 illo·
1223 4232 1414 4323 superioris
1429 4230 1568 4314 aetatis,
1594 4256 1684 4323 quae
1708 4247 1780 4302 tam
1798 4232 1891 4302 clara
1909 4232 1988 4299 luce
2012 4231 2209 4299 studiorum

189 4346 269 4391 rum
299 4324 475 4409 bibimus,
507 4327 650 4414 linguae
679 4341 841 4398 externae
861 4331 1049 4399 discendae
1076 4349 1171 4420 sunt,
1223 4335 1378 4418 deserta,
1404 4333 1443 4400 in
1457 4331 1533 4402 orci
1550 4335 1729 4414 tenebras,
1753 4346 1788 4403 et
1802 4335 1920 4402 nescio
1936 4353 2023 4421 ques
2036 4332 2150 4400 faeces
2165 4330 2210 4398 li-

92 4456 103 4467 ·
188 4447 233 4491 ne
261 4426 369 4496 veluti
396 4423 507 4523 κωφὰ
528 4420 730 4522 πρόσωπα,
765 4455 845 4499 eum
871 4427 1065 4522 Theologis
1089 4459 1169 4525 aga·
1222 4449 1377 4505 terarum
1395 4433 1545 4502 incidit?
1596 4433 1713 4523 Quem
1729 4458 1801 4504 non
1818 4446 1936 4522 tangat
1955 4432 2079 4520 ingens
2097 4431 2211 4501 nostri

126 4548 136 4556 ·
188 4549 278 4597 mus.
331 4527 387 4598 lbi
416 4554 452 4600 se
477 4531 646 4620 splendor
678 4532 867 4602 verborum
901 4558 941 4603 ac
975 4538 1171 4627 proprietas
1222 4537 1332 4606 seculi
1350 4536 1548 4618 calamitas,
1571 4540 1665 4629 quod
1684 4551 1718 4605 et
1738 4535 1885 4605 vetustis
1907 4530 2119 4604 authoribus
2145 4558 2211 4602 no-

187 4629 338 4717 aperiet‚
366 4647 399 4704 ct
424 4645 574 4723 patescet
590 4633 686 4700 velut
709 4634 802 4703 intra
819 4636 1015 4708 meridiana
1039 4640 1168 4709 cubilia
1222 4638 1383 4707 stratium
1414 4638 1551 4707 incuria
1583 4640 1746 4708 orbatum
1773 4651 1843 4719 est,
1878 4635 2008 4705 deinde
2042 4638 2139 4730 quod
2171 4629 2211 4705 hi

187 4752 291 4798 verus
319 4733 380 4800 ille
410 4758 449 4802 ac
476 4734 653 4822 genuinus
677 4734 798 4804 literae
820 4760 953 4813 sensus.
1002 4739 1168 4812 Proxime
1221 4765 1363 4832 quoque
1383 4741 1473 4809 lucri
1496 4740 1658 4808 fecissent
1673 4763 1713 4807 ex
1735 4739 1859 4820 bonis,
1886 4738 1923 4805 ni
1939 4740 2126 4828 periissent
2154 4736 2209 4804 illi

185 4854 267 4899 cum
284 4832 421 4902 literam
441 4835 676 4925 percepimus,
701 4862 889 4930 sequemur
909 4837 1095 4911 elenchum
1112 4869 1168 4913 re-
1219 4841 1419 4912 desiderati.
1481 4840 1649 4931 Superest
1671 4840 1797 4928 igitur,
1823 4837 1990 4920 iuvenes,
2023 4853 2062 4908 ut
2083 4839 2209 4908 audia—

185 4956 278 5004 rum.
330 4933 514 5006 Facesseut
532 4938 600 5005 iam
622 4951 677 5007 tot
698 4941 844 5029 frigidae
864 4944 1056 5030 glossulae,
1081 4970 1167 5014 con·
1219 4945 1282 5024 tis,
1309 4970 1512 5038 quanquam
1537 4945 1582 5014 ita
1596 4957 1634 5012 'se
1653 4966 1707 5011 res
1723 4936 1868 5025 habeat,
1897 4957 1930 5011 et
1946 4941 2104 5011 difficilia
2127 4942 2210 5023 sint,

186 5036 409 5119 cordantiae,
443 5038 717 5124 discordantiae,
752 5044 834 5113 etsi
861 5061 1052 5135 quaesunt
1077 5048 1165 5116 aliae
1219 5072 1308 5138 quae
1325 5042 1472 5139 pulchra
1488 5061 1590 5132 sunt,
1614 5058 1732 5114 tamen
1749 5043 1797 5113 ita
1815 5046 1931 5114 vincet
1945 5044 2121 5112 industria
2138 5043 2209 5111 dil-

186 5134 319 5221 ingenii
344 5162 513 5207 remorae.
576 5137 695 5233 Atqu'e
718 5169 797 5211 cum
819 5146 957 5214 animos
982 5151 1024 5216 ad
1050 5151 1166 5218 fontes
1229 5207 1421 5218 -..-.,,

183 5237 456 5321 contulerimus,
480 5235 662 5311 Christum
678 5267 798 5332 sapere
812 5246 1039 5336 incipiemus,
1064 5275 1164 5318 man·
1253 5301 1279 5360 1)
1298 5295 1513 5350 §universam
1534 5295 1610 5348 cm,
1631 5305 1691 5348 m,
1726 5299 1734 5350 1
1767 5297 1784 5348 9

183 5340 305 5408 datum
335 5341 411 5459 cius
444 5342 601 5411 lucidum
634 5345 740 5412 nobis
763 5348 838 5429 liet,
872 5362 907 5417 et
927 5366 1067 5420 nectare
1099 5351 1162 5420 illo
1248 5377 1670 5451 2)re,t‚rmp1as‚mendose;
1691 5335 1757 5449 pusi>
1778 5337 2094 5443 icribendumtnptos.

182 5439 284 5511 beaw
307 5445 450 5514 dmm
471 5445 663 5535 mpiemiae
687 5449 951 5535 perfundemuss
1011 5450 1060 5522 ΑῘ
1081 5477 1161 5521 cum
1247 5484 1275 5552 8)
1293 5485 1404 5540 Potius:
1424 5473 1508 5537 'll-mli
1530 5480 1636 5535 rtattot
1659 5484 1738 5551 rtstt,
1759 5491 1822 5535 sunt
1838 5482 1910 5536 euim
1930 5479 2013 5536 verba
2029 5477 2100 5531 Pssl.
2118 5478 2151 5532 91
2181 5470 2199 5527 l
