4732 6030
135 274 221 402 aas
677 328 835 404 naen.
878 328 953 405 nn
986 326 1267 406 aeconio
1302 324 1613 401 renueras.
2112 326 2189 401 soe

139 504 293 593 cipetum
312 525 438 591 magna
456 527 497 572 ex
521 516 621 594 parte
642 505 903 576 transtulerunt
923 508 965 575 ad
982 503 1135 598 Episco·
1185 524 1246 567 ora
1262 493 1447 569 horridior
1463 516 1531 583 est,
1558 500 1677 593 itaque
1691 499 1870 593 plerisque
1887 499 1974 569 locis
1989 525 2027 570 re
2053 524 2182 594 pecua-

139 628 216 696 pos,
240 626 392 696 quorum
407 605 469 673 din
486 605 632 676 fuerunt
647 607 815 699 aequiora
833 608 992 698 imperia,
1015 624 1048 679 01
1065 609 1133 676 mi.
1184 603 1237 670 ria
1259 615 1505 672 sustentantur
1525 597 1700 675 homines.
1752 601 1947 691 Noriberga
1965 627 2068 685 vero,
2096 628 2179 675 nam

140 729 205 774 nus
229 705 423 793 periculosa
448 706 616 780 libertati,
670 707 755 777 Pars
780 710 934 798 regionis
959 724 992 779 01
1017 708 1133 800 Burg.
1185 699 1276 771 hanc
1293 728 1435 797 qnoque
1459 705 1497 772 in
1520 728 1582 773 ora
1596 703 1767 773 Franciae
1789 718 1883 775 recte
1897 705 2064 775 collocari
2081 707 2178 775 ariri·

138 806 268 896 graviis
281 804 601 897 Noribergensibus
615 833 737 901 parere
752 812 883 902 coepit,
908 812 1072 897 invitata,
1094 826 1134 883 ut
1184 819 1270 888 troc,
1297 805 1402 875 floret
1419 830 1498 875 cum
1513 806 1760 876 excellentium
1775 806 1951 876 artificum
1969 807 2180 900 frequentia,

14 986 22 995 ,
136 908 286 994 opinor,
319 924 354 979 et
385 910 573 980 nobilitate
598 925 632 982 et
660 912 790 983 virtute
820 913 989 985 familiae.
1041 912 1132 984 Nam
1183 924 1260 976 tom
1272 921 1487 993 mercatura,
1512 933 1602 1000 qnae
1625 932 1699 977 non
1716 908 1889 983 absimilis
1904 922 1954 977 est
1973 911 2178 980 oeconomi·

134 1008 505 1100 BurggraviiGoellis
526 1011 715 1096 quisunt,
741 1015 884 1107 quavix
906 1030 958 1085 en
980 1016 1133 1085 ullave.
1182 1033 1259 1077 cae:
1294 1004 1413 1079 evehit
1433 1010 1528 1079 enim
1552 1010 1728 1081 artificum
1754 1033 1880 1101 opera,
1915 1033 1979 1079 nec
2004 1011 2080 1078 sine
2112 1007 2177 1082 bac

135 1114 268 1181 tustior
283 1112 322 1180 in
339 1111 532 1199 Germania
557 1115 745 1200 nobilitas,
769 1116 909 1210 fuitque
933 1142 997 1208 par
1021 1117 1131 1186 nobi·
1182 1109 1426 1198 negociatione
1450 1126 1676 1204 suppeterent
1697 1113 1871 1182 artificum
1896 1112 2046 1180 officinis
2078 1136 2176 1182 sum·

137 1213 229 1283 litati
253 1215 382 1284 virtus:
408 1239 547 1305 possem
569 1217 666 1284 enim
690 1242 967 1287 commemorare
990 1221 1130 1299 multos,
1183 1227 1275 1301 ptus.
1327 1211 1448 1301 Quare
1471 1227 1506 1282 rt
1529 1209 1595 1285 hoc
1618 1237 1730 1304 genus
1754 1228 1970 1284 mercaturae
1993 1212 2176 1285 aPlatone

136 1316 270 1408 quires
287 1316 457 1385 maximas
475 1335 666 1407 gesserunt,
690 1322 751 1388 sed
770 1334 949 1409 praetereo
965 1337 1130 1393 caeteros.
1183 1317 1365 1384 laudatum
1393 1329 1426 1384 et
1451 1320 1637 1386 autoritate
1661 1318 1779 1405 legum
1802 1316 1840 1384 in
1863 1314 2018 1405 Digestis
2041 1318 2177 1404 gravis-

137 1415 277 1486 Atheni
292 1418 465 1488 fortitudo
481 1432 516 1488 et
529 1418 704 1490 foelicitas
721 1420 758 1489 in
780 1423 920 1511 praeliis
940 1437 1037 1493 tanta
1052 1424 1132 1507 fnit,
1181 1417 1269 1484 sime
1305 1417 1574 1507 comprohatum
1610 1431 1673 1490 est·
1725 1417 1769 1486 lu
1804 1441 1886 1507 agro
1920 1416 2175 1507 Bantbetgettsi

137 1532 178 1589 ut
198 1515 405 1589 Germanici
420 1515 572 1590 Achillis
595 1524 807 1613 cognomine
823 1525 1029 1599 celebretur.

241 1650 311 1722 Nec
328 1676 413 1722 vero
434 1654 585 1724 extincta
606 1655 746 1726 suntin
767 1658 900 1727 nostris
924 1653 1129 1730 hominibus

138 1755 255 1825 studia
279 1755 439 1838 virtutis,
474 1757 630 1825 etiamsi
651 1758 722 1828 fata
750 1760 940 1851 imperium
963 1758 1129 1851 Europae

136 1857 181 1924 ad
212 1855 298 1925 alias
339 1873 460 1946 gentes
497 1860 768 1931 transtulerunt.
829 1859 920 1929 Nam
952 1864 1128 1954 equitatus

135 1954 346 2042 Francicus,
373 1958 498 2047 peritia
516 1961 566 2027 rei
586 1961 769 2040 militaris,
795 1963 1001 2050 disciplina,
1027 1965 1129 2032 forti-

135 2060 279 2143 tudine,
304 2082 432 2147 genere
457 2083 655 2144 armornm,
680 2087 755 2130 non
780 2063 870 2130 cedit
893 2063 1041 2156 reliquis
1064 2089 1129 2134 na·

135 2159 294 2229 tionibus
320 2157 565 2249 Germanicis,
591 2186 686 2254 quae·
708 2164 866 2256 equitatu
890 2165 1034 2252 pollent.
1087 2165 1128 2235 ln

135 2260 339 2331 civitatibus
365 2285 448 2329 vero
474 2261 605 2331 iudicia
630 2263 765 2353 legibus
790 2279 822 2334 et
841 2265 919 2336 iure
938 2268 1127 2338 constituta

135 2375 232 2451 sunt,
254 2385 338 2451 gens
352 2362 426 2451 ipsa
442 2386 521 2431 cum
538 2379 662 2434 natura
682 2380 777 2436 amat
790 2368 992 2453 candorem,
1009 2371 1127 2454 fidem,
1181 2432 1190 2448 ,

134 2464 329 2548 iusticiam,
363 2463 627 2550 liberalitatem,
659 2482 735 2536 tum
764 2493 847 2538 vero
874 2470 1065 2542 domestica
1093 2486 1127 2542 et

133 2564 277 2656 publica
300 2565 489 2656 disciplina
511 2569 554 2635 ad
576 2566 741 2639 virtutem
766 2582 800 2640 et
820 2573 939 2641 omnia
958 2569 1122 2642 hnmani-

134 2667 213 2737 tatis
230 2667 344 2736 officia
359 2667 533 2737 asscreberi
552 2669 652 2741 solet.
703 2670 867 2767 Cumque
891 2674 1033 2765 ingenia
1056 2676 1127 2745 sint

134 2769 282 2838 minime
300 2770 434 2855 fucata,
460 2770 517 2840 vix
540 2771 701 2844 invenias
725 2776 813 2846 alibi
841 2776 1014 2849 firmiores
1037 2778 1128 2847 ami-

135 2870 246 2940 citias.

235 3003 314 3078 Etsi
337 3020 454 3075 autem
478 3005 516 3071 in
535 3018 632 3074 tanta
649 3009 877 3097 corruptione
901 3012 1125 3100 publicorum

133 3132 275 3179 morum
294 3107 427 3195 ubique
444 3105 639 3192 plurimum
656 3121 707 3176 est
721 3109 900 3191 vitiorum,
927 3124 1045 3180 tamen
1064 3115 1125 3182 nbi

132 3211 254 3278 minor
269 3217 319 3273 est
336 3205 495 3291 ignavia,
521 3211 739 3278 consuetudo
762 3210 895 3280 laboris
914 3214 1024 3283 multa
1041 3214 1124 3283 vitia

133 3320 245 3390 arcet,
279 3318 314 3376 et
334 3307 448 3376 adfert
476 3301 684 3378 horninibus
705 3312 899 3397 duritiem,
937 3329 977 3385 nt
1008 3317 1126 3386 minus

133 3421 300 3500 appetant
330 3406 551 3478 inconcessas
578 3410 776 3501 voluptates
809 3432 843 3484 et
874 3416 1008 3490 luxum.
1060 3418 1126 3488 Est

133 3524 252 3580 autem
267 3524 414 3598 utraque
429 3507 554 3578 Moeni
578 3510 654 3601 ripa
670 3516 863 3585 admodum
886 3518 985 3588 ferax
1002 3532 1035 3589 et
1048 3521 1126 3587 cnl-

134 3624 186 3694 ta,
216 3634 325 3704 quare
348 3606 476 3680 Franci
503 3611 738 3701 agriculturae
759 3618 870 3686 dediti
893 3634 988 3694 scant.
1045 3619 1124 3690 Hoc

133 3712 253 3782 durati
280 3713 401 3782 labore
431 3712 552 3782 luxum
585 3734 851 3804 aspernantur„
870 3744 910 3789 ac
932 3744 1058 3811 magna
1083 3747 1123 3792 ex

132 3827 232 3904 parte
247 3827 315 3899 est,
340 3827 380 3884 ut
397 3814 458 3883 ille
476 3814 608 3908 inquit:

235 3949 363 4021 Nostra
379 3974 527 4039 opernm
545 3951 690 4038 patiens,
718 3975 898 4047 parvoque
913 3967 1048 4024 assueta
1066 3953 1125 4022 iu-

133 4065 272 4124 ventus.
323 4051 498 4122 Nonnulli
524 4065 557 4120 et
585 4069 817 4122 mercaturam
850 4070 1030 4136 exercent,
1062 4056 1121 4123 scd

133 4153 245 4243 magis
268 4155 393 4224 crebro
408 4153 691 4239 oeconomicam,
712 4179 803 4247 qnae
819 4156 911 4224 vitae
929 4156 1122 4225 necessaria

135 4270 187 4325 est
204 4270 237 4326 et
252 4258 353 4347 plena
370 4251 611 4328 hirmanitatis.
663 4253 762 4345 Quid
781 4269 833 4324 est
850 4258 945 4325 enim
961 4257 1123 4327 laudabi-

133 4356 223 4440 lius,
248 4373 281 4429 et
298 4360 389 4427 vitae
404 4358 547 4442 utilius,
574 4382 680 4450 quam
697 4357 868 4426 devinciri
890 4360 985 4428 inter
997 4383 1033 4427 se
1059 4353 1124 4425 bo-

133 4461 249 4528 mines
278 4473 401 4529 mutua
433 4483 552 4528 tertam
582 4459 855 4529 necessariarum
884 4461 1123 4531 covornunica-

134 4563 256 4632 tione?
289 4560 407 4632 Huius
420 4561 472 4630 rei
488 4562 626 4653 copiam
641 4562 708 4631 soli
730 4562 892 4631 fertilitas
913 4564 1123 4651 suppeditat,

132 4666 228 4756 qnod
246 4663 414 4734 frumenti
429 4676 568 4733 tantum
584 4665 706 4752 gignit,
732 4678 772 4732 ut
789 4665 916 4733 vicinis
933 4666 1037 4735 etiam
1055 4667 1128 4732 im·.

132 4766 339 4857 partiamus.
376 4764 510 4834 Vinum
525 4777 642 4833 autem
658 4766 803 4835 uberius
818 4770 909 4854 apud
929 4789 994 4834 nos
1008 4767 1124 4835 nasci·

1182 1517 1269 1587 mira
1294 1532 1345 1589 est
1361 1513 1548 1593 hortorum
1572 1521 1767 1589 amoenitas
1786 1533 1820 1589 et
1834 1520 2013 1603 fertilitas,
2040 1521 2077 1588 in
2094 1521 2176 1613 qui·

1181 1621 1248 1691 bns
1275 1618 1420 1704 sinon,
1452 1633 1492 1690 ut
1518 1620 1556 1688 in
1581 1618 1725 1691 Alcinoi
1762 1615 1875 1691 hortis
1907 1622 2037 1711 punica
2070 1623 2175 1705 mala,

1179 1721 1236 1791 tici
1271 1735 1305 1792 et
1336 1723 1434 1792 oleae
1455 1737 1671 1807 nascuntur,
1703 1738 1822 1793 tamen
1849 1723 1974 1810 ingens
1995 1738 2049 1795 est
2072 1725 2173 1816 copia

1180 1823 1376 1893 multorum
1391 1824 1591 1908 fructuum,
1618 1825 1680 1918 qni
1697 1825 1789 1893 vitae
1803 1838 1887 1894 sunt
1901 1825 2027 1910 utiles..
2068 1821 2115 1896 Et
2132 1839 2172 1897 nt

1180 1939 1335 1993 caeteros
1361 1924 1543 2009 omittam,
1574 1926 1764 1996 latissimos
1794 1949 1937 2016 cavnpos
1966 1922 2173 2023 γλυκυρίζα

1181 2038 1346 2116 occupat,
1378 2026 1479 2095 cuius
1502 2050 1649 2116 magnus
1675 2042 1726 2098 est
1748 2048 1833 2097 usus
1855 2029 1894 2097 in
1911 2028 2034 2097 multis
2057 2051 2172 2098 reme-

1179 2126 1259 2198 diis.
1312 2124 1474 2221 Cumque
1490 2142 1611 2218 gentes
1625 2130 1771 2221 propius
1786 2130 1830 2197 ad
1846 2130 1982 2199 Arcton
1999 2132 2172 2199 acceden-

1178 2241 1250 2308 tes,
1290 2242 1434 2320 propter
1460 2230 1592 2320 frigora
1616 2246 1651 2303 et
1680 2232 1987 2320 intemperantiam
2018 2227 2174 2304 habeant

1180 2330 1375 2401 crebriores
1394 2344 1525 2414 tusses,
1546 2348 1580 2404 et
1603 2335 1880 2418 destillationes,
1905 2348 1940 2404 ει
1960 2334 2171 2426 pulmonum

1180 2435 1424 2515 incommoda,
1451 2435 1581 2527 quibus
1596 2438 1759 2506 medetur
1780 2436 1930 2504 maxime
1952 2430 2172 2534 γλυκυρίζα,

1180 2534 1332 2605 multum
1351 2536 1482 2605 debent
1498 2536 1608 2606 vicini
1623 2552 1765 2607 nostrae
1780 2537 1929 2625 regioni,
1954 2561 2044 2629 quae
2058 2561 2173 2608 remc-

1178 2636 1279 2705 dium
1293 2636 1343 2705 eis
1361 2637 1683 2728 praesentissimum
1707 2638 1920 2726 suppeditat.
1971 2632 2036 2705 Est
2058 2652 2091 2706 et
2113 2659 2172 2709 ars

1178 2760 1218 2806 ac
1239 2738 1329 2807 ratio
1345 2740 1486 2809 colendi
1507 2738 1615 2829 digna
1637 2739 1893 2821 admiratione,
1917 2762 2007 2830 quae
2024 2733 2173 2809 adhibe-

1179 2840 1300 2910 turin
1324 2840 1517 2931 plantanda
1540 2855 1575 2911 et
1597 2843 1822 2932 propaganda
1846 2834 2068 2939 γλυκυρίζαε
2096 2864 2172 2910 cer-

1179 2954 1229 3012 tat
1248 2941 1345 3011 enim
1360 2966 1418 3013 ars
1435 2968 1517 3013 cum
1532 2957 1659 3013 natura
1675 2944 1822 3012 mirifica
1838 2941 2086 3012 aemulatione.

1277 3091 1459 3163 Hactenus
1472 3095 1516 3162 de
1531 3083 1645 3182 gentis
1660 3093 1812 3182 ingeniis
1825 3117 1866 3163 ac
1879 3092 2051 3180 moribus,
2078 3108 2110 3165 et
2127 3096 2172 3165 de

1178 3195 1244 3264 soli
1267 3196 1424 3265 bonitate
1444 3196 1599 3265 breviter
1619 3196 1714 3279 dixi,
1742 3219 1830 3290 quae
1852 3189 2040 3290 Physicam
2065 3192 2173 3265 babet

1178 3306 1316 3365 calisam
1339 3321 1414 3365 non
1438 3299 1636 3367 obscuram.
1687 3294 1856 3379 Utenim
1884 3309 2041 3367 caeterae
2055 3298 2173 3389 regio·

1176 3421 1257 3483 nes,
1284 3423 1374 3492 quae
1389 3413 1558 3494 tanquam
1574 3397 1683 3466 valles
1700 3398 1976 3489 praecinguntur
1989 3401 2172 3469 montibus

1176 3525 1215 3569 ac
1244 3499 1353 3589 ingis,
1384 3500 1513 3570 melius
1540 3499 1736 3588 irrigantur
1759 3500 1930 3571 defluenti
1951 3525 1992 3569 ex
2022 3502 2171 3571 saltibus

1179 3602 1300 3691 pingui
1327 3598 1495 3689 humore,
1529 3602 1576 3671 ita
1604 3617 1637 3671 et
1661 3600 1808 3670 Francia
1834 3602 1872 3671 lit
1890 3601 2054 3687 uberior,
2084 3626 2170 3694 pro-

1177 3704 1289 3773 cincta
1311 3698 1396 3772 hinc
1419 3705 1510 3772 saltu
1525 3702 1559 3772 T
1563 3702 1721 3792 oringico
1729 3754 1741 3787 ,
1769 3703 1874 3772 istinc
1897 3703 1989 3773 saltu
2006 3702 2177 3777 Suevico.'

1178 3800 1222 3873 Et
1247 3806 1382 3893 rigatur
1406 3802 1614 3875 fluminibus
1638 3803 1824 3873 ambitiose
1842 3829 1921 3874 eam
1947 3807 2171 3895 pervaganti·
2214 3826 2219 3833 '

1178 3908 1263 3990 bus,
1290 3904 1442 3990 Moeno,
1469 3906 1634 3989 'l'nbaro,
1658 3904 1767 3990 Laso,
1792 3902 1979 3994 Regnicio.

1274 4049 1448 4121 Nonnihil
1467 4065 1500 4120 et
1515 4051 1680 4119 coelestes
1697 4074 1820 4121 causae
1834 4052 2004 4123 adiuvant
2019 4055 2084 4124 soli
2101 4056 2169 4125 bo·

1176 4151 1324 4221 nitatem
1352 4167 1386 4222 et
1410 4147 1597 4221 hominum
1612 4153 1765 4241 ingenia.
1828 4151 1920 4223 Cum
1938 4157 2031 4225 enim
2049 4156 2169 4227 Ptole·

1176 4276 1298 4323 maeus
1319 4256 1503 4324 universae
1519 4251 1734 4324 Germaniae
1749 4256 1916 4326 attribuat
1935 4258 2088 4350 primum
2104 4260 2169 4330 tri·

1175 4355 1320 4446 genum,
1336 4357 1501 4427 videlicet
1519 4357 1686 4441 Arietem,
1706 4355 1863 4427 Leonem
1877 4373 1911 4428 et
1926 4358 2169 4449 Sagittarium,

1175 4484 1216 4528 ac
1236 4459 1407 4549 adiungat
1430 4454 1785 4540 οὶκοδεσποτοῦντας
1808 4458 1928 4530 lovem
1946 4476 1980 4531 et
2003 4461 2170 4550 Martem,

1176 4557 1304 4630 horum
1321 4562 1538 4631 vismaxima
1553 4564 1656 4630 estin
1673 4563 1787 4631 media
1807 4560 2013 4638 Germania.
2052 4564 2169 4634 Fran·

1175 4663 1227 4732 cia
1247 4678 1363 4733 autem
1389 4665 1461 4731 fere
1481 4664 1670 4732 umbilicus
1696 4679 1745 4734 est
1770 4661 1994 4736 Germaniae.
2047 4666 2168 4756 Quare

1174 4779 1209 4836 et
1232 4766 1346 4835 solum
1365 4765 1484 4833 minus
1500 4779 1550 4834 est
1569 4761 1777 4849 horridum,
1802 4790 1883 4835 cum
1906 4792 1924 4834 a
1944 4766 2046 4858 love,
2076 4785 2110 4839 et
2127 4782 2168 4840 ut

134 4881 204 4951 tur,
226 4890 335 4959 quare
352 4867 474 4956 procul
492 4866 530 4933 in
548 4866 709 4955 regiones
723 4869 937 4961 longinquas
951 4863 1124 4940 evehitur.
1174 4868 1327 4957 oppositi
1350 4865 1520 4954 trianguli
1541 4880 1667 4936 natura
1685 4867 1771 4950 fert,
1796 4891 1815 4935 a
1832 4866 1972 4939 Venere
1994 4885 2168 4964 tempere-

135 4967 206 5038 Pro
231 4963 298 5037 hoc
319 4969 427 5036 selem
452 4982 486 5039 et
510 4967 651 5037 metalla
675 4971 788 5039 nostri
810 4964 995 5043 revehunt.
1045 4966 1122 5038 Etsi
1175 4983 1244 5040 tur.
1295 4965 1343 5040 Et
1367 4970 1482 5038 studia
1502 4992 1687 5060 moresque
1711 4961 1899 5038 hominum
1921 4996 1992 5041 non
2018 4975 2167 5044 obscure

134 5083 253 5141 autem
270 5091 380 5139 venae
394 5070 470 5138 anri
486 5084 590 5163 atque
604 5072 738 5157 argenti
753 5075 846 5163 apud
863 5096 927 5140 nos
944 5073 1122 5140 interdum
1175 5070 1361 5140 imitantur
1380 5069 1473 5138 lovis
1496 5085 1530 5140 et
1552 5070 1680 5139 Martis
1701 5084 1881 5140 naturam:
1909 5089 1991 5143 sunt
2015 5077 2110 5145 enim
2129 5078 2165 5144 in

135 5171 388 5255 inveniuntur,
427 5184 544 5240 tamen
572 5172 686 5241 nostri
716 5174 871 5242 contenti
899 5175 1123 5262 agricultura,
1174 5173 1415 5261 gubernandis
1430 5172 1632 5242 civitatibus
1650 5197 1745 5242 acres
1760 5190 1793 5243 et
1806 5174 2110 5268 industrii,leges
2133 5192 2167 5249 et

136 5298 211 5343 non
228 5288 430 5343 scrutantur
446 5296 515 5345 eas.
550 5273 698 5343 Ferrum
716 5288 853 5344 tantum
869 5291 997 5345 eruunt
1013 5290 1049 5345 et
1063 5300 1122 5343 ex·
1174 5275 1417 5368 disciplinam,
1441 5276 1560 5367 siqua
1585 5275 1700 5366 natio,
1728 5277 1838 5345 nostri
1863 5280 2014 5347 maxime
2037 5293 2167 5364 amant,

135 5390 314 5470 coquunt,
350 5377 445 5468 quod
471 5376 583 5463 magis
610 5377 847 5446 necessarium
877 5389 929 5447 est
960 5380 1003 5446 ad
1030 5377 1123 5447 vitae
1173 5377 1352 5466 ignaviam
1370 5377 1529 5447 iudicant
1546 5400 1619 5447 esse
1640 5379 1900 5470 turpissimam,
1926 5405 2035 5474 quare
2059 5381 2166 5450 nobi-

134 5502 238 5566 usus,
264 5493 297 5552 et
320 5476 498 5572 copiosius
520 5477 634 5568 gignit
653 5490 774 5550 nostra
794 5474 905 5569 regio.
955 5477 1123 5551 Extrema
1173 5478 1219 5548 lis
1238 5479 1404 5552 iuventus
1426 5479 1577 5552 militiae
1598 5481 1727 5572 cupida
1749 5493 1818 5564 est,
1848 5494 1882 5552 et
1903 5482 2033 5573 passim
2052 5496 2166 5554 castra
