4756 6022
159 203 212 279 so
605 195 766 277 unct.
803 194 880 271 uu
919 138 1156 275 srt'uuo
1185 187 1539 269 oocrumau
1580 187 1742 268 ratu.
2143 199 2203 275 40

164 399 235 470 quo
246 373 450 443 discrimine
467 371 540 464 ipse
556 370 698 464 quidem
714 364 783 438 hoc
797 369 876 440 loco
892 369 1062 455 dicerem,
1086 367 1158 438 nisi
1210 380 1286 434 tum
1311 366 1402 434 male
1429 364 1588 435 consciae
1609 367 1739 436 mentis
1757 389 1886 457 pavor,
1909 368 2041 461 quibus
2059 371 2203 461 qnando

164 471 414 546 dehortaretur
435 472 632 563 argumenti
655 472 854 540 difficultas.
914 471 1063 550 Verum,
1090 467 1158 540 hoc
1211 491 1334 550 nemo,
1359 480 1398 537 ut
1421 464 1573 551 Paulus,
1604 469 1787 551 medetur,
1813 483 1954 539 nonest
1976 495 2039 540 cnr
2057 471 2204 541 alterins

52 617 56 622 .
165 578 273 646 velim
301 577 469 646 omnibus
492 571 703 643 Christianis
734 574 912 643 mentibus
938 595 1157 663 persuasum,
1209 570 1386 637 desideres
1417 571 1557 658 epodas.
1617 566 1707 637 Nam
1736 569 1948 640 saevientem
1973 571 2203 663 cupiditatem

190 700 310 749 rorsus
326 678 422 748 aliud
440 698 511 744 esse
521 670 849 754 Christianismum,
876 699 981 767 quam
997 675 1053 742 vel
1070 668 1157 741 Phi·
1208 669 1269 737 alii
1292 693 1354 759 per
1384 669 1478 758 leges
1500 664 1686 739 cohercere
1715 671 1870 743 student.
1927 669 1997 741 llic
2016 668 2200 744 Christum

165 702 383 870 losephiam,
409 777 465 845 vel
479 789 683 846 nostrorum
709 769 895 844 hominum
912 771 1156 863 Tlreologiam.
1208 771 1309 838 illum
1325 783 1486 840 nostrum
1503 765 1664 855 exhibet,
1689 772 1752 864 qui
1775 771 1814 839 in
1834 768 1901 843 hoc
1916 797 2056 844 carnem
2072 775 2202 858 induit,

165 877 249 950 Atia
263 880 307 948 ad
322 878 489 947 virtutem
505 877 561 947 via
575 889 646 960 est,
669 875 760 944 alius
775 878 951 945 bonorum
968 877 1066 960 linis,
1087 876 1156 943 alia
1210 886 1249 940 ut
1272 874 1439 962 expiaret.
1496 870 1619 964 Neque
1640 873 1808 962 praecipit
1829 876 1936 944 modo·
1954 876 2202 965 imperandum

167 975 322 1049 hominis
334 973 523 1069 εὐθυμία,
543 1001 648 1069 quam
664 977 869 1065 praescribit
881 975 1030 1062 Paulus,
1051 1001 1156 1070 quam
1209 973 1350 1058 animo,
1375 975 1436 1040 sed
1452 995 1532 1040 eum
1548 973 1725 1056 ostendit,
1751 975 1815 1065 qui
1831 975 1924 1043 vires
1936 978 2042 1046 addat
2058 976 2202 1065 pericli-

165 1103 256 1174 quae
276 1073 578 1169 Philosophorum
607 1072 738 1147 scholis
766 1081 923 1150 docetur.
988 1078 1158 1147 Miseram
1209 1073 1311 1147 tanti.
1369 1072 1442 1142 lam
1473 1097 1557 1142 vero
1587 1075 1643 1142 vel
1665 1099 1778 1144 unum
1804 1076 1923 1165 profer
1944 1077 2008 1168 qui
2029 1077 2203 1162 docuerit,

164 1178 343 1272 Rempub.
366 1174 625 1264 Christianam,
662 1203 753 1272 quae
784 1180 858 1270 ipsa
882 1179 937 1248 sui
957 1180 1085 1260 oblita,
1118 1178 1156 1246 in
1209 1175 1387 1267 quomodo
1412 1175 1503 1244 male
1526 1176 1701 1245 consciam
1715 1191 1891 1266 mentem,
1919 1178 1955 1245 id
1972 1181 2068 1268 quod
2086 1179 2202 1270 pluri·

64 1362 70 1374 Ι
166 1282 300 1352 alienas
319 1275 456 1350 scholas
478 1282 621 1350 detrusa
646 1293 717 1364 est,
750 1280 822 1350 imo
847 1303 937 1373 quae
958 1281 1054 1349 iuxta
1071 1279 1159 1348 scri·
1210 1300 1308 1344 mum
1324 1276 1362 1344 in
1378 1276 1484 1344 rebus
1496 1272 1710 1346 Christianis
1724 1279 1849 1356 refert,
1873 1279 2077 1348 consoleris.
2117 1277 2202 1349 Non

166 1394 324 1473 pturam,
357 1371 593 1451 contubernio
617 1379 877 1465 Moabitidnm,
909 1381 1060 1451 alienam
1085 1381 1159 1449 lin·
1209 1400 1298 1468 nego
1331 1399 1404 1446 esse
1431 1376 1544 1462 lucos,
1579 1379 1709 1470 quibus
1742 1378 1919 1449 adflictam
1951 1381 2203 1451 conscientiam

166 1506 289 1574 guam,
320 1483 431 1553 oblita
455 1484 605 1572 patriae,
636 1482 773 1553 didicit.
836 1481 953 1570 Quam
979 1483 1159 1551 calamita·
1210 1477 1401 1547 consoleris
1432 1478 1526 1547 etin
1557 1480 1706 1572 reliquis
1725 1480 1918 1570 scripturae
1945 1482 2203 1568 voluminibus,

166 1598 238 1654 tem
266 1607 341 1652 non
373 1584 477 1652 video
501 1585 559 1654 cui
580 1584 788 1666 debeamus,
828 1585 897 1652 nisi
923 1585 1057 1651 insanis
1083 1583 1158 1653 istis
1210 1581 1270 1648 sed
1294 1579 1548 1659 subobscuros,
1580 1593 1613 1650 et
1636 1605 1788 1674 qnorum
1811 1583 1931 1650 nullus
1954 1605 2038 1654 usus
2062 1584 2203 1654 iuturus
2286 1607 2290 1612 ·

166 1683 349 1773 Magistris
376 1688 524 1769 nostris,
564 1685 625 1778 qui
660 1709 696 1754 se
731 1686 913 1774 imperitae
944 1686 1158 1776 plebeculae,
1210 1693 1302 1762 erat,
1334 1681 1404 1748 nisi
1429 1703 1448 1748 a
1471 1679 1584 1750 Paulo
1610 1683 1777 1752 illustrati
1798 1698 1921 1751 essent.
1976 1682 2018 1752 ln
2036 1680 2202 1755 humanis

167 1786 335 1855 ementito
360 1787 542 1869 doctrinae
565 1785 691 1871 titulo,
725 1787 920 1860 venditant.
973 1786 1158 1856 Praetereo
1209 1781 1380 1851 doctrinis
1412 1803 1501 1869 nego
1530 1806 1604 1851 esse
1632 1785 1673 1852 in
1706 1784 1932 1867 uuiversum,
1973 1786 2038 1876 qui
2065 1787 2204 1857 sauciae

167 1910 274 1981 quam
290 1888 455 1955 adcurate
468 1889 595 1958 formet
613 1887 744 1956 Paulus
758 1911 881 1957 omnes
897 1883 1082 1957 hominum
1099 1911 1159 1956 or·
1209 1882 1320 1951 menti
1338 1885 1469 1951 mederi
1488 1883 1609 1972 possit.
1661 1883 1736 1954 lmo
1759 1885 1847 1977 quid
1861 1899 1970 1973 agunt
1984 1888 2083 1955 alind
2097 1883 2204 1957 scho-

167 1988 288 2072 dines,
339 1986 541 2078 Principes,
591 1984 803 2079 Episcopos,
844 1990 1007 2073 iuvenes,
1049 2012 1159 2072 senes,
1209 1984 1269 2051 lici
1298 1982 1512 2065 doctorculi,
1543 2009 1651 2077 quam
1681 1998 1721 2055 ut
1743 1986 1921 2057 adflictam
1949 1991 2201 2059 conscientiam

167 2103 364 2158 matronas:
404 2112 485 2156 nam
516 2084 603 2158 haec
640 2091 787 2159 fortasse
816 2093 1019 2160 communia
1052 2086 1160 2160 habet
1211 2106 1353 2174 prorsus
1377 2085 1623 2156 excarnificent
1642 2099 1676 2156 et
1693 2088 1864 2157 enecent?
1893 2088 1932 2159 id
1947 2091 2042 2180 quod
2059 2105 2204 2161 estoce-

167 2212 249 2259 cnm
275 2191 354 2258 aliis
381 2191 489 2257 sacris
508 2191 747 2281 scriptoribus.
807 2189 910 2262 Hanc
932 2193 1158 2263 sibilaudem
1210 2210 1293 2254 nere
1319 2186 1356 2252 in
1380 2187 1544 2255 formulis
1566 2210 1730 2272 casuum,
1758 2189 1926 2274 summis,
1959 2215 2046 2282 quas
2062 2205 2202 2273 vocant,

47 2290 53 2301 '
167 2291 313 2381 proprie
338 2290 512 2374 vindicat,
546 2295 640 2383 quod
665 2294 795 2381 gratiae
820 2294 993 2382 originem
1016 2318 1055 2362 ac
1074 2317 1158 2382 pro·
1209 2289 1247 2355 in
1263 2287 1539 2356 satisfactionum
1555 2290 1785 2374 adversariis,
1808 2304 1841 2360 et
1855 2292 1973 2360 nescio
1990 2292 2202 2384 quibusnu-

168 2393 413 2483 pagationcm,
439 2393 597 2484 adeoque
610 2395 741 2484 peccati
757 2408 790 2464 et
806 2395 891 2480 legis
909 2395 981 2462 vim
998 2394 1157 2472 excussit,
1209 2390 1261 2478 gis
1277 2388 1366 2460 aliis.
1419 2385 1589 2458 Sauciant
1602 2404 1640 2460 et
1658 2392 1750 2459 male
1765 2414 1870 2460 sanae
1886 2391 2098 2464 Pontificum
2113 2419 2201 2464 con-

168 2517 258 2584 quos
287 2492 508 2583 potissimum
541 2494 635 2564 locos
667 2495 781 2564 abeo
811 2495 982 2588 requires.
1039 2491 1158 2586 Atque
1209 2490 1432 2573 stitutiones,
1467 2503 1506 2558 ut
1521 2490 1615 2559 iures
1629 2491 1748 2563 verius
1764 2494 1935 2586 sanguine
1948 2494 2202 2585 scriptasPon-

168 2588 413 2676 haecomnia,
446 2619 551 2685 quam
572 2595 689 2684 gravi,
724 2621 829 2688 quam
851 2597 1024 2680 dilucida,
1052 2620 1157 2687 quam
1211 2592 1365 2673 tificum,
1392 2614 1496 2682 quam
1512 2588 1686 2669 Draconis
1704 2589 1934 2663 Atheniensis
1948 2596 2051 2686 leges.
2091 2595 2201 2686 Quod

169 2694 319 2783 eleganti
342 2693 504 2762 oratione
528 2697 772 2788 persequitur?
823 2694 984 2767 Breviter
1000 2699 1158 2789 quidem,
1209 2714 1319 2782 genus
1348 2694 1534 2762 doctorum
1568 2708 1649 2782 apte
1687 2711 1789 2765 vocat
1821 2693 2021 2767 Hieremias
2051 2701 2201 2790 aspides,

168 2798 227 2864 sed
244 2795 291 2865 ita
314 2810 355 2865 ut
375 2789 467 2862 nihil
484 2797 593 2880 desit,
618 2811 658 2867 ut
680 2820 854 2890 nusquam
872 2821 944 2867 non
960 2799 1158 2867 satisfaciat.
1209 2801 1297 2886 quae
1331 2792 1432 2861 nullo
1459 2794 1614 2862 carmine
1647 2795 1743 2863 vinci
1775 2814 1917 2888 queant.
1984 2798 2200 2893 Quanquam

168 2894 315 2966 Periclis
330 2897 526 2966 orationem
540 2897 642 2968 aiunt
656 2899 844 2968 solitamin
860 2899 1159 2970 auditorumani-
1209 2899 1300 2963 bone
1330 2890 1444 2978 Deus,
1472 2918 1646 2985 nusquam
1676 2897 1858 2967 meliorem
1887 2924 2032 2973 navasse
2053 2926 2200 2991 operam
2242 2928 2247 2933 ·

131 3002 138 3015 ⁰
167 2998 236 3065 mis
260 3011 398 3067 tenaces
425 3001 597 3089 quosdam
621 3001 760 3070 aculeos
791 3001 1009 3093 relinquere:
1053 2994 1159 3067 huius
1208 2997 1276 3065 sibi
1293 2989 1820 3086 scholica'l'heologiavidetur,
1845 3002 2198 3091 quaminconscien-

169 3098 240 3169 dici
260 3121 334 3167 non
358 3111 494 3191 potest,
525 3113 567 3170 ut
588 3101 720 3184 flectat,
753 3118 794 3173 ut
815 3116 946 3186 verset,
972 3115 1014 3172 ut
1034 3101 1160 3191 rapiat,
1208 3099 1276 3169 tiae
1292 3119 1450 3169 censura.
1496 3095 1654 3167 Proinde
1668 3100 1814 3169 iuvenes
1827 3098 1971 3171 Christo
1987 3104 2200 3193 inaugurati,

167 3213 209 3270 ut
224 3198 421 3266 inflammet
436 3198 583 3285 legentis
597 3203 767 3293 animum.
813 3202 918 3273 Dolet
933 3202 1160 3286 conscientia,
1208 3197 1378 3269 Paulinae
1400 3195 1653 3291 Philosophiae
1676 3202 1815 3275 animos
1837 3203 2009 3287 addicite,
2034 3206 2104 3274 nisi
2124 3229 2201 3275 non

168 3299 389 3370 consolatur:
423 3299 590 3370 sollicitat
609 3303 784 3391 cupiditas
807 3305 973 3391 genialis,
998 3317 1101 3374 vocat
1120 3303 1160 3370 in
1209 3313 1260 3370 est
1281 3299 1383 3368 vobis
1403 3299 1498 3367 salus
1514 3313 1629 3370 vestra
1650 3327 1766 3376 curae.
1813 3299 1909 3373 Hinc
1922 3303 2073 3372 formam
2089 3302 2200 3376 Chri-

168 3401 283 3484 viam,
312 3399 440 3470 retinet
470 3424 515 3469 nc
543 3402 642 3470 irena
673 3404 766 3471 laxes
795 3405 1006 3492 aegrescenti
1029 3405 1160 3486 animo,
1207 3401 1341 3469 stianae
1353 3399 1466 3484 vitae,
1492 3396 1576 3471 hiuc
1591 3403 1792 3475 animorum
1812 3405 1954 3489 solatia,
1978 3400 2063 3474 hinc
2078 3430 2199 3476 rerum

50 3522 61 3545 ·
168 3503 270 3571 illum
295 3501 410 3590 ipsum
433 3514 584 3573 ostentat
602 3499 801 3583 Christum,
825 3505 885 3596 qui
909 3518 1035 3574 servet.
1087 3504 1155 3575 De·
1208 3503 1369 3570 omnium
1392 3515 1467 3571 tum
1493 3502 1716 3591 divinarum,
1752 3521 1826 3577 tum
1850 3501 2083 3575 humanarum
2101 3507 2197 3575 iudi·

168 3605 278 3696 niqne
307 3601 475 3694 quicquid
511 3606 719 3674 morborum
753 3606 911 3675 anisuum
943 3609 1083 3695 fatigat,
1113 3607 1158 3674 ab
1208 3604 1300 3671 cium
1321 3602 1436 3693 petite.
1488 3601 1632 3673 Etenim
1653 3607 1869 3679 iuventutem
1889 3608 1925 3675 in
1943 3608 2065 3697 primis
2081 3610 2201 3692 refert,

168 3698 236 3774 hoc
257 3716 334 3793 pete
360 3716 649 3791 praesentaneum
672 3708 880 3780 remedium.
939 3707 1063 3798 Neque
1084 3708 1159 3776 ulla
1208 3701 1300 3773 nihil
1318 3706 1516 3796 antiquins,
1544 3703 1635 3775 nihil
1656 3707 1755 3797 prius
1779 3713 1909 3779 ducere
1923 3704 2126 3780 Christiana
2141 3711 2199 3778 di-

167 3821 241 3878 tam
256 3801 537 3874 elficaxPanacea
555 3822 623 3890 est,
642 3833 746 3899 quam
759 3806 909 3877 Paulina
923 3809 1055 3892 oratio,
1077 3811 1157 3877 md·
1208 3807 1377 3897 sciplina,
1403 3829 1421 3872 e
1444 3831 1512 3898 qua
1537 3832 1601 3877 ceu
1619 3810 1788 3879 siaticum
1806 3811 1978 3882 foeliciter
2001 3813 2199 3901 transigen-

169 3909 243 3977 lum
268 3907 433 3975 adversus
451 3909 615 3978 veneficia
635 3922 706 3980 tam
729 3909 882 3979 salutare
900 3910 1019 4006 Moly,
1053 3934 1158 4002 quam
1209 3910 1273 3977 dae
1292 3908 1382 3975 vitae
1399 3920 1507 3998 paret.
1558 3908 1683 4003 Neque
1703 3912 1798 3979 enim
1814 3913 1890 3981 fieri
1905 3926 2036 4005 potest,
2056 3926 2097 3982 ut
2114 3938 2200 4005 pro·

168 4011 334 4078 adversus
358 4008 469 4074 animi
494 4013 635 4080 morbos
652 4009 751 4081 Pauli
772 4012 945 4087 doctriua.
995 4010 1157 4082 Platoni-
1208 4011 1252 4078 be
1281 4008 1446 4080 instituas
1474 4009 1601 4095 vitam,
1637 4024 1678 4081 ut
1701 4013 1875 4082 foeliciter
1905 4015 2094 4102 transigas,
2127 4015 2202 4083 nisi

168 4134 249 4178 cum
278 4102 494 4175 Charmidea
524 4113 667 4190 morbo,
701 4112 818 4178 nescio
852 4138 943 4202 quo,
978 4114 1158 4183 levaturus
1207 4110 1367 4182 Paulinis
1398 4110 1527 4192 literis,
1566 4115 1753 4183 adversum
1783 4114 1931 4185 insidias
1962 4116 2201 4205 pertinacissi-

169 4208 350 4282 Socratcs,
376 4206 505 4294 clccplex
529 4209 660 4278 indicat
675 4211 889 4293 remedium,
915 4228 949 4284 et
963 4214 1155 4294 radiculam
1209 4237 1350 4283 morum
1373 4206 1527 4281 hostium
1548 4212 1699 4284 Satanae
1723 4205 1900 4289 etc'a'rnis.
1951 4215 2124 4310 Reliquas
2139 4243 2200 4287 ar-

169 4309 347 4401 quandam
381 4318 415 4375 et
452 4305 770 4389 incantamentum,
807 4326 994 4404 censetque
1034 4338 1157 4401 parum
1208 4326 1260 4381 tes
1289 4313 1425 4380 omneis
1455 4313 1510 4381 vel
1541 4330 1765 4385 contemnere
1790 4317 1888 4386 licet:
1930 4314 2099 4402 Paulina,
2128 4320 2200 4390 nisi

169 4409 390 4500 profuturam
412 4407 605 4475 radiculam
629 4410 716 4479 citra
741 4410 1061 4493 incantamentum,
1087 4437 1159 4495 seu,
1200 4437 1306 4503 *spem
1328 4437 1469 4481 omnem
1496 4417 1619 4486 salutis
1645 4417 1824 4502 abiecisti,
1857 4418 1988 4507 negligi
2012 4444 2086 4489 non
2115 4446 2202 4513 pos-

169 4522 209 4579 ut
222 4505 407 4577 Platonico
421 4520 502 4576 utar
516 4511 643 4594 verbo,
670 4512 757 4580 citra
775 4512 923 4599 epoden.
973 4510 1158 4583 Porrora-
1208 4530 1302 4586 sunt.
1353 4510 1401 4584 Et
1415 4511 1739 4606 Episcoposadniti
1756 4521 1921 4603 decebat,
1944 4534 1984 4590 ut
2000 4514 2086 4591 haec
2100 4538 2202 4593 terre·

169 4610 325 4679 diculam
342 4607 593 4697 interpretatur
614 4611 897 4702 temperantiam:
924 4617 1063 4704 epodon
1079 4610 1158 4703 phi·
1209 4627 1302 4699 rent,
1328 4638 1403 4682 non
1419 4619 1527 4685 niodo
1550 4619 1612 4710 qui
1629 4622 1779 4691 studiosi
1803 4635 1991 4703 vocantur,
2016 4624 2076 4691 sed
2094 4625 2201 4717 plane

168 4704 387 4802 lpsophicam
420 4709 639 4795 doctrinam,
677 4714 754 4782 sine
782 4736 870 4807 qua,
911 4739 1158 4808 quamcunque
1208 4718 1412 4786 universnm
1433 4711 1677 4790 Christianum
1696 4723 1834 4812 vulgus.
1891 4719 2200 4795 DecebatAcade-

170 4812 263 4881 vitae
287 4809 459 4879 rationem
485 4810 600 4897 ineas,
627 4813 795 4883 incertam
817 4827 853 4884 et
873 4815 1073 4887 instabilem
1092 4842 1158 4906 pu-
1207 4820 1295 4886 mias
1328 4810 1419 4884 nihil
1441 4820 1574 4888 maiore
1603 4846 1685 4893 cura
1709 4848 1750 4893 ac
1768 4824 2057 4911 studiordocere,
2091 4851 2205 4919 quam.

170 4925 221 4986 tat
249 4914 417 4982 futuram.
483 4910 627 4998 Quanto
657 4916 809 5004 amplius
843 4917 1000 5004 precium
1031 4943 1157 5006 operae
1208 4915 1275 4989 boc
1292 4941 1400 5006 genus
1416 4920 1493 5011 pias
1508 4921 1645 5008 literas,
1670 4950 1758 5018 quas
1773 4927 1923 4997 barbara
1938 4940 1974 4997 et
1986 4929 2200 4999 coniusanea

168 5016 325 5085 facturus
347 5034 401 5095 es,
431 5010 616 5083 simorbis
636 5018 748 5085 animi
770 5016 1021 5100 medicaturus,
1055 5019 1156 5089 Pauli
1207 5020 1412 5111 disciplina,
1433 5017 1699 5116 Philosophiam
1726 5028 1785 5097 isti
1809 5028 1977 5100 ementito
2001 5029 2105 5101 titulo
2125 5055 2201 5099 uo-

170 5115 331 5185 doctrina
353 5127 471 5194 utare,
496 5125 593 5184 tanto
610 5118 795 5207 quibusvis
815 5118 937 5208 epodis
952 5121 1156 5206 efficaciore,
1206 5136 1303 5193 cant:
1338 5122 1538 5194 forensibus
1552 5127 1636 5198 item
1654 5128 1796 5221 litibus,
1829 5145 1865 5202 et
1886 5132 2201 5224 sordidaquadam

169 5229 303 5310 quanto
313 5213 428 5283 divini
445 5214 590 5301 spiritns
599 5218 671 5300 vis,
696 5213 862 5289 humanis
874 5233 1026 5310 praestat
1039 5222 1156 5290 omui·
1206 5217 1458 5313 Philosophiae
1480 5231 1638 5315 aemula,
1671 5224 1888 5321 Theologia,
1913 5233 2063 5303 maiores
2085 5233 2206 5302 nostri

168 5318 247 5392 bus.
307 5315 401 5390 Sunt
427 5313 540 5383 animi
564 5318 702 5403 morbi,
735 5332 810 5390 turn
835 5321 950 5391 carnis
972 5323 1156 5414 cupiditas,
1205 5339 1408 5412 mutarunt,
1447 5327 1607 5418 χαλκέα,
1650 5331 1680 5399 si
1717 5331 1789 5401 diis
1829 5335 1961 5424 placet,
1997 5327 2206 5425 χρυσείων..
