4732 6030
156 263 233 342 808
642 243 806 323 DECL.
839 244 914 321 DE
944 243 1142 324 LAUDE
1174 245 1359 323 VITAE
1391 243 1716 325 SCHOLAST.
2131 261 2211 336 304

142 450 279 512 menta
300 434 402 507 utilia
424 431 468 500 ad
492 422 680 512 religiones
698 435 732 493 et
748 422 840 514 leges
858 421 1153 512 interpretandas,
1310 416 1448 492 Omnes
1475 427 1586 491 sanae'
1609 434 1745 491 mentes
1766 421 2019 498 incredibilem
2044 429 2211 525 volupta-

159 544 253 641 parit
267 538 445 614 Medieos,
476 542 512 598 et
535 524 667 597 iudicia
691 527 885 597 multorum
909 525 1058 610 format,
1090 521 1155 617 qui
1207 538 1278 595 tem
1310 524 1583 615 percipiuntur
1617 523 1776 596 veritatis
1805 527 2009 618 agnitioue;
2047 556 2132 604 nam
2163 540 2210 609 ad

160 653 201 721 in
221 647 299 716 foro
322 652 356 708 et
376 629 532 721 negociis
556 643 753 703 versantur.
815 624 888 698 Aso
912 624 1154 698 Iurisconsul·
1209 623 1300 695 banc
1328 627 1567 718 aspiciendam
1591 626 1744 696 maxime
1764 628 1900 699 conditi
1922 648 2006 705 sunt
2032 630 2211 716 homiues.

161 769 217 826 rus
257 735 469 833 gubernavit
507 754 672 821 magnam
699 730 821 802 ltaliae
860 742 1009 819 partem.
1083 727 1155 797 Nee
1207 729 1311 800 Hanc
1331 729 1551 821 voluptatem
1574 730 1611 797 iu
1627 725 1759 798 scholis
1775 729 1909 803 multae
1926 757 2050 806 causae
2066 756 2211 832 augent.

160 869 277 925 tamen
304 842 423 910 minus
450 839 495 906 de
517 834 659 926 Repub.
684 847 841 903 meretur
865 831 1052 914 Bartolns,
1093 829 1155 921 qui
1207 830 1370 903 Primum
1407 832 1503 901 enim
1542 854 1669 920 magna
1710 831 1762 900 ibi
1794 832 1925 904 artium
1957 840 2107 912 varietas
2138 859 2210 917 est:

159 957 198 1025 in
221 942 342 1019 schola
369 955 508 1013 tantum
531 938 628 1006 visit.
680 931 870 1027 Philippus
888 933 1054 1003 Medicus
1071 928 1157 1002 Ale·
1208 934 1371 1003 omnium
1413 934 1682 1024 disciplinarum
1728 934 1945 1025 professores
1975 965 2049 1011 esse
2080 947 2212 1030 solent,

158 1051 288 1129 xandri
305 1044 496 1117 exercitum
514 1052 652 1110 secutus
669 1053 737 1120 est,
761 1064 799 1107 ac
816 1035 949 1126 Regem
966 1038 1081 1127 ipsum
1101 1037 1157 1103 in·
1209 1036 1272 1128 qui
1293 1037 1432 1106 consuli
1460 1049 1608 1127 possunt
1632 1036 1670 1104 in
1694 1036 1853 1129 qualibet
1875 1053 1968 1127 arte3
2004 1058 2056 1114 est
2080 1062 2114 1117 et
2136 1051 2212 1119 fre-

161 1156 258 1251 geuti
286 1146 443 1242 periculo
468 1141 645 1212 liberavit.
697 1139 821 1233 Neque
842 1139 1155 1209 tarueuminnsde
1209 1140 1352 1231 quentia
1375 1138 1606 1222 discentium,
1642 1136 1775 1231 inqua
1800 1164 1926 1232 magna
1953 1145 2208 1222 dissimilitudo

160 1257 302 1350 Repub.
325 1262 480 1319 meretur
505 1242 682 1325 Galenus,
713 1243 776 1335 qui
798 1243 939 1312 nullum
965 1240 1157 1309 exercitum
1209 1254 1261 1309 est
1290 1242 1519 1330 ingeniorum
1549 1254 1583 1309 et
1614 1240 1842 1312 iudiciorum.
1918 1242 2038 1335 Quare
2067 1265 2206 1324 nostras

163 1374 303 1435 secutus
328 1367 398 1436 est,
429 1350 487 1419 sed
510 1347 549 1416 in
574 1341 694 1416 schola
710 1346 858 1430 assedit,
886 1357 919 1413 et
936 1341 1076 1434 scripsit
1092 1344 1158 1411 do·
1210 1345 1439 1433 cogitationes
1452 1368 1531 1413 cnm
1545 1343 1668 1413 multis
1682 1345 1844 1414 conferre
1859 1369 2056 1436 possumus,
2082 1355 2208 1426 audire

163 1464 400 1537 ctrinaesuae
416 1461 659 1520 monumenta.
1210 1447 1298 1539 quid
1313 1447 1376 1515 alii
1391 1446 1567 1529 iudicent,
1594 1445 1726 1514 imitari
1741 1447 1887 1518 meliora
1904 1454 2075 1544 exempla.
2112 1453 2208 1529 Hinc

264 1560 357 1633 Cum
381 1556 489 1645 igitur
511 1575 585 1622 uon
609 1548 705 1619 aliud
731 1547 823 1618 vitae
846 1571 957 1638 genus
973 1548 1098 1618 utilius
1113 1544 1158 1614 sit
1211 1550 1306 1618 enim
1338 1562 1390 1618 est
1416 1549 1478 1616 illa
1506 1548 1599 1638 apud
1626 1545 1823 1618 Hesiodum
1843 1550 1986 1623 laudata
2012 1559 2208 1646 eontentio,

142 1665 284 1762 'generi
306 1658 484 1741 humano,
510 1669 570 1725 aut
593 1650 704 1741 magis
720 1650 976 1734 necessarium,
1001 1664 1061 1719 aut
1077 1672 1158 1717 san·
1211 1654 1256 1721 de
1278 1676 1347 1745 qna
1371 1652 1474 1734 dicit,
1514 1650 1673 1719 vicinum
1696 1674 1717 1719 a
1741 1650 1861 1720 vicino
1882 1656 1925 1722 ad
1951 1655 2095 1727 divitias
2120 1685 2208 1750 pro-

164 1773 274 1853 ctius,
300 1786 407 1857 quarn
427 1759 499 1827 vita
514 1751 739 1836 scholastica,
765 1752 848 1821 satis
865 1752 1017 1842 intelligi
1035 1763 1158 1843 potest,
1213 1767 1375 1844 perante,
1401 1751 1556 1824 invitari.
1612 1750 1768 1845 Ideoque
1782 1754 1875 1845 apud
1892 1751 2102 1849 Euripidem
2121 1787 2208 1834 vere

164 1872 262 1945 bunc
283 1890 356 1938 esse
382 1858 724 1953 praestantissimum
747 1854 839 1924 vitae
863 1856 1023 1943 gradum.
1082 1850 1159 1922 Hac
1212 1857 1345 1925 dictum
1362 1870 1431 1940 est,
1457 1854 1782 1925 communicatione
1798 1855 2007 1948 opinionum
2022 1861 2059 1929 iu
2076 1886 2206 1952 magna

166 2000 247 2045 vera
271 1970 375 2039 laude
399 1962 534 2032 moveri
557 1963 651 2030 bona
674 1956 816 2046 ingenia
839 1958 957 2042 decet,
987 1970 1027 2026 ut
1049 1954 1160 2043 magis
1211 1959 1408 2052 frequentia
1425 1968 1580 2048 repertas
1595 1979 1668 2026 esse
1682 1970 1784 2028 artes.
1835 1955 1884 2030 Et
1897 1956 2020 2032 Cicero
2036 1964 2102 2048 ait,
2128 1989 2205 2036 ma-

165 2088 284 2150 ament
297 2071 406 2140 vitam
420 2060 677 2144 scholasticam,
696 2073 729 2128 ει
746 2055 938 2128 adhibeant
953 2059 1110 2128 studium
1126 2068 1160 2125 et
1212 2083 1317 2150 gnam
1343 2061 1415 2129 vim
1441 2060 1480 2128 in
1504 2059 1672 2128 discendo
1694 2054 1826 2129 habere
1846 2062 2003 2132 studium
2020 2067 2207 2137 conferen-

166 2175 385 2267 diligentiam
410 2169 553 2257 dignam
577 2177 673 2234 tanta
700 2162 936 2252 professione,
972 2173 1005 2229 et
1032 2171 1160 2229 orueut
1212 2164 1268 2247 di,
1294 2165 1389 2256 quod
1411 2154 1610 2255 συζήτησιν
1633 2175 1735 2232 vocat
1749 2161 1836 2254 ipse.
1888 2161 1939 2234 Et
1954 2163 2127 2238 Salomon
2144 2171 2206 2243 ait:

167 2306 244 2354 eam
273 2273 417 2369 optimis
445 2270 614 2338 moribus.
673 2263 771 2352 Quid
802 2279 855 2334 est
886 2263 981 2332 enim
1012 2262 1160 2352 turpius,
1212 2264 1363 2334 Ferrum
1391 2266 1486 2333 ferro
1515 2264 1672 2350 acuitur,
1712 2263 1761 2333 ita
1788 2263 1845 2333 vir
1872 2267 2046 2339 excitatur
2075 2295 2093 2340 a
2118 2272 2205 2344 viro.

166 2407 274 2481 quarn
296 2375 393 2472 quod
418 2371 521 2442 multi
545 2370 582 2438 iu
604 2364 733 2437 scholis
751 2367 799 2435 ita
815 2368 967 2455 degunt,
993 2365 1160 2455 primum,
1213 2367 1395 2455 Significat
1423 2366 1517 2435 euim
1546 2380 1624 2436 tum
1647 2366 1832 2436 admoneri
1855 2367 1997 2460 ingenia
2020 2374 2208 2446 collatione

166 2504 301 2559 utnon
326 2476 527 2564 intelligant
544 2496 646 2541 snum
663 2469 836 2554 oflicium;
864 2468 1011 2550 deinde,
1039 2481 1078 2535 ιιι
1093 2462 1160 2535 hoc
1213 2470 1442 2539 consiliorum
1465 2480 1569 2560 atque
1593 2468 1827 2559 opinionum,
1862 2485 1936 2542 tum
1958 2475 2126 2566 exemplis
2147 2501 2208 2547 ex·

167 2589 284 2662 ocium
301 2578 496 2653 literarium
514 2575 687 2644 collocent
705 2572 741 2639 iu
761 2560 982 2662 turpissimas
996 2570 1161 2659 volupta·
1213 2572 1325 2642 citari.
1390 2570 1541 2658 Propter
1569 2564 1633 2638 bas
1661 2584 1776 2642 tantas
1797 2572 1967 2644 utilitates
1990 2575 2143 2648 libenter
2167 2580 2207 2648 iu

167 2709 237 2774 tes,
270 2699 305 2755 ει
333 2693 475 2754 sumant
496 2678 565 2747 sibi
586 2675 763 2744 licentiam
791 2673 951 2742 omnium
978 2673 1161 2753 scelerum,
1212 2669 1279 2743 bae
1308 2672 1506 2767 frequentia
1537 2674 1670 2742 versari
1692 2674 1869 2745 studiosos
1890 2678 2067 2747 convenit.
2133 2666 2213 2751 Ρο-ι

120 2785 124 2791 ’
168 2790 270 2890 quasi
293 2782 433 2859 scholae
455 2804 530 2848 nou
552 2776 709 2849 veritatis
730 2789 764 2844 et
779 2775 955 2858 iusticiae,
981 2775 1040 2843 sed
1058 2786 1161 2865 petu·
1212 2791 1342 2846 stremo
1364 2790 1490 2845 natura
1513 2775 1571 2856 lit,
1597 2787 1638 2844 ut
1653 2775 1784 2846 similes
1799 2777 2018 2847 delectentur
2032 2781 2207 2852 similium

168 2894 298 2968 lantiae
324 2887 486 2959 officinae
508 2893 633 2952 essent.
688 2876 770 2968 Quo
793 2878 912 2947 animo
931 2872 1094 2945 homines
1110 2874 1161 2966 pii
1213 2878 1489 2960 cousuetudine,
1516 2877 1738 2972 maximeque
1760 2871 1817 2964 bi,
1843 2879 1905 2972 qui
1926 2879 2102 2951 similibus
2120 2886 2208 2954 arti-

167 2997 318 3068 veniunt
333 2993 371 3059 in
385 2988 517 3078 templa
532 2987 576 3054 ad
590 2981 751 3052 facienda
764 3003 873 3061 satra,
900 2981 1024 3048 codem
1041 2977 1160 3046 animo
1214 2983 1281 3052 bus
1307 2980 1419 3051 dediti
1448 2993 1543 3053 snut.
1610 2977 1689 3071 lpsa
1720 2979 1827 3050 etiam
1850 2981 2032 3051 celebritas
2055 2986 2208 3060 delcetat

169 3122 233 3170 vos
253 3117 395 3187 quoque
409 3092 448 3158 iu
461 3085 597 3158 scholas
612 3082 964 3175 accedereoportuit3
991 3076 1049 3150 hic
1064 3079 1159 3149 euim
1213 3084 1369 3163 animos,
1391 3083 1491 3152 iuvat
1511 3081 1631 3153 videre
1654 3083 1745 3152 bene
1768 3084 1980 3176 compositos
1997 3081 2122 3157 choros
2139 3093 2207 3158 do-

169 3225 225 3275 res
241 3195 385 3266 divinae
398 3204 604 3260 tractantur.
655 3183 702 3256 Ει
718 3209 843 3275 magna
859 3209 942 3253 cura
958 3180 1160 3276 adhibenda
1214 3187 1368 3256 centium
1393 3197 1426 3254 et
1449 3184 1671 3256 discentium.
1723 3183 1872 3255 Nullum
1893 3210 2055 3258 acroama
2070 3192 2208 3263 dulcius

169 3317 241 3386 est,
268 3311 309 3368 ut
331 3308 452 3364 nostra
473 3315 569 3361 sacra
587 3301 679 3356 recte
694 3289 879 3372 faciamus,
906 3311 950 3356 ne
969 3300 1089 3355 nostra
1105 3285 1161 3352 iu·
1214 3303 1282 3372 est,
1309 3312 1415 3382 quam
1441 3287 1564 3356 andire
1589 3288 1632 3355 de
1653 3286 1797 3379 optimis
1820 3289 1944 3372 rebus,
1971 3289 2087 3384 deque
2109 3294 2208 3364 omni

170 3405 271 3479 scitia
301 3411 362 3469 aut
392 3396 510 3486 aliqua
537 3391 605 3462 alia
633 3388 736 3480 culpa
763 3403 854 3458 artes
877 3403 1161 3480 corrumpantur.
1215 3391 1560 3474 varietatenatnrae,
1582 3387 1772 3481 deRepnb.
1787 3391 1831 3457 de
1844 3389 2096 3480 religionibus,
2120 3396 2207 3489 quid

169 3508 251 3581 Nou
266 3502 385 3572 miuus
399 3497 577 3591 piaculum
594 3506 657 3577 cst,
684 3515 910 3584 corrumpere
926 3505 1028 3576 artes,
1054 3513 1160 3582 quam
1214 3492 1276 3561 alii
1299 3491 1485 3582 peritiores
1507 3493 1672 3561 sentiant.
1725 3488 1834 3563 Vetus
1850 3507 1903 3562 est
1919 3493 2069 3563 dictum:
2095 3494 2207 3568 Extra

169 3604 388 3682 ceremonias
412 3602 449 3669 iu
471 3597 612 3688 templis
634 3594 847 3664 contumelia
868 3594 1015 3662 afficere.
1080 3591 1161 3661 ldeo
1214 3595 1483 3665 universitatem
1505 3619 1578 3662 uon
1602 3608 1653 3663 est
1676 3594 1768 3676 vita,
1794 3619 1865 3688 quo
1889 3595 2132 3683 significabant
2151 3600 2211 3669 iu-

169 3709 300 3784 scholis
316 3728 447 3775 nomeu
462 3702 615 3771 inditum
634 3712 685 3767 est
700 3699 744 3765 ab
760 3695 858 3780 ocio,
884 3693 1095 3785 utRespulr.
1111 3709 1162 3763 te·
1214 3697 1467 3766 cuudissimam
1497 3719 1570 3766 esse
1601 3696 1709 3765 vitam
1738 3697 1777 3764 in
1802 3691 1942 3770 sobolis.
2003 3699 2042 3766 ld
2069 3700 2210 3772 dictum

169 3831 282 3888 stetur
306 3836 342 3880 se
368 3809 518 3876 liberare
542 3825 607 3872 uos
626 3826 644 3868 a
670 3799 822 3869 sordidis
837 3799 970 3889 operis,
997 3811 1034 3865 nt
1050 3796 1160 3865 dediti
1215 3801 1345 3890 opinor
1367 3813 1483 3867 ortum
1504 3823 1576 3867 esse
1590 3799 1633 3866 ab
1651 3800 1798 3867 eruditis
1814 3812 1849 3869 et
1865 3801 2118 3890 prudentibus,
2145 3805 2210 3898 qui

168 3943 241 3990 esse
265 3915 371 3983 rebus
385 3910 518 3980 divinis
536 3903 720 3996 possimus.
771 3900 924 3973 Addidit
939 3898 1043 3970 etiam
1062 3923 1159 3990 prae·
1216 3901 1474 3990 intelligebant,
1489 3915 1523 3971 et
1540 3915 1710 3992 quautam
1723 3896 1808 3970 baec
1820 3905 2048 3986 consuetudo,
2063 3916 2097 3971 et
2108 3928 2212 3973 com-

169 4023 258 4100 mia,
292 4017 383 4085 sicut
406 4012 592 4082 militibus.
640 4003 718 4074 Etsi
745 4018 862 4074 autem
886 4003 1057 4074 utilitates
1080 4014 1163 4071 sunt
1215 4003 1410 4074 municatio
1423 4003 1597 4104 sermonis
1614 4002 1685 4070 vim
1705 3997 1842 4086 babeat,
1863 4019 1894 4072 et
1911 4018 2076 4098 quantam
2092 4008 2211 4096 pariat

170 4123 332 4210 exiguae,
359 4114 424 4184 etsi
447 4110 581 4180 indocti
599 4131 671 4175 non
691 4106 805 4174 solum
823 4119 1075 4185 contemnunt,
1101 4106 1160 4174 sed
1216 4109 1444 4196 voluptatem.
1509 4102 1667 4176 Delectat
1701 4104 1815 4174 bonos
1845 4118 1880 4176 ει
1909 4106 2022 4178 virtus
2051 4106 2211 4196 illorum,

169 4224 275 4294 etiam
297 4214 489 4288 crudeliter
504 4211 658 4280 oderunt
676 4207 813 4286 literas,
838 4219 1005 4298 tanquam
1021 4207 1162 4276 vincula
1216 4213 1278 4303 qui
1302 4209 1499 4278 liberaliter
1518 4208 1727 4297 impertiunt
1743 4207 1943 4278 doctrinam
1960 4209 2062 4290 aliis,
2089 4211 2154 4304 qui
2167 4235 2210 4282 en

170 4321 406 4413 cupiditatum
434 4336 597 4393 suarum,
646 4323 764 4378 tamen
794 4305 890 4376 Dens
923 4331 997 4375 non
1029 4309 1164 4397 patitur
1215 4312 1335 4380 auimo
1358 4309 1542 4379 consulere
1566 4309 1762 4398 posteritati
1786 4326 1971 4384 conantur.
2040 4308 2119 4382 Etsi
2145 4338 2211 4385 au-

169 4422 319 4498 omniuo
351 4421 469 4488 deesse
494 4412 648 4507 praemia
674 4409 884 4481 docentibus
908 4408 1026 4477 literas
1050 4423 1084 4478 ει
1108 4409 1163 4478 di·
1215 4426 1286 4484 tem
1311 4414 1349 4481 in
1373 4425 1470 4483 tanta
1489 4411 1692 4480 infirmitate
1709 4406 1857 4481 hermani
1871 4414 2009 4502 generis
2027 4415 2147 4485 nullus
2159 4432 2211 4488 est

171 4526 361 4601 scentibus.
428 4515 476 4590 Et
507 4541 578 4610 qno
610 4513 738 4582 melius
769 4535 928 4607 quaeque
948 4507 1162 4601 Respublica
1215 4517 1324 4594 ordo,
1350 4513 1490 4582 nullum
1513 4513 1605 4582 vitae
1627 4536 1737 4603 genus
1761 4538 1905 4604 prorsus
1929 4516 2132 4612 sineyitio,
2156 4531 2212 4588 ta-

169 4628 359 4703 constituta
389 4637 460 4707 est,
500 4645 540 4690 eo
570 4631 622 4687 est
651 4639 731 4706 erga
759 4615 937 4685 studiosos
968 4613 1163 4684 liberalior.
1216 4639 1297 4684 men
1317 4615 1353 4683 in
1372 4614 1503 4684 scholis
1521 4615 1640 4685 minus
1656 4615 1839 4709 aliquanto
1856 4633 1907 4686 est
1923 4617 2017 4701 furi,
2043 4619 2213 4691 odiorum

168 4732 318 4806 Interim
350 4751 415 4797 nos
445 4727 544 4795 decet
572 4715 822 4813 philosophico
851 4717 970 4786 animo
1000 4717 1164 4785 fortunae
1216 4732 1250 4788 et
1272 4718 1423 4786 aliarum
1445 4718 1617 4787 malarum
1639 4719 1787 4797 artium,
1813 4742 1919 4811 quam
1939 4719 1976 4788 iu
1993 4721 2072 4789 aliis
2088 4722 2213 4793 multis

169 4835 395 4928 iniquitatem
412 4831 505 4900 ferre
519 4823 764 4911 etintelligere
779 4841 917 4907 causas,
944 4843 1054 4911 qnare
1070 4818 1164 4909 opti·
1217 4821 1308 4890 vitae
1330 4819 1531 4910 generibus.
1581 4817 1743 4890 Primum
1761 4820 1856 4887 enim
1874 4821 2035 4893 doctrina
2053 4823 2214 4897 liberalis

170 4963 247 5008 mae
262 4958 422 5029 quaeque
437 4954 492 5000 res
506 4928 656 4997 maxime
672 4938 756 4994 sunt
771 4933 906 5013 spretae
921 4922 1040 5011 vulgo.
1091 4922 1164 4993 De·
1215 4923 1323 4993 flectit
1352 4921 1544 4993 mediocria
1574 4922 1715 5012 ingenia
1746 4922 1791 4989 ad
1814 4922 1993 4997 virtutem.
2044 4923 2119 4996 Nec
2139 4929 2215 4998 fere

157 5042 254 5127 ‚inde
271 5032 505 5106 incommodis
520 5030 624 5098 etiam
641 5046 865 5116 opponamus
879 5025 1083 5109 commoda,
1110 5025 1164 5092 vi·
1217 5026 1405 5120 quisquam
1423 5026 1511 5096 adeo
1529 5040 1580 5096 est
1595 5025 1709 5095 ferrea
1726 5038 1873 5110 natura,
1898 5041 1939 5097 ut
1955 5026 2069 5097 literis
2084 5042 2120 5100 et
2135 5052 2213 5100 me·

169 5144 314 5224 delicet,
354 5136 562 5225 dignitatem
599 5124 829 5221 professionis
865 5139 898 5194 et
932 5126 1164 5210 sanctitatem,
1216 5128 1330 5197 diocri
1351 5127 1540 5219 disciplina
1563 5150 1637 5196 non
1659 5127 1844 5220 aliquanto
1867 5128 1928 5199 fiat
1948 5129 2082 5200 mitior.
2146 5128 2213 5206 Est

167 5260 347 5341 postremo
361 5237 466 5308 etiam
479 5231 749 5303 iucunditatem.
783 5223 1163 5321 ltaquedebacetiam
1216 5243 1332 5299 antem
1357 5223 1469 5301 multo
1491 5228 1681 5300 iucundior
1703 5233 1924 5301 consuetudo
1946 5255 2026 5300 cum
2052 5233 2215 5320 eruditis,

169 5371 280 5442 pauca
305 5340 489 5416 adiiciam,
536 5331 719 5415 videlicet,
761 5330 900 5401 nullum
934 5329 1026 5399 vitae
1052 5353 1165 5422 genus
1215 5330 1279 5424 qui
1297 5355 1416 5402 causas
1437 5332 1599 5402 omnium
1617 5325 2216 5409 bonestorumofficiornmintelli-

169 5447 361 5522 iucundius
376 5445 466 5527 esse,
492 5459 599 5532 quam
616 5433 726 5509 vitam
743 5427 998 5505 scholasticam.
1215 5445 1322 5524 gunt,
1348 5458 1457 5529 quam
1476 5457 1557 5504 cum
1575 5431 1747 5521 indoctis,
1773 5459 1927 5528 quorum
1943 5434 2075 5510 indicia
2091 5441 2216 5513 multis
