4732 6030
177 259 252 338 ma
840 255 1005 334 unct,
1055 253 1131 330 nu
1170 256 1442 336 nrnfflco
1474 258 1555 336 nr
2137 283 2211 362 sos

166 434 304 511 Caesari
318 435 461 506 redacto
473 431 513 501 in
529 432 693 502 ordinem
704 454 938 503 successorem
953 431 1044 505 dari.
1086 430 1161 502 Nec
1213 445 1311 503 tanta
1326 456 1447 517 causa,
1479 446 1622 528 tamque
1638 434 1754 518 varia,
1780 438 1819 508 in
1835 464 1905 534 qua
1931 457 1983 516 tot
1997 465 2206 527 controver.

166 538 336 629 religione
356 557 502 629 prorsus
517 534 609 604 liber
624 534 765 607 animus
782 547 873 620 erat,
898 535 982 627 quia
1003 533 1160 604 alienum
1212 533 1284 603 siae
1305 533 1448 621 insunt,
1481 537 1525 605 de
1550 537 1803 627 religionibus,
1834 547 1879 612 de
1900 548 2059 622 colendis
2087 554 2205 650 Magi.

163 639 389 711 abonicivis
404 636 522 707 officio
538 637 742 723 videbatur,
761 635 956 726 Principis,
981 636 1039 705 cui
1054 636 1160 705 tidem
1211 635 1394 706 stratibus:
1435 654 1613 728 praeterea
1636 652 1708 709 tam
1741 643 1837 712 varia
1859 650 2006 720 consilia
2033 669 2067 725 et
2089 661 2202 733 exitus

164 742 336 822 dedisset,
365 740 581 810 maiestatem
604 740 755 812 laedere.
815 738 885 811 Sed
902 740 946 806 ad
965 752 1159 808 extremum
1210 737 1409 823 mirabiles,
1443 763 1517 808 non
1542 754 1656 831 potest
1686 744 1857 814 mediocri
1887 749 2006 844 aliqua
2035 759 2201 834 facultate

162 842 434 936 superstitione,
466 865 535 935 qua
559 835 653 909 nihil
674 841 712 909 in
741 842 999 932 Imperatorum
1027 840 1157 911 animis
1209 839 1345 927 ingenii
1359 841 1537 932 explicari.
1587 840 1662 912 Nos
1683 867 1768 913 vero
1791 848 1895 917 etiam
1911 852 2092 929 breviores
2106 863 2199 937 iusto

162 945 345 1039 potentius
378 955 448 1028 est,
491 943 605 1013 victus
633 955 739 1037 atque
767 956 985 1034 expugnatus
1014 956 1082 1027 est,
1117 955 1158 1012 ut
1207 941 1373 1024 luimus,
1389 957 1533 1033 propter
1553 946 1733 1035 angustias
1756 953 1943 1042 temporis,
1974 962 2069 1050 quod
2094 968 2199 1040 nobis

159 1044 321 1119 Caesaris
346 1047 491 1117 titulum
514 1045 716 1136 susciperet.
767 1043 868 1134 ‚Nam
889 1041 1058 1136 Episcopi
1074 1066 1156 1135 per·
1207 1045 1251 1110 ad
1268 1043 1457 1113 dicendum
1476 1049 1727 1138 praescriptum
1746 1063 1809 1122 est.

161 1150 312 1220 suadent
326 1148 430 1218 fidem
446 1145 604 1216 Henrico
619 1149 737 1218 datam
753 1171 828 1216 non
847 1168 921 1216 esse
934 1148 1154 1227 servandam,
1194 1212 1200 1219 ,
1309 1144 1413 1214 Nunc
1436 1147 1541 1215 venio
1565 1150 1610 1217 ad
1636 1151 1783 1219 alteram
1808 1154 1980 1228 orationis
1996 1184 2093 1235 meae
2115 1192 2197 1259 par.

161 1264 350 1344 postquam
383 1250 413 1318 is
445 1246 661 1319 aPontificc
682 1249 899 1340 proscriptus
924 1260 1029 1330 esset,
1070 1248 1154 1341 quia
1206 1259 1293 1316 tem:
1319 1247 1465 1338 promisi
1480 1247 1576 1315 enim
1601 1273 1658 1318 me
1681 1264 1906 1346 posteaquam
1923 1262 2121 1336 recitassem
2140 1266 2197 1341 hi.

162 1353 261 1421 nulla
277 1351 385 1421 ullius
399 1351 487 1420 iuris
502 1364 563 1420 aut
576 1350 684 1419 officii
698 1351 843 1421 societas
858 1374 937 1420 cum
952 1373 1152 1419 excommu-
1205 1349 1367 1434 storiam,
1405 1349 1584 1419 dicturum
1610 1373 1704 1436 esse,
1747 1355 1834 1444 quid
1868 1359 2019 1433 iudicem
2045 1392 2122 1439 cam
2150 1378 2197 1445 ad

162 1453 289 1524 nicatis
311 1476 383 1522 esse
407 1453 551 1542 debeat,
581 1453 708 1523 docent
734 1465 855 1523 contra
876 1450 1082 1541 religionem
1100 1453 1152 1520 fa-
1203 1462 1345 1520 nostros
1365 1472 1481 1519 mores
1502 1452 1664 1524 utilitatis
1685 1454 1812 1524 afferre
1833 1482 1944 1547 posse.
2003 1462 2148 1541 Etenim
2165 1478 2196 1545 si

162 1568 301 1625 cturum
329 1577 420 1635 esse,
455 1553 526 1621 nisi
557 1554 776 1645 obtemperet
799 1552 964 1626 Romano
985 1550 1151 1622 Pontifici
1202 1564 1374 1622 restante
1398 1553 1521 1623 divino
1546 1554 1695 1625 consilio
1717 1557 1862 1642 accidit,
1896 1573 2195 1655 quemadmodum

159 1655 301 1726 vocanti
317 1680 397 1726 eum
413 1657 458 1723 ad
479 1678 562 1724 suae
578 1655 760 1745 dignitatis
776 1680 816 1725 ac
837 1655 1011 1724 libertatis
1028 1655 1151 1723 delen·
1202 1653 1333 1723 sentire
1347 1649 1570 1725 Christianos
1594 1657 1711 1740 decet,
1743 1661 1900 1749 prolecto
1918 1678 2070 1741 statuere
2086 1677 2193 1763 debe.

158 1757 305 1826 sionem.
355 1755 489 1847 Magna
508 1769 583 1826 erat
599 1757 769 1827 autoritas
783 1753 1041 1848 Episcoporum
1066 1779 1149 1846 pro·
1202 1777 1300 1838 mus,
1332 1757 1376 1823 ad
1397 1780 1463 1826 nos
1481 1758 1518 1826 id
1539 1760 1739 1850 exemplum
1759 1763 1948 1851 pertinere.
2009 1769 2194 1860 Quemad-

157 1874 237 1950 pter
254 1858 462 1950 opinionem
478 1859 536 1926 vel
550 1858 731 1927 doctrinae
753 1857 810 1926 vel
828 1857 979 1947 pietatis.
1028 1853 1150 1948 ltaque
1201 1856 1348 1923 modurn
1369 1856 1464 1923 enim
1485 1858 1644 1942 sabulae,
1673 1884 1763 1953 quae
1792 1863 1830 1932 in
1851 1860 1999 1938 theatris
2025 1891 2193 1969 aguntur,

156 1957 511 2049 PrincepsSaxoniae
525 1959 715 2027 assentitur
730 1980 852 2026 eorum
862 1955 1037 2040 orationi,
1059 1980 1151 2046 quae
1202 1979 1276 2023 non
1304 1971 1447 2045 propter
1470 1981 1527 2028 eas
1557 1983 1725 2051 personas
1754 1988 1845 2056 quae
1870 1990 2191 2064 repraesentantur,

156 2060 198 2129 in
229 2059 380 2150 speciem
400 2058 505 2151 plena
528 2058 667 2149 pietatis
696 2071 781 2132 erat.
838 2054 980 2126 Bellum
1012 2080 1147 2125 summa
1200 2057 1260 2125 sed
1282 2072 1515 2148 spectatorum
1536 2084 1640 2130 causa
1660 2065 1792 2154 suscipi
1812 2067 1945 2153 solent,
1981 2081 2125 2172 utquid
2149 2084 2191 2155 in

156 2161 192 2228 vi
207 2160 372 2245 molitur,
396 2162 493 2252 quod
508 2160 603 2230 varia
617 2162 760 2229 fortuna
772 2159 854 2250 plus
870 2158 973 2226 annis
994 2171 1072 2227 octo
1088 2179 1148 2247 gc·
1199 2159 1271 2227 vita
1286 2163 1426 2246 deceat,
1445 2164 1721 2252 admoneantur,
1746 2167 1796 2236 ita
1811 2171 1917 2242 nobis
1931 2181 2085 2251 ostendit
2093 2179 2191 2257 Deus

156 2274 249 2331 stum
274 2275 336 2331 est.
394 2259 512 2350 Quam
540 2261 694 2351 graviter
724 2259 888 2331 afflixerit
916 2256 1145 2329 Germaniam
1199 2261 1295 2329 varia
1310 2263 1466 2352 exempla
1480 2265 1714 2336 maximarum
1735 2291 1872 2357 rerum,
1896 2289 1937 2345 ut
1953 2280 2060 2350 officii
2076 2290 2190 2358 nostri

155 2377 227 2435 tam
250 2363 397 2453 longum
413 2364 566 2448 bellum,
598 2374 771 2454 quantum
786 2361 919 2430 civium
939 2362 1147 2451 absumpse·
1198 2386 1263 2431 nos
1280 2366 1580 2440 commonefaciat.
1631 2366 1705 2438 Nec
1720 2383 1838 2462 putate
1862 2399 1901 2445 ea
1917 2391 2054 2450 tantum
2072 2410 2190 2457 exem-

155 2465 222 2549 rit,
246 2488 311 2556 pro
326 2478 441 2534 vestra
458 2465 646 2556 prudentia
660 2464 857 2535 existimare
872 2461 973 2532 facile
990 2463 1145 2554 potestis.
1198 2464 1256 2552 pla
1272 2465 1445 2535 divinitus
1468 2467 1572 2535 nobis
1592 2483 1785 2541 monstrata
1806 2498 1900 2561 esse,
1922 2504 2011 2571 quae
2029 2485 2068 2552 in
2082 2491 2189 2560 sacris

154 2566 416 2656 Saepenumero
442 2567 532 2637 iusta
562 2567 636 2635 acie
661 2564 868 2634 dimicatum
897 2578 969 2641 est,
1009 2566 1069 2633 sed
1100 2567 1145 2634 ad
1198 2565 1307 2633 literis
1333 2567 1525 2658 perscripta
1550 2583 1652 2653 sunt,
1694 2583 1790 2642 totus
1816 2568 1875 2644 hic
1909 2584 2065 2654 mundus
2091 2590 2189 2662 velut

153 2680 347 2738 extremum
372 2670 416 2738 ad
432 2667 554 2738 Picam
570 2669 705 2738 flumen
727 2668 766 2735 in
788 2688 872 2757 agro
888 2663 1051 2755 Lipsensi
1066 2665 1145 2758 opi·
1198 2669 1419 2756 proscenium
1434 2671 1613 2762 quoddam
1630 2686 1681 2743 est
1695 2669 1781 2757 Dei,
1806 2675 1934 2771 inquo
1947 2687 2110 2757 omnium
2132 2693 2188 2762 oi-

151 2792 221 2838 nor
242 2769 388 2840 summis
404 2770 542 2841 viribus
563 2770 737 2860 praelium
755 2767 982 2838 commissum
1003 2780 1071 2850 est,
1106 2768 1144 2835 in
1197 2767 1356 2838 liciorum
1376 2772 1532 2861 exempla
1550 2775 1709 2860 quotidie
1722 2770 1876 2852 exhibet.
1925 2783 2082 2859 Proinde
2103 2793 2189 2862 dili-

151 2895 223 2965 quo
246 2871 428 2943 Saxonum
455 2871 626 2938 exercitus
649 2891 768 2936 caesus
792 2882 827 2935 et
848 2869 986 2954 fugatus
1007 2881 1076 2948 est,
1109 2882 1145 2939 et
1195 2884 1317 2958 genter
1339 2873 1595 2941 consideranda
1611 2887 1663 2944 est
1676 2871 1825 2948 historia
1841 2905 1947 2972 quam
1961 2890 2123 2978 recitavi,
2146 2911 2188 2968 ut

152 2971 364 3063 imperatori
399 2968 580 3038 Saxonum
618 2990 699 3034 cnm
728 2965 917 3034 fortissime
946 2983 1145 3057 pugnasset,
1196 2971 1283 3064 quid
1299 2973 1833 3067 admoneatnosintelligamus.
1885 2982 2187 3066 secutatione.

150 3094 279 3142 manus
301 3069 457 3159 praecisa
480 3082 540 3138 cst.
599 3065 767 3158 Princeps
786 3064 968 3136 Saxonum
985 3090 1086 3157 aeger
1102 3093 1144 3139 ex
1196 3096 1254 3140 cos
1276 3073 1408 3140 multos
1438 3097 1527 3165 quos
1558 3078 1820 3166 complectitur,
1860 3086 2080 3179 omittamus,
2117 3120 2186 3170 vox

152 3173 301 3241 vulnere
316 3170 352 3236 in
368 3169 538 3260 oppidum
555 3165 747 3256 Mersburg
757 3168 877 3238 illatus
891 3181 959 3248 cst,
985 3169 1050 3238 ubi
1062 3192 1143 3239 cum
1197 3173 1257 3240 illa
1271 3186 1425 3244 extrema
1437 3175 1649 3246 miserabilis
1664 3180 1814 3266 indicat,
1839 3185 1925 3276 quid
1940 3189 1979 3258 in
1993 3194 2090 3266 exitu
2104 3201 2185 3270 talis

152 3270 378 3341 decumbenti
400 3293 527 3339 manus
555 3293 661 3361 quam
693 3268 876 3351 amiserat,
906 3269 1012 3339 allata
1038 3284 1143 3363 atque
1194 3273 1263 3340 viri
1280 3274 1381 3343 vobis
1395 3279 1625 3367 spectandum
1646 3282 1708 3350 sit:
1734 3282 1946 3372 significavit
1966 3296 2062 3365 enim
2080 3297 2185 3370 Priu-

151 3387 290 3442 ostensa
306 3384 414 3453 essct,
439 3370 573 3463 coepit,
597 3383 638 3440 ut
661 3370 700 3438 lit
720 3371 759 3438 in
773 3371 878 3439 rebus
898 3372 1074 3458 adversis,
1101 3395 1141 3440 ex
1194 3375 1306 3464 cipem
1322 3377 1569 3467 superstitione
1580 3381 1773 3453 adductum
1790 3409 1864 3456 esse
1887 3393 1932 3459 ad
1951 3393 2083 3466 bellum
2106 3425 2186 3473 mo-

147 3487 279 3543 erentu
296 3473 486 3542 consilium
509 3472 709 3541 aestimare:
742 3471 876 3564 etquis
898 3495 1025 3542 manus
1039 3496 1142 3563 prae·
1192 3477 1348 3546 sendum
1371 3480 1540 3550 adversus
1564 3479 1828 3572 lmperatorem.
1886 3486 1989 3564 Nihil
2014 3506 2185 3591 supersti-

147 3575 218 3645 cisa
240 3585 334 3658 erat,
366 3569 620 3665 interpretatur
641 3573 784 3642 fatalem
804 3572 911 3642 fuisse
937 3597 1075 3657 casum,
1107 3588 1142 3645 et
1192 3577 1289 3646 tione
1305 3580 1526 3668 pestilentius
1542 3593 1610 3665 est,
1637 3586 1695 3652 sed
1711 3579 1797 3656 haec
1815 3601 1888 3659 tum
1904 3598 2056 3670 maxime
2071 3621 2185 3690 nocet,

146 3698 294 3746 manum
318 3675 351 3745 ei
377 3678 479 3745 datae
505 3675 587 3744 lidci
617 3696 748 3766 poenas
779 3675 876 3746 dare.
939 3671 1162 3745 Conversus
1193 3679 1336 3770 quando
1359 3693 1472 3750 armat
1495 3676 1658 3753 homines
1680 3688 1849 3760 adversus
1870 3693 2047 3783 legitimos
2067 3696 2185 3794 Magi.

144 3778 257 3869 igitur
287 3779 332 3846 ad
361 3773 576 3869 Episcopus,
615 3799 768 3868 quorum
790 3775 1013 3845 autoritatem
1035 3790 1141 3870 atque
1192 3792 1334 3851 stratus.
1384 3779 1491 3851 Nulla
1519 3785 1591 3852 lere
1614 3807 1699 3873 gens
1714 3803 1784 3872 est,
1810 3816 1901 3884 quae
1918 3818 1992 3864 non
2010 3802 2097 3870 olim
2114 3801 2183 3878 hu.

146 3879 337 3950 consilium
368 3892 507 3949 secutus
530 3888 624 3959 erat,
655 3876 791 3969 inquit:
830 3874 957 3947 Videte
980 3874 1141 3963 Domini,
1191 3903 1314 3948 manas
1331 3875 1463 3950 hostias
1480 3886 1701 3967 mactaverit,
1727 3902 1833 3980 atque
1848 3891 1909 3959 alii
1925 3899 2129 3977 saevierunt
2143 3910 2182 3980 in

147 3977 234 4051 haec
260 3994 313 4052 est
341 4002 486 4063 manus,
520 4003 589 4071 qua
620 3978 723 4046 tidem
759 3977 842 4046 dedi
872 3975 1029 4046 Domino
1060 4001 1139 4046 meo
1191 3978 1340 4055 liberos,
1373 3978 1436 4046 alii
1461 3980 1533 4047 suis
1557 3982 1723 4054 dentibus
1744 4011 2101 4092 senesparentesper
2126 4033 2182 4080 m„

148 4074 304 4152 ilenrico
337 4079 566 4173 lmpcratori;
606 4100 702 4148 nunc
729 4078 895 4171 cogitate,
935 4100 981 4145 an
1011 4076 1139 4147 iustam
1192 4077 1313 4146 criticii
1337 4079 1486 4169 speciem
1507 4082 1751 4170 laniaverunt,
1782 4086 1989 4168 huiusmodi
2018 4120 2181 4195 portenta

149 4204 286 4254 causam
317 4183 524 4253 delectionis
553 4175 792 4250 habuerimus.
849 4176 923 4248 Nec
952 4191 1033 4269 post
1063 4202 1139 4247 eam
1191 4180 1394 4270 superstitio
1416 4182 1528 4272 parit,
1561 4187 1621 4255 sed
1644 4182 1729 4260 haec
1748 4217 1942 4284 paucorum
1965 4208 2071 4276 caede
2093 4234 2182 4283 con·
2271 4252 2285 4279 .

150 4307 270 4354 vocem
290 4286 355 4355 diu
374 4298 547 4375 superstes
569 4283 656 4365 fuit,
682 4282 743 4349 sed
761 4304 803 4349 ex
818 4278 964 4348 vulnere
978 4292 1139 4350 mortuus
1190 4294 1285 4352 tenta
1301 4295 1370 4367 est,
1398 4282 1434 4350 in
1452 4284 1555 4354 bellis
1570 4290 1680 4363 saevit
1694 4296 1865 4381 atrocius,
1896 4301 1959 4370 ubi
1981 4311 2092 4381 multa
2113 4309 2180 4385 ho·

151 4398 212 4456 est.
269 4384 368 4475 Quid
397 4400 513 4456 autem
546 4384 690 4477 querela
713 4382 775 4451 illa
801 4382 961 4451 acerbius
993 4381 1139 4472 cogitari
1189 4382 1327 4453 minum
1344 4385 1457 4453 millia
1479 4387 1585 4458 simul
1608 4394 1850 4478 trucidantur,
1883 4404 1946 4472 ubi
1965 4426 2125 4498 parentes
2140 4418 2179 4487 m

147 4486 285 4580 potest?
321 4486 388 4560 Est
401 4489 558 4581 aliquid,
583 4485 721 4574 magnis
736 4484 870 4553 crimen
889 4484 1012 4585 abesse
1023 4484 1139 4568 malis,
1189 4485 1339 4569 liberos,
1364 4486 1429 4555 lilii
1451 4487 1490 4556 in
1506 4505 1684 4580 parentes,
1710 4502 1850 4589 cognati
1871 4503 1908 4571 in
1925 4526 2091 4597 cognatos
2107 4517 2179 4587 ler-

146 4601 191 4660 ut
216 4589 277 4657 ille
298 4589 434 4684 inquit,
467 4603 501 4659 et
525 4588 729 4679 plenissima
742 4584 942 4656 ¹consolatio
959 4599 1011 4655 est
1025 4585 1064 4654 in
1079 4608 1137 4654 re-
1189 4611 1269 4656 rum
1301 4588 1494 4681 aliquando
1528 4595 1718 4683 stringunt.
1787 4599 1893 4671 Nulla
1922 4620 2178 4702 propemodum

146 4692 215 4761 bus
229 4694 403 4776 adversis,
427 4713 526 4759 mens
540 4689 609 4757 sibi
624 4690 714 4758 bene
728 4687 877 4761 conscia.
930 4684 1137 4758 Atistcde·
1189 4702 1282 4758 aetas
1304 4690 1350 4759 ab
1372 4684 1438 4759 hac
1458 4706 1552 4781 peste
1575 4697 1643 4765 fuit
1664 4698 1848 4773 immunis.
1906 4706 1975 4779 Sed
1996 4729 2036 4784 m
2061 4733 2177 4794 mmm,

145 4793 292 4884 plorans
315 4788 382 4864 hoc
405 4795 513 4862 modo
536 4812 639 4860 suum
660 4791 792 4874 fatum,
823 4790 980 4880 profecto
1004 4789 1137 4877 signifi-
1190 4791 1347 4881 exempla
1362 4792 1585 4876 omittamus,
1611 4793 1742 4869 abhinc
1762 4802 1917 4901 triennio
1938 4836 2044 4904 quam
2060 4814 2179 4893 horri.

144 4894 238 4967 cavit
260 4919 297 4966 se
318 4896 467 4978 sentire,
499 4917 565 4964 suo
590 4891 735 4973 scelere,
769 4913 902 4983 suaque
925 4891 1027 4982 culpa
1051 4914 1138 4960 con-
1188 4891 1272 4960 bilis
1286 4907 1420 4975 motus,
1446 4912 1615 4988 quantum
1636 4891 1842 4974 incendium
1857 4910 1975 4984 subito
1992 4939 2179 5004 exarserat,

146 5011 291 5067 tractam
310 5020 383 5066 esse
406 4997 650 5066 calamitatem.
701 4990 848 5062 Nullum
868 4991 1137 5084 autem‘suppli-
1188 5016 1269 5062 cum
1301 4996 1427 5085 vulgus
1462 5021 1560 5068 arma
1603 5005 1771 5075 adversus
1805 5007 2034 5100 Magistratus
2068 5027 2180 5118 cepit,

146 5097 261 5184 dnm,
296 5099 389 5168 nulli
418 5099 608 5180 cmciatus‚
649 5094 810 5188 quamvis
843 5091 1052 5179 horribiles,
1092 5095 1136 5164 ad
1189 5095 1290 5164 cuius
1304 5099 1476 5170 tumultus
1491 5122 1597 5194 quam
1618 5100 1727 5177 fuerit
1742 5108 1924 5184 luctuosus
1942 5120 2077 5206 exitus,
2101 5150 2177 5199 non

147 5194 255 5270 huius
269 5200 406 5270 doloris
421 5200 662 5281 acerbitatem,
683 5218 788 5290 quem
803 5196 1037 5289 turpitudinis
1051 5219 1138 5264 con·
1189 5196 1376 5287 ignoratis:
1410 5199 1469 5272 Sic
1491 5201 1587 5272 enim
1609 5209 1824 5301 accepimus,
1858 5241 1956 5291 caesa
1976 5247 2049 5294 esse
2071 5250 2176 5319 supra

145 5302 293 5373 scientia
320 5302 422 5384 facit,
459 5300 663 5370 conferendi
693 5311 786 5370 sunt.
851 5294 1010 5391 Exposui
1035 5297 1137 5367 vobis
1188 5312 1329 5370 centum
1351 5300 1461 5371 millia
1482 5298 1682 5381 hominum.
1735 5311 1837 5403 Quae
1860 5326 2073 5415 testutalia
2090 5330 2177 5398 sim.

143 5397 332 5477 historiam
356 5426 430 5474 non
452 5416 493 5474 ut
513 5404 703 5487 debebam,
738 5401 798 5471 sed
821 5414 861 5473 ut
881 5401 994 5494 potui.
1045 5398 1136 5470 Nam
1187 5397 1592 5580 pliceshominesliqui'tio
1608 5413 1772 5506 decepit?
1801 5442 1892 5512 qaae
1912 5412 2050 5494 cesalis
2066 5427 2199 5528 indu·⁴
