4732 6030
205 273 280 350 475
406 229 415 257 ⁸
757 256 917 332 naen
951 244 1025 329 nn
1059 250 1335 331 noscano
1369 253 1528 329 nucu
1560 255 1686 333 nav.
2161 270 2240 346 aaa

206 458 323 529 natae,
349 461 430 514 curu
445 436 543 506 velut
556 443 773 522 postremum
789 428 1006 500 allocuturae
1021 429 1199 520 perituros
1250 450 1391 498 morum
1415 429 1581 501 sanctitas
1599 431 1638 500 ia
1663 428 1732 503 hoc
1750 456 1854 515 sexu,
1884 439 1979 531 apud
2000 441 2154 515 maiores
2175 471 2243 518 no-

205 552 304 623 viros
319 571 341 618 a
359 537 562 615 custodibus
577 532 715 602 aditum
737 532 1000 623 impetrassent,
1025 554 1197 608 carcerem
1250 542 1351 599 stros.
1404 527 1588 601 Caeterum
1610 557 1754 604 omnem
1777 537 1918 607 laudem
1936 558 2103 630 eruperat
2125 546 2242 620 incre-

205 656 402 743 iugressae‚
427 648 710 727 commutataque
733 658 813 704 cum
837 632 973 702 maritis
997 647 1111 719 veste,
1135 655 1199 723 per
1251 631 1393 716 dibilis,
1418 655 1458 702 ac
1479 633 1558 725 plus
1582 659 1689 727 quam
1711 631 1853 708 heroica
1876 641 2095 731 placabilitas
2118 665 2153 721 et
2170 654 2244 722 cle-

162 774 164 778 '
208 748 470 828 simulationem
492 734 632 813 doloris
655 736 779 809 velatis
809 735 982 826 capitibus
1012 759 1071 804 eos
1100 733 1199 804 abire
1252 734 1382 802 mentia
1398 728 1600 820 Chuaradi,
1622 761 1727 830 quem
1746 763 1826 809 cum
1847 743 2061 833 consiliarii,
2085 774 2242 824 comme-

207 873 329 952 passae
342 856 442 926 sunt,
467 861 529 909 sua
546 861 695 928 corpora
713 862 779 929 pro
797 837 942 906 illorum
963 838 1091 921 salute,
1115 859 1199 926 sup-
1252 833 1398 905 moratis
1432 829 1707 930 haudquaquam
1745 842 1950 930 vulgaribus
1986 849 2149 938 offensis,
2195 861 2240 927 ad

206 953 315 1052 plicio
338 963 373 1018 et
396 940 572 1036 praesenti
593 940 751 1032 perieulo
765 938 969 1021 offerentes,
995 939 1100 1029 digne
1118 936 1199 1031 qui·
1251 936 1478 1005 saeviendum
1503 938 1711 1024 invitarent,
1740 947 1942 1033 respondit,
1976 972 2048 1018 non
2073 954 2142 1023 sibi
2165 960 2242 1047 pla.

208 1061 310 1138 dem,
335 1045 478 1142 quaein
496 1065 572 1113 eam
594 1039 764 1110 familiam
779 1038 990 1131 Principum
1011 1041 1198 1118 nuberent,
1252 1059 1329 1106 cere
1344 1037 1427 1104 odio
1453 1050 1488 1107 et
1510 1038 1582 1123 ira,
1607 1043 1667 1110 sed
1693 1045 1811 1133 potius
1825 1048 1954 1138 pietate
1969 1074 2010 1119 ac
2026 1053 2243 1145 benignitate

206 1181 298 1257 quae
322 1159 512 1228 vetustate,
547 1142 732 1212 nobilitate
759 1153 794 1212 et
824 1141 966 1212 virtutis
998 1142 1089 1211 sarna
1108 1140 1199 1220 ‚olim
1252 1161 1331 1207 cum
1358 1133 1519 1210 hostibus
1539 1154 1691 1229 certare,
1732 1151 2033 1237 quemadmodum
2057 1165 2151 1247 apud
2175 1159 2241 1231 So-

208 1256 401 1334 clarissima
429 1248 511 1318 tuit.
569 1244 643 1314 Nec
672 1244 790 1314 minus
815 1243 1032 1333 periculoso,
1064 1267 1104 1311 ac
1125 1263 1200 1310 non
1253 1234 1413 1330 phoa-lem
1432 1237 1612 1329 Antigone
1635 1239 1889 1319 humanissime
1910 1252 1975 1323 ait:
2009 1252 2055 1327 οὐ
2082 1257 2175 1355 πρὸς
2196 1258 2239 1334 τὸ

207 1361 314 1458 paulo
336 1348 559 1445 generosiore
582 1345 730 1416 consilio
753 1369 835 1415 suos
856 1344 1000 1415 maritos
1023 1341 1141 1414 Gnelfi
1166 1355 1200 1410 et
1253 1337 1450 1431 συνέχθειν
1469 1337 1562 1412 ἀλλὰ
1578 1340 1671 1439 πρὸς
1692 1342 1735 1418 ad
1754 1355 1953 1446 συμφιλεῖν
1967 1374 2140 1430 senatum
2156 1386 2228 1433 esse

208 1464 473 1543 Germanorum
491 1449 658 1537 coniuges
674 1448 885 1517 liberarunt.
922 1444 1108 1536 Haeenirn
1126 1468 1199 1513 non
1253 1443 1301 1511 ita
1315 1437 1529 1514 b'ltunradus
1544 1463 1777 1537 proposuerat
1796 1453 1864 1521 sibi
1889 1453 2093 1530 iuimicitias
2109 1418 2242 1535 morta:

207 1577 386 1638 nocturno
410 1554 494 1624 dolo
516 1550 696 1634 fallentes,
720 1551 782 1618 sed
796 1561 915 1640 aperta
936 1561 970 1617 et
988 1549 1090 1640 plane
1108 1542 1200 1616 Ger·
1252 1544 1321 1628 les,
1343 1544 1515 1614 amicitias
1538 1570 1620 1617 vero
1642 1549 1859 1623 immortales
1879 1578 1953 1625 esse
1971 1559 2111 1633 debere.
2161 1565 2241 1637 Me-

207 1664 347 1739 manica
373 1658 524 1734 virtute,
566 1652 681 1720 media
711 1650 789 1722 luce
817 1651 952 1742 palam,
985 1651 1201 1737 inspectante
1253 1646 1323 1714 rito
1340 1646 1563 1736 praedicatur
1583 1651 1780 1722 moderatio
1795 1649 2004 1728 Thrasibuli
2025 1661 2063 1729 in
2080 1664 2228 1738 victoria

209 1784 287 1846 toto
302 1760 476 1838 exercitu,
501 1766 639 1823 tantum
660 1753 798 1820 facinus
814 1762 985 1841 tantoque
1001 1773 1081 1818 cnm
1106 1747 1201 1839 peri·
1253 1746 1316 1838 qui
1334 1748 1455 1815 urbem
1472 1742 1699 1820 Athenarum
1721 1755 1903 1844 attiginta
1929 1763 2088 1852 tyrannis
2110 1721 2241 1837 libera:
2300 1747 2302 1751 ¹

190 1871 293 1947 ,culo
315 1883 418 1934 ansae
441 1867 537 1928 sunt
596 1850 723 1921 Varias
748 1850 948 1922 occasiones
970 1851 1201 1920 declarandae
1253 1848 1316 1932 vit,
1342 1849 1438 1939 quod
1455 1848 1607 1919 multum
1622 1854 1667 1921 de
1680 1853 1854 1943 iuresuo,
1875 1860 2034 1951 quosine
2047 1862 2238 1957 reprehen-

209 1967 353 2043 virtutis
369 1986 408 2032 ac
429 1955 569 2051 pietatis
585 1977 687 2044 saepe
704 1976 803 2022 casus
822 1966 855 2023 et
871 1953 1035 2032 fortuna,
1062 1950 1200 2042 saepius
1253 1948 1352 2017 sione
1366 1962 1407 2018 nt
1422 1948 1535 2018 victor
1549 1953 1601 2021 uti
1616 1955 1796 2043 potuisset,
1819 1960 1972 2031 multum
1991 1965 2034 2033 de
2048 1967 2239 2040 iustissimo

80 2107 83 2113 -
199 2073 319 2147 huius
332 2065 480 2135 miserae
494 2059 586 2128 vitae
601 2054 787 2145 multiplex
804 2053 1010 2123 vicissitudo
1028 2077 1067 2122 ac
1080 2075 1200 2122 neces-
1253 2050 1375 2120 dolore
1391 2050 1576 2126 remiserit.
1610 2052 1682 2126 Sed
1699 2064 1809 2147 magis
1824 2061 2122 2154 ctiamlaudatur,
2146 2073 2240 2163 quod

210 2168 421 2249 sitasoffert.
455 2159 639 2248 Quaedam
656 2179 738 2225 suos
755 2168 927 2247 parentes,
951 2155 1102 2224 neiamc
1119 2178 1201 2245 per·
1252 2151 1465 2242 praeclaram
1480 2152 1579 2223 illam
1595 2149 1806 2250 ἀμνηστίαν
1819 2165 1985 2251 sanxerit,
2011 2194 2081 2261 qua
2097 2196 2244 2243 concus-

209 2281 324 2357 irent,
352 2289 433 2339 cum
448 2263 516 2332 alia
535 2259 627 2328 vitae
647 2258 804 2328 subsidia
820 2258 999 2336 deessent,
1024 2257 1097 2325 suis
1114 2257 1201 2325 ube·
1242 2276 1331 2323 rsura
1348 2275 1387 2321 ac
1404 2253 1578 2325 labentem
1592 2258 1746 2330 civitatis
1761 2273 1891 2333 statum
1909 2264 1947 2333 iu
1969 2271 2159 2358 pristinum
2178 2268 2245 2343 ha·

205 2380 309 2452 ribus
332 2375 477 2442 lactasse
501 2362 680 2432 dicuntur.
739 2358 1049 2447 Quemadmodum
1073 2358 1117 2425 de
1141 2355 1201 2428 Ci-
1253 2355 1369 2425 bitum
1391 2351 1559 2424 nonnihil
1583 2358 1748 2432 restituit.
1799 2360 1869 2434 Sed
1893 2368 2005 2439 multo
2022 2373 2241 2444 stabiliorem

209 2501 316 2552 mone
333 2473 486 2566 quodam
503 2474 711 2545 memorant,
736 2461 797 2553 qui
814 2459 870 2528 vir
887 2460 956 2527 iam
974 2481 1121 2548 magnus
1137 2482 1201 2527 na·
1254 2450 1464 2548 ἀμνηστίαν
1485 2459 1599 2545 sanxit
1616 2459 1811 2553 lmperator
1824 2459 2036 2539 Chunradus
2055 2474 2240 2546 clementia

211 2599 270 2666 tu,
295 2600 375 2647 curn
391 2567 515 2661 capitis
532 2569 737 2646 damnatus,
762 2576 867 2653 atque
889 2562 927 2628 in
945 2561 1140 2630 custodiam
1163 2576 1202 2628 ut
1254 2581 1335 2640 sua,
1361 2571 1395 2627 et
1415 2561 1591 2649 parcendo
1615 2561 1896 2658 ignoscendoque
1913 2573 2048 2639 ‘arctius
2070 2576 2139 2644 sibi
2163 2579 2242 2645 aui-

209 2681 370 2760 ibiiarne
387 2682 589 2752 necaretur,
615 2665 765 2733 traditus
781 2675 881 2747 esset,
905 2662 988 2747 iilia,
1015 2663 1200 2752 impetrato
1255 2682 1331 2728 mos
1345 2654 1533 2728 hominum
1548 2662 1724 2748 deviarit,
1750 2688 1855 2758 quam
1872 2668 1956 2738 ullis
1974 2673 2128 2759 legibus,
2155 2679 2241 2746 viri-

210 2769 588 2858 acustodibusaditu,
612 2765 772 2858 quotidie
792 2777 925 2854 patrem
942 2763 1093 2832 invisere
1110 2763 1202 2832 sole·
1253 2761 1340 2844 bus,
1368 2771 1429 2830 aut
1450 2760 1524 2831 ulla
1548 2763 1730 2835 severitate
1753 2766 1933 2857 potuisset.
1976 2771 2071 2844 .Hoc
2088 2778 2156 2847 fuit
2175 2779 2241 2848 lir-

209 2890 289 2969 un,
314 2882 376 2952 sed
400 2871 546 2944 nonnisi
569 2869 668 2960 prius
689 2889 851 2951 excussa,
878 2888 923 2934 ne
947 2866 1032 2958 quid
1056 2864 1088 2932 ei
1105 2865 1201 2956 quod
1254 2861 1452 2930 missimum
1475 2874 1580 2956 atque
1607 2865 1971 2953 immacalatam,
2004 2878 2100 2967 quod
2121 2891 2241 2950 ortum

211 2988 287 3060 esui
310 2994 418 3063 esset,
443 2975 594 3045 afferret.
646 2966 695 3039 Aa
719 2968 773 3037 illi
794 2970 936 3038 tandem
956 2967 1118 3035 admirati
1145 2989 1201 3034 se-
1254 2987 1273 3032 a
1292 2963 1421 3055 pietate
1436 2977 1470 3033 et
1486 2987 1506 3033 a
1521 2964 1705 3038 clementis
1720 2967 1875 3040 firmavit
1889 2971 2045 3061 iusticia,
2065 2981 2240 3071 adproba-

212 3113 294 3160 nem
316 3100 387 3153 tam
410 3079 474 3148 diu
495 3079 627 3168 absque
649 3071 728 3139 cibo
751 3071 859 3139 vitam
882 3082 1096 3150 sustentare,
1121 3091 1200 3136 cum
1254 3065 1307 3134 vit
1328 3062 1526 3155 ipseDeus.
1576 3064 1646 3137 Sed
1671 3062 1757 3140 hacc
1780 3095 1924 3164 quoque
1946 3075 2023 3145 laus
2044 3104 2118 3149 raon
2137 3082 2241 3150 dissi-

212 3181 459 3262 mulierculam
479 3175 652 3244 curiosius
667 3172 915 3249 observarent,
942 3170 1203 3239 animadverte·
1255 3167 1424 3247 mulanda
1463 3180 1531 3252 est,
1577 3168 1679 3258 plane
1713 3171 1820 3260 digua
1854 3171 2036 3247 Germano
2069 3178 2244 3274 Principe,

212 3301 300 3363 runt
324 3304 402 3353 earu
425 3289 540 3346 exerta
564 3272 722 3340 mamilla
745 3286 880 3360 patrem
901 3271 989 3340 lacte
1012 3295 1077 3340 suo
1099 3271 1204 3355 alere,
1255 3270 1351 3360 qnod
1378 3292 1451 3336 nou
1477 3292 1597 3357 passus
1620 3284 1672 3340 est
1692 3271 1752 3339 illa
1771 3273 1898 3344 callida
1920 3280 2168 3353 conditionum
2189 3274 2245 3354 in·

213 3384 437 3486 perculsique
451 3390 523 3447 tam
541 3371 715 3442 mirabilis
729 3370 917 3460 spectaculi
936 3371 1103 3453 novitate,
1127 3395 1201 3439 rem
1256 3369 1526 3456 terpretatione,
1554 3386 1587 3441 et
1601 3372 1757 3460 specioso
1773 3374 1861 3444 iuris
1879 3391 2061 3466 praetextu
2085 3384 2155 3454 sibi
2178 3387 2245 3454 im-

213 3489 391 3565 indicibus
423 3505 462 3550 ac
488 3473 754 3564 Magistratibus
777 3470 956 3555 indicant,
996 3471 1057 3563 qui
1088 3483 1203 3539 tantae
1257 3467 1352 3560 poni.
1402 3463 1458 3537 Ex
1483 3495 1554 3562 quo
1575 3472 1678 3542 facile
1700 3476 1866 3565 adparet,
1892 3493 2112 3574 quantopere
2133 3486 2244 3557 nostri

213 3591 337 3689 pietati
359 3608 438 3656 eum
460 3577 633 3649 honorem
656 3570 877 3653 habuerunt,
901 3585 941 3642 ut
961 3585 1095 3664 patrem
1112 3571 1204 3641 filiae
1256 3569 1405 3638 maiores
1422 3583 1557 3641 veteres
1571 3570 1744 3645 Gemaani
1757 3577 1920 3649 delectati
1933 3580 2005 3650 sint
2021 3585 2244 3677 simplicitate

212 3697 468 3769 condonarent.
519 3678 635 3767 Quem
652 3700 725 3744 non
742 3688 961 3745 commoveat
981 3674 1203 3744 istaomnetn
1256 3683 1291 3741 et
1316 3672 1510 3761 probitate,
1543 3698 1718 3768 quamque
1741 3677 1846 3767 longe
1869 3681 2048 3755 abluerint
2069 3688 2115 3757 ab
2135 3682 2242 3757 huius

212 3798 353 3872 laudem
377 3812 418 3859 ac
441 3779 739 3878 praedicationem
769 3785 964 3868 exuperans
986 3768 1204 3870 ἅντιπελάρ-
1256 3772 1451 3843 calamitosi
1479 3789 1512 3845 et
1540 3777 1664 3865 tragici
1678 3779 1787 3847 seculi
1804 3796 1939 3852 versuta
1958 3798 1992 3854 et
2008 3787 2168 3878 perplexa
2183 3812 2240 3858 sa·

213 3895 340 4001 limi?
392 3887 441 3960 At
463 3897 625 3967 nostras,
648 3903 738 3974 quae
761 3879 908 3950 maritos
930 3892 966 3949 et
986 3877 1118 3948 liberos
1141 3900 1205 3968 per
1257 3875 1405 3967 pientia:
1442 3877 1600 3965 placebat
1623 3877 1696 3947 illis
1721 3882 1817 3949 nuda
1842 3896 1876 3952 et
1900 3878 2077 3957 Germana
2102 3891 2241 3975 veritas,

213 3999 329 4072 media
345 3992 500 4066 hostium
516 4008 613 4055 arma
627 3983 848 4065 extulerunt,
872 3980 1015 4073 siquod
1031 3979 1098 4050 tale
1114 3992 1204 4050 tem·
1256 3975 1401 4058 callida,
1427 3977 1615 4063 insidiosa,
1640 3981 1824 4074 fucataque
1840 3985 1960 4054 omnia
1981 3989 2078 4078 peius
2093 3993 2243 4062 oderant

213 4083 280 4198 pus
302 4095 499 4169 incidisset,
527 4083 623 4155 haud
645 4085 752 4152 dubie
774 4083 933 4161 nullum,
958 4082 1054 4173 quod
1072 4083 1117 4150 ab
1134 4076 1204 4150 hu·
1256 4102 1362 4172 quarn
1385 4093 1534 4148 mortem
1559 4093 1593 4149 et
1614 4079 1806 4151 infernum.
1854 4081 2000 4156 Etcum
2016 4115 2099 4162 vera
2112 4094 2245 4164 virtute

213 4227 319 4275 mana
342 4210 459 4267 mente
480 4185 627 4276 cogitari
653 4183 787 4272 potnit,
820 4182 949 4248 amoris
975 4195 1036 4251 aut
1064 4183 1204 4268 pietatis
1257 4182 1472 4266 niterentur,
1500 4176 1567 4248 hoc
1588 4181 1705 4251 studio
1729 4177 1927 4272 habebant,
1953 4203 1992 4259 ut
2011 4179 2158 4280 natavi,
2183 4198 2243 4265 sed

216 4304 369 4376 officium
386 4319 451 4388 pro
465 4284 671 4359 redimenda
684 4306 829 4351 suorum
843 4282 955 4349 salute
976 4296 1203 4352 recusassent.
1258 4281 1463 4365 clementia,
1489 4305 1562 4351 non
1578 4296 1672 4352 metu
1681 4331 1693 4366 ‚
1720 4287 1781 4352 sed
1802 4286 1888 4372 fide,
1915 4315 2052 4378 amore,
2077 4319 2118 4364 ac
2136 4297 2245 4365 bene·

129 4474 133 4482 ,
215 4406 306 4478 Nam
325 4396 450 4490 siquis
472 4392 585 4479 ipsam
608 4385 768 4475 pietatem
788 4381 931 4472 pingere
948 4381 1072 4461 vellet,
1098 4406 1204 4475 quam
1259 4382 1413 4451 volentia
1439 4383 1571 4453 civium
1602 4384 1800 4456 stabilirent
1830 4389 2039 4479 imperium,
2072 4397 2244 4487 sapientia

216 4509 320 4579 aliam
339 4499 415 4570 eins
433 4490 620 4578 imaginem
635 4485 728 4576 apud
745 4484 903 4551 anianum
921 4483 1104 4572 concipere
1125 4505 1205 4574 pos-
1257 4484 1330 4575 illis
1352 4499 1425 4552 erat
1449 4486 1568 4554 narnia
1592 4485 1630 4552 iu
1652 4485 1834 4558 meliorem
1856 4505 1988 4579 partein
2009 4495 2244 4586 interpretari,

215 4622 267 4681 set
284 4603 477 4698 aptiorem,
503 4614 609 4684 quam
626 4589 655 4657 si
670 4599 889 4667 matronam,
914 4584 1046 4653 liberos
1063 4599 1096 4654 et
1121 4609 1205 4653 con·
1257 4609 1332 4653 non
1349 4587 1566 4655 calumniose
1582 4600 1614 4654 et
1634 4586 1729 4654 vafre
1746 4587 1931 4666 invertere.
1972 4593 2021 4663 At
2037 4590 2122 4666 baec
2139 4602 2243 4669 unic,

214 4713 332 4802 iugem
352 4729 413 4797 per
430 4696 543 4770 media
558 4687 712 4763 hostiurn
730 4713 826 4757 arma
844 4710 884 4755 ex
899 4700 998 4777 capta
1016 4680 1103 4755 urbe
1123 4686 1206 4753 effe·
1259 4680 1327 4754 hoc
1343 4699 1499 4776 tempore
1516 4687 1651 4773 ingenii
1666 4687 1742 4757 laus
1759 4705 1827 4775 est,
1854 4694 1883 4760 si
1900 4694 1980 4786 quis
1995 4698 2091 4786 quod
2105 4699 2244 4792 simpli.

214 4824 353 4886 rentem
370 4797 554 4900 pingeret?
583 4795 632 4866 lta
644 4795 800 4865 Aeneam
818 4814 920 4858 suum
930 4788 1105 4877 Virgilius
1120 4810 1207 4857 con·
1260 4787 1345 4856 citer
1367 4810 1407 4854 ac
1429 4801 1520 4858 recte
1551 4787 1681 4857 lactum
1705 4791 1882 4862 dictumve
1906 4811 1972 4875 est,
2004 4811 2078 4867 arte
2098 4816 2243 4871 contor.

214 4918 345 4987 iectum
361 4908 459 4981 senio
475 4913 655 4997 parentem
672 4919 713 4964 ex
730 4895 873 4961 incensa
890 4892 979 4960 urbe
997 4891 1035 4957 in
1050 4886 1207 4961 humeris
1260 4912 1384 4981 quere,
1409 4903 1444 4957 et
1466 4889 1639 4958 malitiose
1660 4908 1867 4985 versuteque
1893 4895 2153 4985 interpretando
2177 4910 2242 4973 de.

215 5023 459 5108 asportantem
482 5005 599 5090 fingit,
633 4982 835 5067 eumhunc
861 4988 1085 5062 hauddubie
1110 5015 1208 5062 sum·
1259 5014 1407 5081 pravare
1439 4990 1558 5073 novit,
1592 4992 1698 5084 idque
1724 5019 1766 5063 eo
1790 4989 1969 5074 indignius
1995 5012 2046 5068 est
2074 5002 2150 5073 lieri
2198 5031 2243 5060 a·

215 5141 314 5191 mum
338 5109 479 5206 pietatis
494 5102 647 5193 gradum
670 5099 701 5168 ei
723 5098 880 5167 tribuere
895 5093 1012 5166 vellet.
1061 5091 1208 5162 Praed'a
1261 5116 1370 5183 prope
1393 5093 1462 5162 iarn
1486 5115 1550 5182 pro
1571 5092 1701 5165 virtute
1723 5084 1858 5162 haberi,
1885 5081 1922 5189 it!
1941 5109 2119 5182 earam
2144 5056 2238 5175 ,ἀπ’

216 5206 273 5295 cat
293 5216 398 5288 etiarn
415 5207 560 5280 'l'acitus
585 5201 753 5270 virtutem
774 5223 814 5267 ac
828 5195 1060 5268 constantiam
1082 5194 1208 5262 foemi·
1261 5216 1398 5281 semper
1419 5193 1601 5276 candoris,
1625 5182 1803 5279 probitatis
1829 5197 1868 5242 ³⁶
1895 5153 2238 5282 ⁵¹¹¹¹Pl¹02³jV⁰¹¹i²l¹i⁵

217 5306 344 5395 narum
374 5307 688 5385 Germanicarum,
726 5313 831 5392 atque
863 5322 902 5367 ex
923 5294 990 5366 hoc
1010 5296 1101 5365 lacto
1126 5294 1209 5365 satis
1260 5294 1369 5362 amica
1384 5294 1509 5378 fuerit,
1532 5313 1673 5383 eamque
1691 5278 1826 5354 taudem
1847 5298 1929 5365 prae
1947 5267 2113 5338 ⁰¹⁰¹¹¹b⁰⁸
2128 5270 2239 5326 mnus

218 5435 382 5519 apparet,
409 5436 499 5511 qnae
517 5405 624 5478 fucrit
640 5403 812 5494 gravitas,
838 5401 967 5493 pietas,
991 5398 1153 5488 vitaeque
1170 5419 1209 5466 ac
1259 5393 1357 5463 orbis
1376 5395 1598 5476 nationibus,
1621 5391 1704 5458 inde
1716 5403 1853 5473 usque,
1880 5378 1924 5444 ab
1937 5367 2091 5462 antiquis
2104 5373 2243 5446 lemP0·
