4732 6030
174 252 250 329 597
272 299 275 305 ·

175 428 393 495 deseruntur.
429 420 586 514 Exiguus
599 436 649 493 est
667 447 833 494 numerus
847 446 981 506 eorum,
1009 423 1069 516 qui
1083 446 1157 491 me-

174 550 289 595 mores
317 521 423 593 huius
453 524 582 593 Psalmi
616 524 732 592 dicere
753 525 878 594 velint:
916 523 1010 593 llaec
1036 524 1155 591 omnia

174 627 374 694 acciderunt
399 627 520 708 uobis,
553 649 666 718 neque
691 638 807 693 tamen
834 639 868 695 te
894 624 997 693 obliti
1025 645 1156 697 sumus.

174 725 272 813 Quae
297 740 347 794 est
370 749 558 815 regnorum
582 726 618 792 in
643 725 779 816 reliqua
803 722 945 815 Europa
970 725 1155 814 perturba-

171 826 246 894 tio?
280 827 342 895 ubi
364 826 522 916 polliceri
544 827 646 895 uobis
675 848 858 914 possumus
881 838 1010 893 certam
1031 820 1153 892 Eccle-

172 926 243 993 siae
266 929 381 994 sedem
401 950 600 993 mansuram
619 925 714 993 csse?
765 923 821 992 Ad
846 921 930 992 haec
948 927 1038 992 orella
1056 949 1153 992 acce·

171 1028 262 1095 dunt
278 1028 391 1094 morbi
409 1027 510 1095 multi
524 1039 557 1095 et
573 1026 690 1114 magui
704 1021 880 1093 Ecclesiae
898 1040 1029 1095 veteres
1042 1037 1080 1094 et
1097 1047 1152 1092 re·

171 1141 297 1195 centes.
336 1123 537 1195 Defendunt
554 1120 824 1215 εἶδωλομανίαν
839 1124 1045 1207 Pontifices,
1071 1148 1153 1214 pro-

170 1239 311 1316 ponunt
330 1227 454 1315 passim
472 1229 608 1296 decreta
626 1226 795 1313 sanguiue
813 1227 964 1315 scripta,
987 1229 1154 1293 adversus

172 1324 387 1394 Professores
410 1349 516 1414 purae
540 1327 719 1395 doctrinae
742 1324 947 1413 Evangelii,
974 1338 1007 1393 et
1031 1348 1152 1417 regum

172 1425 388 1495 iracundiam
404 1428 610 1495 accendunt.
652 1424 760 1494 Multi
777 1425 825 1515 pii
843 1425 925 1494 totis
942 1426 1010 1492 iam
1027 1425 1153 1513 viginti

171 1527 273 1593 arinis
286 1526 413 1617 passim
428 1525 467 1595 iu
481 1525 627 1617 Europa
642 1526 756 1595 necati
769 1539 870 1610 sunt,
897 1539 960 1595 aut
973 1522 1068 1616 pulsi
1080 1526 1153 1594 suis

171 1627 322 1696 sedibus.
376 1623 425 1694 Ut
449 1640 563 1696 autem
588 1640 680 1695 certa
706 1627 878 1719 quaedam
908 1638 1152 1715 tempestatum

171 1726 268 1814 signa
285 1741 378 1808 sunt,
402 1727 449 1794 ita
465 1727 625 1795 divinare
640 1726 732 1809 licet,
757 1721 813 1793 his
829 1725 920 1794 odiis
938 1739 973 1794 et
994 1722 1059 1795 hac
1076 1748 1153 1794 sae-

169 1827 259 1895 vicia
286 1827 450 1916 portendi
482 1849 643 1915 magnam
670 1849 788 1895 rerum
815 1822 1048 1909 humanarum
1073 1850 1153 1894 mu-

168 1928 351 1997 tationem.

272 2056 355 2125 Tali
372 2070 527 2146 tempore
543 2079 622 2125 cum
637 2055 780 2126 caeteris
795 2055 881 2146 piis,
906 2067 982 2125 tum
1004 2054 1154 2122 maxime

171 2158 275 2225 nobis
292 2152 505 2225 scholasticis
520 2157 583 2249 qui
600 2157 823 2246 praecipuum
838 2150 1015 2224 Ecclesiae
1028 2175 1152 2242 agmen

171 2279 302 2338 sumus,
325 2252 389 2324 hac
405 2257 642 2325 consolatione
654 2272 688 2328 et
704 2255 863 2325 doctrina
879 2278 967 2346 opus
981 2269 1042 2338 est,
1063 2278 1153 2349 quae

169 2358 208 2424 iu
226 2352 292 2424 hoc
312 2355 448 2424 Psalmo
467 2358 696 2446 proponitur,
723 2381 825 2449 qxtem
846 2353 1056 2424 Ambrosius
1075 2379 1152 2423 rno-

168 2458 264 2524 riens
280 2456 352 2524 suis
366 2458 633 2530 commendavit.
681 2453 759 2526 Etsi
775 2457 902 2547 passim
917 2480 1022 2545 regua
1038 2468 1074 2525 et
1089 2479 1154 2545 po-

170 2557 266 2627 litiae
284 2557 545 2640 concutientur,
571 2571 687 2625 tamen
703 2581 776 2625 uon
794 2580 938 2646 prorsus
953 2558 1151 2625 defuturam

170 2680 242 2725 esse
260 2654 433 2725 Ecclesiae
455 2660 590 2735 sedem,
616 2681 760 2749 eamque
783 2658 834 2726 ibi
859 2659 953 2740 fore,
985 2657 1048 2726 ubi
1072 2681 1153 2724 vera

170 2773 204 2828 et
224 2771 313 2825 recta
339 2759 453 2827 studia
474 2757 656 2827 doctrinae
678 2760 870 2826 durabunt.
918 2758 989 2829 Sed
1010 2758 1152 2826 interim

169 2857 389 2946 singulorum
410 2858 548 2924 animos
563 2854 607 2924 ad
631 2853 721 2924 hauc
742 2858 904 2926 militiam
928 2870 963 2926 et
984 2878 1153 2947 propaga-

168 2960 301 3028 tionem
329 2979 431 3024 verae
460 2956 640 3024 doctrinae
672 2957 800 3022 debere
826 2970 966 3044 paratos
994 2978 1086 3038 esse,
1120 2970 1153 3024 et

169 3060 282 3127 exitus
305 3055 380 3122 Deo
406 3056 670 3135 commendare,
693 3067 733 3121 ut
753 3054 792 3121 iu
816 3051 883 3122 hoc
902 3053 1040 3122 Psalmo
1064 3054 1154 3122 dici-

170 3174 243 3226 tur:
270 3152 410 3240 Exurge
424 3152 585 3239 Domine,
611 3154 738 3223 adiuva
754 3168 788 3224 et
804 3155 914 3223 libera
928 3177 994 3223 nos
1012 3169 1155 3244 propter
1203 3221 1212 3238 ,

170 3277 300 3322 nomen
319 3269 429 3324 luttm·

269 3382 358 3453 Cum
379 3397 494 3453 autem
516 3398 594 3474 post
618 3379 724 3453 huius
739 3382 871 3454 Psalmi
894 3384 1151 3455 enarrationem

81 3528 105 3553 .
171 3508 298 3575 paucos
328 3485 401 3553 dies
433 3481 641 3553 Ambrosius
667 3485 904 3569 decubuisset,
944 3500 978 3556 et
1003 3486 1153 3554 subinde

169 3586 326 3676 repetitis
343 3585 432 3655 votis
450 3581 661 3664 Ecclesiam,
681 3600 714 3653 et
730 3608 802 3652 sese
817 3583 893 3654 Deo
911 3589 1153 3653 commendas-

167 3703 237 3766 set,
263 3684 378 3753 anima
400 3686 474 3753 eins
494 3684 652 3752 extinctis
674 3684 830 3772 corporis
845 3685 998 3766 viribus,
1023 3708 1062 3752 ex
1087 3680 1153 3753 hoc

168 3788 283 3876 fragili
303 3786 483 3853 domicilio
501 3786 538 3852 in
556 3799 731 3852 aeternam
747 3787 894 3852 cedema
908 3784 979 3854 Deo
994 3779 1151 3853 adChri-

169 3904 280 3967 stum,
306 3880 500 3974 Prophetas
518 3898 551 3954 et
569 3880 757 3975 Apostolos
780 3900 919 3952 evocata
937 3896 1000 3956 est.

269 4002 446 4089 Recensui
467 4015 681 4084 curriculum
699 4014 789 4081 vitae
812 4009 994 4104 Episcopi,
1021 4014 1152 4103 optime

170 4119 287 4188 meriti
308 4120 351 4186 de
372 4114 526 4187 Ecclesia
543 4111 696 4196 Christi,
721 4115 818 4182 etde
841 4115 960 4184 multis
980 4115 1151 4202 gentibus.

170 4217 243 4288 Nec
266 4217 427 4286 adiiciam
451 4216 767 4310 comparationem,
798 4227 838 4289 ιιι
860 4215 897 4283 fit
915 4216 1091 4284 interdum
1113 4214 1151 4281 iu

170 4315 239 4389 hoc
257 4340 400 4406 genere,
426 4321 484 4387 sed
501 4342 564 4387 suo
586 4317 682 4396 loco,
708 4328 741 4383 et
756 4314 853 4406 quasi
870 4314 909 4406 ing
923 4315 1072 4384 statione
1090 4337 1152 4384 sua

171 4419 412 4509 praedicamus
425 4442 504 4487 eum
520 4412 841 4487 utiliterEcclesiae
855 4416 1023 4484 serviisse.
1055 4412 1152 4484 Haec

172 4509 298 4607 magna
314 4519 389 4587 laus
403 4532 471 4598 est,
493 4533 527 4587 et
540 4518 654 4586 maior
674 4516 840 4585 omnibus
854 4513 1064 4600 Alexandri,
1091 4529 1153 4586 aut

173 4619 349 4711 Scipionis
376 4612 576 4707 triumphis.
633 4615 685 4686 Ac
713 4631 752 4687 ut
779 4640 880 4685 suum
906 4640 1035 4685 munus
1060 4617 1151 4687 tueri

172 4733 308 4811 posset,
335 4718 526 4788 instructus
547 4715 615 4782 fuit
632 4718 827 4786 eruditione
848 4731 881 4787 et
902 4717 1022 4786 multis
1040 4710 1153 4785 cirtu-

171 4818 399 4907 tibus'dignis
415 4818 491 4886 viro
508 4815 665 4907 politico.
715 4813 758 4882 ln
779 4813 835 4885 his
851 4819 1035 4909 praecipue
1055 4815 1153 4885 fulsit

747 251 906 329 DECL.
939 251 1012 326 DE
1045 240 1328 324 ECCLESlA
1359 243 1621 324 CHRISTI.

2116 258 2192 333 698

1310 414 1544 486 Considerate
1573 416 1751 486 auditores
1772 420 1897 490 miram
1921 418 2096 497 Ecclesiae
2123 452 2191 519 gu-

1209 518 1451 586 bernationem
1468 519 1649 596 volumus,
1671 522 1899 591 admonemus
1916 527 2037 611 etiarn,
2064 542 2102 599 ut
2111 527 2187 603 Deo

1206 619 1334 706 gratias
1350 632 1471 706 agant,
1496 621 1590 711 quod
1609 619 1753 688 idoneos
1772 624 2021 709 gubernatores
2037 630 2190 703 subinde

1206 719 1391 796 exuscitat,
1423 741 1504 809 pars
1532 722 1700 810 quaedam
1724 721 1840 790 laudis
1863 725 1965 792 etiam
1979 732 2121 818 propria
2137 746 2190 802 est

1207 814 1407 899 Ambrosii,
1443 821 1536 909 quod
1570 820 1777 888 coelestibus
1803 825 1905 893 donis
1929 827 1986 916 pie
2013 853 2096 898 usus
2127 846 2189 916 est,

1205 922 1299 1008 quod
1317 920 1479 988 scaudala
1493 919 1629 1003 vitavit,
1654 944 1698 987 ue
1714 923 1836 991 dolore
1850 926 2057 996 adficeretur
2071 928 2188 1020 Spiri-

1205 1031 1260 1087 tus
1276 1032 1425 1089 sauctus.
1477 1018 1659 1089 Postremo
1684 1022 1793 1091 multa
1811 1047 1875 1093 nos
1895 1028 1938 1094 de
1955 1032 2060 1097 rebus
2078 1031 2189 1099 maxi-

1204 1117 1272 1186 mis
1296 1113 1361 1186 hae
1386 1112 1553 1187 historiae
1578 1136 1735 1191 mouent.
1787 1122 1860 1192 Nec
1878 1138 2013 1196 tantum
2031 1133 2188 1222 exempla

1205 1218 1381 1287 actionum
1413 1242 1477 1286 nos
1507 1220 1659 1289 invitant
1690 1225 1732 1289 ad
1766 1224 1906 1293 virtutis
1933 1230 2109 1314 studium,
2143 1235 2189 1302 sd

1205 1320 1454 1401 constantiam,
1481 1321 1523 1385 ad
1541 1320 1759 1408 pudicitiam.
1810 1322 1939 1395 llaeca
1957 1331 2077 1399 moltis
2097 1333 2190 1399 sirmi

1206 1434 1365 1509 possunt:
1401 1422 1457 1487 sed
1494 1419 1712 1505 singulorum
1738 1429 1995 1496 controversiae
2020 1432 2191 1502 erudiunt

1204 1520 1460 1609 posteritatem,
1482 1543 1521 1587 ex
1540 1544 1607 1588 vox
1622 1520 1760 1610 piorum
1783 1548 1933 1615 quorum
1948 1529 2076 1599 iudicia
2091 1556 2189 1600 corn·

1206 1621 1349 1709 probata
1367 1633 1450 1689 sunt
1474 1619 1685 1689 testimoniis
1704 1622 1854 1714 divinis,
1880 1627 1982 1695 valde
2006 1633 2190 1702 confirmat

1204 1720 1464 1791 imbecilliores.

1305 1816 1461 1904 Agitavit
1476 1833 1591 1888 autem
1603 1817 1812 1892 Ambrosius
1825 1828 1953 1896 multas
1967 1851 2089 1916 graves
2103 1854 2190 1900 cou-

1204 1920 1407 1998 troversiae,
1430 1918 1568 2002 utdixi,
1592 1922 1774 2011 dequibus
1784 1927 1870 2016 qrrid
1886 1932 2050 2009 senserit,
2071 1946 2190 2003 osten-

1204 2019 1294 2086 dunt
1309 2031 1341 2086 et
1356 2018 1510 2087 actiones
1525 2035 1558 2088 et
1573 2020 1700 2110 scripta
1713 2024 1796 2093 eius.
1840 2024 1915 2116 lpsa
1934 2031 2036 2097 etiam
2052 2032 2191 2122 magni-

1204 2118 1289 2188 tudo
1313 2141 1495 2187 causarum
1524 2144 1589 2188 uos
1614 2125 1899 2210 commonefacit,
1935 2144 1973 2199 ut
1998 2132 2189 2219 cogitemus

1204 2215 1380 2288 Ecclesiae
1396 2221 1690 2307 gubernatoribus
1714 2224 1904 2296 m'ultarom
1923 2254 2040 2300 rerum
2056 2233 2191 2304 doctri·-

1204 2343 1248 2386 ua
1263 2342 1352 2408 opus
1369 2343 1460 2399 esse,
1487 2338 1520 2390 et
1538 2323 1579 2388 ad
1597 2335 1690 2390 tauta
1706 2329 1895 2396 certamina
1914 2355 2040 2420 magno
2062 2333 2190 2419 studio,

1203 2442 1328 2506 magua
1344 2421 1590 2488 exercitatione
1608 2423 1643 2489 in
1662 2426 1827 2493 omuibus
1838 2430 2034 2520 disciplinis
2050 2433 2190 2523 ingenia

1203 2522 1443 2609 praeparanda
1458 2543 1542 2590 esse.
1587 2520 1707 2607 Quare
1722 2526 1962 2597 adolescentes
1979 2546 2010 2600 et
2027 2534 2189 2620 pietatem

1204 2632 1236 2687 et
1260 2621 1373 2689 studia
1399 2612 1582 2689 Ambrosii
1612 2620 1823 2708 imitamini,
1858 2653 1990 2720 vosque
2019 2631 2189 2721 singulari

1203 2720 1270 2788 Dei
1293 2721 1508 2808 benignitate
1533 2723 1577 2790 ab
1602 2722 1720 2812 impiis
1743 2738 1777 2793 et
1799 2727 1973 2798 damnatis
1995 2747 2190 2822 segregatos

1195 2843 1294 2913 pesse,
1317 2834 1349 2889 et
1359 2818 1536 2891 Ecclesiae
1552 2823 1718 2907 insertos,
1741 2839 1779 2894 ut
1794 2827 1831 2893 in
1848 2831 1948 2897 vobis
1965 2832 2095 2919 fulgeat
2109 2858 2190 2905 coe-

1203 2919 1298 2988 lestis
1324 2922 1501 3004 doctriua,
1533 2937 1567 2990 et
1582 2935 1622 2991 ut
1644 2946 1718 2991 eam
1736 2931 1947 2998 conservetis
1964 2955 2003 2999 ac
2019 2957 2191 3025 propage-

1203 3026 1264 3102 tis,
1284 3035 1506 3088 mementote.
1536 3021 1591 3090 Ad
1608 3015 1698 3091 hanc
1711 3039 1842 3094 tantam
1856 3030 2091 3117 functionem,
2110 3058 2191 3105 eru-

1202 3121 1339 3188 ditione
1354 3144 1416 3188 vos
1433 3121 1615 3204 instruite,
1642 3137 1675 3192 et
1691 3128 1856 3195 omnibus
1871 3132 2071 3203 animorum
2086 3148 2191 3227 atque

1203 3221 1425 3308 ingeniorum
1451 3223 1568 3290 nervis
1599 3227 1819 3309 contendite,
1851 3242 1891 3296 ut
1921 3224 2012 3300 hauc
2038 3248 2190 3302 vestram

1201 3317 1383 3409 Spartam,
1410 3321 1446 3388 id
1462 3336 1531 3405 est,
1556 3319 1747 3392 Ecclesiam
1765 3326 1828 3393 filii
1838 3325 1904 3396 Dei
1919 3332 2061 3402 ornetis.
2097 3335 2189 3405 Dixi.

1936 3570 2186 3585 m

1224 3717 1290 3787 No.
1308 3716 1370 3789 72.

1207 3810 1378 3838 Μ
2009 3827 2180 3855 Μ

1427 3947 1503 4028 De
1532 3947 1739 4032 Ecclesia
1774 3950 1953 4038 Christi.

1267 4099 1298 4155 lu
1319 4098 1443 4185 Dpclam.
1461 4104 1495 4158 T.
1506 4104 1526 4156 l.
1546 4124 1572 4167 p.
1586 4106 1662 4159 1052
1683 4124 1725 4176 φ,
1755 4110 1826 4182 apud
1846 4110 1973 4169 Richard.
1992 4113 2024 4170 T.
2038 4116 2085 4174 ttt.
2102 4138 2128 4190 p.
2142 4122 2186 4178 99.

1300 4179 1329 4225 ct
1343 4189 1371 4224 nt
1388 4169 1506 4226 Servest.
1525 4173 1559 4226 T.
1574 4173 1594 4230 l.
1614 4194 1640 4244 p.
1653 4125 1695 4229 Pl.

1200 4346 1970 4446 Oraticttasparisdrucipert,
1996 4361 2031 4428 S.
2059 4356 2185 4434 Theoi.

1201 4448 1392 4535 Bostaris,
1431 4445 1479 4517 de
1508 4449 1690 4520 Ecclesia·
1707 4450 1866 4543 Christi,
1908 4479 2022 4547 quom
2051 4458 2185 4535 tatuit

1199 4545 1261 4620 26.
1276 4550 1415 4639 April,
1443 4570 1530 4617 cum
1551 4550 1765 4622 decerneret
1786 4556 1943 4651 titulum
1956 4560 2186 4634 Dcctorctns

1201 4651 1249 4721 D.
1270 4654 1492 4738 Hierony-mo
1512 4652 1641 4742 Noppo
1673 4661 1711 4722 et
1730 4654 1778 4721 D.
1802 4657 2040 4730 Friedericdo
2063 4663 2185 4736 Bach-

1377 4743 1493 4840 tofen
1512 4754 1579 4819 etc.
1630 4752 2005 4829 decommum.

172 4923 282 5011 pietas
298 4934 332 4989 et
348 4943 428 4986 vera
444 4918 511 4989 Dei
529 4914 715 4986 invocatio.
766 4915 843 4986 Etsi
858 4932 973 4988 autem
984 4915 1021 4987 hi
1040 4916 1153 4985 Pane·
1202 4902 1354 5003 Quoties
1378 4938 1440 5003 ego
1464 4910 1527 4984 hos
1552 4908 1819 4991 honestissimos
1839 4943 2032 5001 conventus
2048 4927 2186 5005 schola-

172 5022 282 5114 gyrici
306 5021 390 5089 olim
418 5021 461 5088 de
485 5017 619 5106 maguis
643 5015 728 5083 viris
751 5023 1038 5107 proponebantur
1059 5018 1153 5108 ipso·
1202 5017 1305 5084 sticos
1332 5016 1481 5104 aspicio,
1511 5016 1656 5088 mirifica
1686 5021 1865 5114 voluptate
1890 5006 2046 5106 adficior.
2088 5032 2184 5122 Quid
2272 5032 2275 5039 Δ

173 5146 252 5189 mm
278 5146 378 5190 causa
403 5120 532 5209 magis,
564 5141 669 5209 quam
694 5118 915 5201 auditorum,
946 5135 1063 5188 tamen
1090 5141 1155 5186 nos
1203 5115 1297 5184 enirn
1329 5114 1366 5183 in
1395 5112 1461 5185 hac
1486 5117 1555 5186 vita
1580 5112 1737 5207 homiui,
1770 5148 1842 5193 non
1866 5152 2009 5217 prorsus
2029 5134 2187 5207 alieuoa

173 5224 242 5291 alio
261 5223 408 5292 consilio
431 5217 522 5290 hanc
545 5213 727 5289 historiam
743 5230 778 5317 et
796 5216 928 5287 similes
942 5216 1154 5288 commemo·
1206 5217 1330 5306 pietate
1362 5228 1396 5284 et
1426 5217 1555 5299 literis,
1612 5235 1723 5309 potest
1754 5227 1955 5318 contingere
1986 5233 2187 5323 iucundius,

174 5347 301 5395 ramus,
1209 5341 1312 5411 quam
1342 5317 1462 5386 videre
1492 5318 1578 5386 tales
1608 5337 1726 5393 coetus
1749 5327 1907 5399 virorum
1932 5335 2184 5421 praestantium

1511 5417 1595 5492 88*
