4732 6030
106 319 180 391 att
581 313 738 389 DECL.
787 312 860 390 DE
896 314 1178 388 Maratha
1209 310 1370 387 REGE
1405 310 1666 390 HUNGAR.

2066 327 2143 401 982

106 491 173 557 tias
197 501 361 578 egerunt,
400 500 434 556 ct
457 479 630 556 Matthias
654 501 688 557 et
713 486 909 579 principes,
950 501 985 557 et
1017 499 1096 556 vota
1149 478 1265 575 phum,
1290 483 1462 554 cuivetus
1477 478 1607 553 nomen
1623 482 1889 577 luitTeudasia,
1912 493 1948 562 id
1964 509 2026 576 est,
2041 493 2139 567 Teu-

106 592 284 672 fecerunt,
324 605 363 658 ut
386 584 501 670 Dens,
526 589 588 679 qui
611 590 883 679 veretranslert
904 601 938 658 ει
962 587 1096 659 stabilit
1148 582 1298 654 thouum
1322 585 1468 669 clonms,
1499 587 1695 677 eripuerat,
1729 590 1851 661 luedus
1880 619 1959 663 cunr
1985 592 2138 670 Matthia

105 714 231 780 regna,
263 703 302 760 ut
328 689 446 782 inquit
467 687 615 772 Daniel,
648 693 859 779 gubernaret
891 691 974 758 novi
1005 690 1097 779 regis
1148 687 1299 770 faciunt,
1326 699 1364 756 ut
1383 681 1630 756 Mahometurn
1646 689 1888 780 reprimerent.

105 805 245 882 pectus,
285 791 433 861 consilia
466 803 501 859 et
528 790 703 876 actiones,
743 807 782 863 ut
813 792 976 861 salutaris
1006 804 1096 861 esset

105 892 313 983 gubernatio
329 890 535 962 Pannoniae
552 905 586 961 et
600 892 680 960 orbi
696 888 914 964 Christiano.

206 993 306 1062 Bella
332 992 450 1063 statim
477 992 544 1061 tria
578 993 682 1062 initio
714 991 982 1081 gubernationis
1013 1013 1093 1059 eum

108 1106 332 1184 exceperunt.
398 1091 643 1178 Austriacum,
683 1090 917 1186 Telephicum
944 1107 979 1164 et
997 1089 1103 1160 Tuo·

105 1199 230 1264 cirum.
256 1193 346 1263 Nam
357 1193 561 1264 Fridericus
572 1195 774 1285 imperator,
789 1194 852 1287 qui
868 1208 965 1265 tutor
979 1195 1094 1262 luerat

106 1297 196 1384 regis
220 1296 453 1365 adolescentis
472 1293 605 1384 Pragae
623 1296 776 1379 mortui,
802 1319 972 1366 coronam
993 1316 1092 1381 regua

104 1395 306 1484 Hungariae
321 1397 503 1466 retinebat.
538 1393 584 1466 Et
600 1392 684 1467 huic
699 1396 910 1467 seNicolaus
920 1389 1093 1467 Matthiae

105 1498 270 1568 inimicus
295 1498 528 1587 adiungebat,
559 1498 623 1591 qui
644 1498 710 1569 etsi
735 1522 882 1587 regnum
905 1495 1093 1588 adpetebat

104 1600 197 1689 ipse,
225 1613 342 1668 tamen
357 1599 547 1668 simulabat
563 1621 599 1667 se
615 1613 759 1691 propter
775 1622 1000 1669 communem
1015 1593 1092 1666 Eu-

105 1723 212 1789 ropae
227 1700 376 1770 salutem
395 1699 486 1767 velle
501 1695 722 1790 Hungariam
746 1723 826 1769 cum
843 1698 988 1770 Austris
1007 1720 1092 1766 con-

105 1800 262 1869 iunctam
277 1822 367 1883 esse,
391 1817 431 1870 ut
445 1801 558 1870 suerat
573 1814 673 1871 antea
691 1801 781 1889 regis
790 1798 929 1871 Alberti
943 1813 976 1870 et
989 1797 1093 1868 Post-

105 1896 206 1969 bumi
223 1914 390 1993 tempore.
424 1898 547 1971 Movet
555 1902 672 1991 ‚igitur
687 1901 822 1972 bellum
836 1901 1002 1971 Nicolaus
1011 1896 1041 1967 F
1042 1899 1093 1967 ri-

103 2003 213 2069 derici
230 2004 384 2086 nomine,
411 2013 445 2071 et
461 2003 506 2071 ab
521 2026 561 2071 eo
578 2003 777 2086 adiuvatur,
800 2026 840 2071 ac
857 2001 975 2092 priore
989 2023 1092 2091 prae-

24 2148 27 2153 ·
105 2101 153 2170 lio
170 2103 281 2172 vincit
295 2097 470 2171 Matthiae
486 2104 684 2173 exercitum.
738 2101 807 2174 Sed
824 2101 1018 2193 posteriore
1031 2125 1090 2171 sn·

104 2216 244 2292 peratus
267 2226 307 2271 ex
324 2201 508 2292 Hungaria
531 2204 685 2295 pellitur.
737 2200 875 2275 Interea
899 2206 991 2296 apud
1010 2200 1092 2272 Fri-

103 2303 262 2374 dericum
278 2327 342 2393 per
358 2305 490 2394 legatos
504 2306 576 2395 agit
590 2299 782 2389 Matthias,
804 2306 848 2375 de
864 2328 994 2376 corona
1009 2305 1090 2373 red-

103 2407 220 2473 denda
247 2417 280 2472 et
303 2407 347 2474 de
365 2428 465 2497 pace,
493 2430 539 2474 ne
557 2407 625 2476 alia
650 2406 762 2495 magis
782 2406 975 2476 necessaria
999 2405 1090 2474 bella

103 2504 372 2595 impedirentur.
426 2505 629 2578 Pridericus
643 2508 771 2597 igitur,
797 2519 837 2578 ut
850 2522 925 2578 erat
941 2507 1091 2596 sagacis-

103 2605 213 2673 simus
234 2628 360 2691 senex,
383 2606 510 2678 maluit
534 2632 701 2677 coronam
725 2611 891 2687 reddere,
926 2632 1031 2701 quam
1057 2618 1091 2677 et

104 2706 141 2772 in
161 2701 341 2775 Austriam
359 2708 491 2777 bellum
513 2703 708 2791 attrahere,
733 2721 768 2777 et
783 2707 957 2798 impedire
980 2708 1018 2778 in
1037 2707 1091 2777 al-

59 2891 63 2895 ·
103 2816 175 2874 tera
186 2804 392 2877 Pannoniae
407 2832 468 2875 ora
479 2806 680 2876 Tuscorum
696 2808 963 2897 repressionem.
999 2805 1090 2879 Pace

102 2930 182 2976 cum
192 2905 375 2977 Friderico
391 2907 497 2990 lacta,
524 2906 621 2994 prius
636 2921 670 2977 et
686 2905 772 2974 alias
786 2905 976 2977 seditiones
990 2910 1090 2978 domi

101 3008 353 3097 opprimendas
382 3027 456 3074 esse
486 3006 638 3091 censuit,
672 3029 780 3099 quam
815 3019 911 3078 extra
942 3030 1089 3098 regnum

101 3107 290 3176 exercitum
307 3109 460 3178 duceret.

202 3203 291 3278 Erat
306 3203 487 3297 Telephus
503 3203 682 3278 bohemus
703 3221 810 3300 caput
825 3207 1018 3279 multorum
1033 3229 1089 3277 εε-

100 3307 311 3383 ditiosorum
328 3304 513 3378 hominum
531 3310 576 3378 in'
588 3305 874 3400 iugisCarpatlri,
899 3309 960 3402 qui
978 3310 1088 3378 latro-

101 3408 234 3478 cinium
251 3409 303 3479 ibi
318 3411 535 3495 exercebant,
559 3425 592 3482 et
606 3424 728 3502 regum
742 3410 964 3482 autoritatem
981 3410 1086 3480 etiam

100 3523 202 3580 antea
232 3524 536 3601 contempserant,
570 3535 610 3581 ac
638 3513 731 3583 vitae
762 3512 871 3602 patris
899 3508 1087 3580 lluniadae

101 3610 260 3682 insidiati
276 3613 425 3683 fuerant.
466 3609 543 3681 Hos
557 3635 631 3681 non
646 3613 723 3681 sine
737 3612 943 3680 difficultate
957 3610 1087 3700 partius

101 3712 234 3800 expulit
267 3737 395 3803 regno,
427 3713 556 3803 partim
588 3726 707 3806 captos
735 3710 923 3784 interfecit.
980 3709 1087 3780 Tele-

100 3807 211 3902 phum
237 3814 352 3906 ipsum
377 3813 478 3884 aiunt
499 3814 579 3904 luga
604 3814 780 3907 elapsum,
816 3827 933 3903 postea
954 3808 1087 3898 Pragae

102 3913 196 3982 inter
215 3917 398 3988 mendicos
423 3928 458 3986 et
481 3938 624 3984 errones
645 3927 850 4004 vagantem,
883 3926 966 3982 ante
983 3914 1086 3981 aedes

101 4012 254 4084 divitum
274 4018 399 4109 stipem
421 4029 456 4086 et
478 4039 603 4106 panem
630 4015 789 4107 petiisse,
816 4027 856 4084 ut
879 4014 964 4083 olim
980 4011 1088 4082 Tele-

102 4108 194 4204 phus
210 4113 248 4181 in
263 4117 451 4206 tragoediis
467 4118 682 4188 mendicasse
699 4117 829 4186 victum
848 4127 1022 4186 narratur.

205 4213 340 4285 lnterea
350 4214 576 4289 Mahometus
591 4211 902 4289 sciensMattbiam
918 4216 1086 4285 domesti-

1246 817 1335 892 Erat
1358 835 1474 891 autem
1501 817 1672 893 Matthias
1700 850 1773 895 non
1797 831 1912 899 solum
1933 832 2034 900 sortis
2054 835 2137 918 dux,

1147 924 1206 991 sed
1231 922 1336 993 etiam
1354 922 1637 1014 circumspectus.
1689 925 1800 998 Norat
1823 931 2005 1019 ingenium
2023 947 2056 1003 et
2071 959 2137 1025 po·

1147 1023 1291 1094 tentiam
1322 1018 1537 1108 Mahometi,
1578 1025 1720 1099 videbat
1752 1029 1910 1120 ingentes
1942 1056 2135 1105 successus:

1146 1123 1264 1217 itaque
1289 1124 1344 1193 sui
1363 1125 1461 1215 regni
1484 1126 1569 1195 fines
1595 1150 1719 1215 magna
1740 1130 1922 1220 vigilantia
1944 1137 2136 1222 tutabatur,

1082 1292 1091 1310 ‚
1145 1229 1204 1293 secl
1224 1240 1342 1297 tamen
1367 1225 1505 1315 longius
1524 1230 1686 1317 progredi
1710 1231 2034 1304 versusTbraciam
2058 1261 2133 1307 non
2245 1320 2248 1325 ,

1145 1326 1272 1410 voluit,
1294 1326 1406 1396 sciens
1421 1351 1457 1396 se
1472 1352 1597 1413 uncam,
1626 1330 1707 1397 belli
1725 1335 1854 1401 molem
1870 1336 2044 1408 sustinere
2058 1364 2132 1410 non

1146 1451 1262 1518 posse,
1289 1442 1323 1497 et
1339 1428 1377 1496 in
1394 1429 1581 1499 foederatis
1598 1425 1690 1499 nibil
1706 1435 1779 1522 spei
1796 1458 1880 1506 esse.

1244 1559 1372 1633 Postea
1389 1556 1597 1635 Mahometo
1618 1577 1760 1635 mortuo
1781 1592 1861 1656 cum
1878 1569 1942 1641 filii
1960 1574 2004 1642 de
2021 1598 2129 1664 regno

1143 1662 1375 1746 dissiderent,
1399 1664 1535 1733 occasio
1554 1677 1646 1750 erat,
1672 1667 1723 1736 rei
1748 1671 1925 1760 praeclare
1945 1679 2131 1764 gerendae,

1143 1766 1202 1831 sed
1228 1763 1321 1835 tristi
1344 1760 1511 1853 Eumpae
1534 1765 1628 1848 lato,
1669 1784 1873 1841 averterunt
1896 1770 2085 1845 Matthiam
2110 1803 2131 1849 a

1145 1864 1237 1932 bellu
1254 1862 1407 1933 Tarrcico
1415 1860 1571 1935 Romani
1589 1867 1764 1954 pontilicis
1781 1886 1891 1957 artes,
1917 1877 1979 1967 qni
1997 1878 2028 1944 ei
2044 1878 2130 1948 titu-

1144 1965 1217 2034 lum
1233 1964 1358 2035 tribuit
1381 1964 1478 2052 regni
1496 1960 1681 2035 Bohemici
1699 1968 1802 2040 etiam
1821 1986 1940 2041 contra
1957 1975 2131 2050 Friderici

1143 2066 1366 2157 imperatoris
1382 2067 1613 2140 voluntatem.
1640 2157 1643 2160 .
1665 2066 1848 2141 Malebant
1871 2074 1966 2143 e'nim
1984 2079 2131 2166 pontiti-

1142 2190 1198 2237 ces
1224 2167 1335 2236 deleri
1361 2160 1569 2237 Bohemicas
1590 2163 1783 2256 Ecclesias,
1806 2196 1912 2266 quam
1934 2195 2130 2264 grassantes

1143 2267 1281 2339 Tuscos
1303 2267 1460 2358 reprimi.
1518 2263 1716 2341 Attrahunt
1739 2271 1846 2362 igitur
1864 2271 2014 2346 Bohemi
2031 2278 2131 2351 Casi-

1142 2370 1271 2439 mirum
1287 2367 1518 2449 Polonicum,
1544 2370 1718 2462 optimum
1735 2397 1873 2466 regem,
1896 2378 1997 2448 cuius
2012 2384 2131 2452 consi-

1142 2470 1182 2540 lii
1198 2483 1302 2540 autor
1317 2470 1457 2540 videtur
1473 2469 1583 2540 luisse
1596 2469 1810 2550 fridericus.
1861 2474 1955 2549 Huic
1972 2480 2131 2554 infoelici
2200 2519 2207 2537 ·
2244 2542 2247 2547 .

1141 2571 1235 2641 bello
1254 2570 1447 2660 implicitus
1463 2567 1634 2642 Matthias
1650 2574 1737 2644 alias
1752 2599 1806 2646 res
1826 2579 1996 2649 salutares
2011 2578 2131 2654 Euro-

1141 2697 1206 2764 pae
1221 2672 1350 2743 omisit.
1403 2670 1541 2742 lnterea
1555 2673 1631 2743 eius
1646 2677 1769 2766 copiae
1785 2678 1822 2747 in
1839 2674 2011 2749 Bobemia
2028 2698 2061 2753 et
2077 2686 2131 2752 vi-

1141 2774 1232 2944 ¹cinis
1249 2772 1455 2863 regionibus
1475 2787 1616 2863 vagatae
1641 2779 1837 2851 vastitatem
1852 2782 1892 2850 in
1908 2782 2030 2852 multis
2043 2785 2130 2856 locis

1155 2889 1310 2946 eterunl·

1244 2989 1364 3079 Quare
1395 3003 1430 3061 et
1461 2990 1638 3083 principes
1666 2992 1706 3061 in
1735 2989 1801 3064 hac
1824 2993 2038 3074 Germaniae
2066 3027 2130 3075 ora

1141 3093 1331 3163 exercitum
1348 3104 1618 3178 contraxerunt,
1639 3106 1674 3164 ει
1691 3093 1942 3167 Vratislaviam
1964 3103 2009 3171 ad
2032 3126 2130 3193 reges

1141 3206 1381 3278 accesserunt,
1405 3207 1440 3262 et
1455 3194 1698 3284 perfecenrnt,
1722 3210 1762 3267 ut
1779 3222 1876 3289 reges
1894 3193 1962 3270 hoc
1982 3201 2130 3276 infoelix

1140 3294 1273 3363 bellum
1289 3293 1512 3379 omitterent,
1534 3307 1568 3364 ει
1578 3294 1667 3384 'pace
1683 3298 1772 3366 lacta
1799 3298 1838 3368 in
1860 3324 1922 3369 sua
1942 3325 2047 3393 regna
2072 3330 2129 3375 re-

1139 3394 1266 3464 dirent.
1318 3393 1442 3464 Postea
1463 3406 1498 3464 et
1519 3394 1688 3488 reliquias
1706 3399 1886 3488 copiarum
1905 3399 2129 3491 Hungarica-

1139 3519 1217 3564 rum
1234 3494 1272 3565 in
1289 3490 1354 3563 hac
1372 3495 1501 3564 vicinia
1520 3497 1626 3563 duces
1641 3495 1814 3566 Saxoniae
1835 3513 1871 3568 et
1895 3498 2052 3574 marchio
2068 3503 2128 3577 lo-

1137 3590 1272 3663 hannes
1288 3593 1504 3662 deleverunt.

1204 3700 1207 3704 ’
1240 3705 1438 3777 Accensum
1472 3719 1524 3776 est
1561 3730 1685 3778 rursus
1720 3711 1855 3781 bellum
1889 3711 2128 3812 Austriacum,

1138 3808 1256 3878 nescio
1278 3831 1347 3900 qua
1370 3806 1574 3891 occasione,
1599 3833 1672 3877 non
1690 3812 1786 3880 enim
1808 3830 1926 3887 extant
1947 3816 2127 3897 historiae.

1140 3909 1181 3979 ln
1196 3934 1237 3978 eo
1252 3908 1347 3978 bello
1363 3931 1443 3976 cum
1456 3904 1629 3976 Viennam
1644 3929 1844 4002 occupasset
1854 3915 2036 4009 Matthias,
2051 3950 2126 3997 non

1138 4010 1250 4081 multo
1275 4021 1353 4100 post
1378 4008 1417 4076 in
1440 4032 1480 4078 ea
1499 4010 1588 4079 urbe
1611 4026 1773 4083 mortuus
1795 4030 1858 4087 εει.
1910 4016 2024 4095 Aiunt
2040 4051 2127 4118 apo-

1138 4111 1251 4204 plexia
1267 4111 1458 4181 extinctum
1474 4133 1566 4195 esse,
1594 4136 1699 4204 quaro
1717 4115 1767 4185 ira
1784 4112 2026 4195 vehementior
2043 4127 2126 4198 irri-

1139 4225 1282 4285 taverat.
1330 4209 1426 4282 Haec
1440 4212 1485 4281 de
1499 4212 1602 4282 bellis
1620 4210 1792 4286 Matthiae
1808 4219 1965 4308 legimus.
2017 4224 2126 4301 Domi

101 4316 151 4385 cis
167 4316 270 4385 bellis
284 4331 491 4407 occupatum
506 4344 591 4402 esse,
619 4315 944 4390 mittitHalibecum
960 4319 1086 4388 ducem
1139 4318 1178 4384 in
1191 4312 1455 4397 iurisdictione,
1481 4313 1546 4383 etsi
1563 4314 1657 4384 risus
1674 4332 1725 4388 est
1740 4321 1907 4410 asperior,
1933 4338 2050 4398 tamen
2067 4330 2124 4402 iu-

101 4417 140 4484 in
155 4407 442 4510 Syrmium'cum
467 4443 594 4511 magno
616 4419 780 4493 exercitu.
830 4415 945 4489 Erant
968 4421 1086 4488 autem
1138 4415 1314 4499 stusluit,
1341 4427 1472 4485 etcum
1499 4415 1617 4486 literas
1639 4415 1867 4511 intelligeret,
1891 4426 2072 4517 religionis
2090 4445 2125 4502 et

101 4517 274 4608 praesidia
299 4517 488 4588 mediocria
514 4521 551 4587 in
570 4523 633 4593 illo
650 4522 747 4613 regni
766 4521 896 4605 limite,
920 4521 980 4590 sed
997 4536 1087 4613 quae
1139 4516 1280 4587 virtutis
1304 4516 1520 4602 doctrinam,
1560 4531 1594 4587 et
1615 4517 1702 4606 legit
1723 4521 1893 4609 libenter,
1927 4541 1961 4598 et
1985 4531 2125 4604 amavit.

102 4621 164 4690 diu
189 4620 361 4690 sustinere
383 4620 647 4691 multitudinem
669 4623 858 4696 Turcicarn
885 4646 958 4691 non
987 4636 1088 4712 pote·
1141 4618 1384 4688 Venerabatur
1404 4612 1581 4688 Ecclesiae
1605 4644 1756 4705 nomeu,
1790 4638 1825 4694 et
1853 4650 1872 4692 a
1904 4622 2125 4703 sacerdotum

101 4730 193 4791 rant.
244 4720 436 4792 Descendit
450 4721 558 4812 igitur
574 4747 634 4791 rex
649 4736 684 4792 et
697 4725 839 4813 praeliis
855 4722 992 4815 aliquot
1008 4723 1087 4792 suso
1139 4720 1362 4790 eruditorum
1384 4718 1573 4810 colloquiis
1595 4722 1639 4788 dc
1664 4721 1825 4793 doctrina
1847 4720 2027 4799 Ecclesiae
2050 4755 2126 4803 non

102 4836 136 4892 et
156 4823 276 4912 fugato
293 4821 456 4893 Halibcci
480 4823 655 4906 exercitu,
678 4839 796 4915 postea
814 4824 1009 4896 Dracolum
1031 4836 1088 4916 ty·
1139 4817 1372 4897 abhorrebat,
1393 4842 1434 4887 ac
1449 4833 1543 4889 certa
1568 4834 1724 4911 tempora
1751 4823 1968 4896 invocationi
1989 4831 2127 4904 tribue·

102 4947 256 4992 rannum
285 4925 420 5016 coepit,
454 4939 488 4995 et
512 4925 702 4995 exercitum
731 4925 769 4993 in
796 4924 952 4996 Bosnam
977 4925 1089 5009 aurit,
1140 4925 1211 4995 bat.
1243 4914 1502 4990 bibliothecam
1519 4921 1686 4993 instruxit
1702 4946 1830 5015 magno
1843 4944 1997 5019 sumptu,
2011 4958 2127 5026 quan.

101 5023 165 5094 ubi
205 5022 332 5096 laicam
371 5027 496 5097 urbem
527 5024 667 5097 Bosnae
701 5026 924 5117 praecipuam
960 5023 1088 5096 Turris
1140 5038 1174 5096 ta
1189 5036 1283 5092 extra
1304 5018 1442 5091 ltaliam
1460 5023 1557 5092 nulla
1574 5035 1637 5091 est.
1686 5019 1741 5095 Er
1758 5021 1823 5098 hac
1838 5028 1942 5100 utiles
1956 5033 2041 5104 libri
2054 5033 2128 5105 Po·

99 5126 242 5196 ademit.
1141 5125 1258 5220 lybios
1273 5136 1308 5192 et
1323 5119 1504 5193 Diodorus
1518 5122 1661 5196 Siculus
1683 5125 1837 5216 primum
1861 5133 2008 5222 prolati,
2032 5137 2128 5228 typis

202 5223 279 5298 Hac
302 5228 452 5298 victoria
474 5230 562 5300 moti
586 5227 733 5310 Veneti,
758 5227 889 5321 quibus
907 5240 994 5299 tunc
1009 5225 1089 5296 Ma-
1141 5225 1258 5295 excusi
1279 5238 1373 5299 sunt.
1426 5220 1628 5297 Delectatus
1648 5241 1701 5297 est
1725 5230 1875 5301 maxime
1899 5228 2128 5306 historiarum

100 5321 263 5400 bometus
281 5326 476 5400 chalcidem
500 5332 700 5414 ademerat,
725 5343 759 5401 et
777 5327 986 5399 Gennenses
1008 5328 1092 5422 qui·
1141 5324 1359 5415 cognitione,
1384 5347 1473 5419 quas
1487 5328 1625 5400 curavit
1646 5351 1688 5397 ex
1705 5325 1841 5404 Graeca
1858 5332 1977 5422 lingua
2000 5335 2131 5408 multas

100 5429 167 5500 bus
189 5431 311 5502 nobile
333 5432 533 5527 emporium
558 5431 596 5500 in
622 5429 774 5503 Taurica
790 5424 1012 5501 Chersoneso
1033 5428 1091 5501 la-
1140 5426 1354 5498 inLatinam
1369 5427 1553 5499 transferri
1566 5427 1623 5498 sui
1638 5451 1721 5502 usus
1736 5454 1860 5519 mura,
1884 5433 2010 5505 didicit
2024 5437 2131 5511 etiam

1432 5520 1513 5605 62⁴
