4732 6030
111 226 130 319 á¿˜
166 261 240 338 soc

168 433 314 529 quidem
349 430 385 498 in
416 427 489 497 illis
521 427 608 496 locis
639 449 785 514 regnare
810 424 938 494 veritas
960 437 993 494 et
1016 422 1163 495 iustitia.

169 534 243 610 Sed
266 545 400 604 constat
422 555 463 599 ex
479 526 609 599 scholis
627 529 665 596 iu
685 529 744 596 illa
762 529 837 596 loca
855 523 940 595 haec
956 537 1164 599 ornamenta

170 635 300 708 afferri.
352 631 480 722 Qualis
496 633 592 700 enim
611 645 699 700 esset
715 630 875 700 doctriua
895 630 933 696 in
952 628 1107 719 templis,
1134 626 1165 695 si

171 741 209 811 in
239 732 369 807 scholis
398 759 454 804 res
484 759 558 803 non
580 746 695 803 essent
718 731 867 820 agitatae
890 744 926 800 ct
945 728 1165 800 illustratae?

172 839 298 932 Qualis
321 851 410 907 esset
432 836 630 907 aulicorum
655 834 885 903 consiliorum
904 833 1018 902 etiori
1035 832 1164 901 harba-

171 944 261 1027 ries,
289 941 318 1010 si
340 965 413 1008 non
438 951 569 1009 extaret
585 941 758 1032 quaedam
774 934 911 1005 erudita
928 935 1016 1003 iuris
1032 935 1164 1004 doctri-

172 1044 240 1115 na?
292 1040 431 1112 Deinde
459 1037 527 1109 hoc
555 1041 717 1119 interest,
752 1040 796 1106 de
827 1037 994 1106 omnibus
1027 1037 1163 1125 magnis

171 1149 276 1218 rebus
298 1141 440 1214 scholae
463 1142 716 1222 consuluntur,
750 1135 889 1209 scholae
913 1140 1164 1229 pronunciant,

170 1274 246 1320 non
262 1245 452 1338 Episcopi,
479 1258 540 1314 aut
560 1243 689 1327 aulici,
715 1255 777 1312 aut
790 1240 971 1314 causidici.
1022 1239 1164 1310 Postre-

170 1376 232 1421 mo
258 1350 297 1418 in
319 1343 449 1418 scholis
473 1361 524 1416 est
547 1346 696 1436 simplex
719 1344 877 1415 studium
898 1367 1016 1413 rerum
1042 1344 1163 1435 iuqui-

170 1455 367 1524 rendarum
381 1464 414 1519 et
432 1448 765 1541 patefaciendamm.
816 1445 858 1517 ln
868 1442 1036 1515 Ecclesiis
1052 1446 1163 1515 multa

171 1557 211 1624 in
241 1553 472 1646 popularibus
501 1549 734 1621 concionibus
764 1548 933 1620 dicuntur
957 1548 1163 1640 improprie,

169 1656 281 1727 multa
321 1655 424 1724 etiarn
466 1652 549 1747 quia
581 1653 736 1745 populus
766 1675 839 1720 non
869 1664 984 1742 potest
1015 1650 1164 1743 assequi,

170 1769 450 1851 praetereuntur.
504 1753 579 1826 lam
601 1755 641 1822 in
662 1754 752 1824 aulis
774 1768 808 1823 et
826 1754 904 1822 loro
922 1748 1096 1821 horribile
1111 1765 1163 1820 est

171 1861 280 1945 dictu,
303 1871 475 1952 quantum
491 1857 536 1925 sit
548 1851 774 1946 sophistices.
822 1852 944 1947 ltaque
957 1876 1059 1944 saepe
1074 1849 1164 1922 mihi

171 1963 272 2033 venit
293 1961 330 2029 in
352 1971 505 2028 mentem
524 1958 653 2026 veteris
665 1956 806 2026 fabulae
822 1957 866 2023 de
884 1951 1032 2038 Astrea,
1057 1978 1163 2046 quam

167 2067 291 2135 lerunt
306 2062 443 2152 pulsam
463 2058 684 2143 civitatibus,
710 2071 828 2148 postea
846 2057 884 2124 in
903 2080 985 2125 rure
1001 2056 1064 2125 diu
1079 2056 1165 2124 soli-

168 2182 244 2239 tam
262 2162 424 2254 agricolis
438 2161 653 2231 concionari.
706 2158 758 2228 lta
772 2155 863 2228 mihi
877 2159 1019 2229 videtur
1033 2182 1163 2250 prope-

167 2268 317 2338 modum
335 2264 433 2355 pulsa
450 2263 615 2341 exsulis,
644 2285 685 2328 ex
700 2262 798 2344 loro,
824 2285 865 2329 ex
880 2260 1019 2352 templis
1038 2274 1072 2331 et
1084 2260 1163 2329 aliis

167 2366 358 2441 hominum
388 2365 547 2435 coetibus
568 2364 713 2448 Astrea,
744 2358 812 2432 hoc
842 2377 912 2447 est,
945 2364 1103 2434 veritatis
1129 2375 1163 2432 et

169 2470 329 2543 iustitiae
344 2467 520 2550 doctrina,
540 2460 657 2535 adhuc
672 2459 815 2533 haerere
827 2466 865 2533 in
876 2459 1016 2535 scholis.
1043 2463 1163 2554 Quare

169 2598 251 2644 cum
272 2571 390 2639 minus
412 2569 459 2638 sit
479 2561 686 2659 sophistices
709 2568 746 2634 in
764 2561 915 2651 scholis,
941 2593 1047 2660 quam
1063 2568 1163 2652 alibi,

170 2695 250 2747 curn
271 2672 376 2742 bonis
398 2695 510 2740 unum
535 2666 602 2740 hoc
625 2670 671 2739 sit
695 2670 852 2739 studium
876 2673 1051 2741 eruendae
1069 2670 1163 2738 veri-

169 2780 271 2861 tatis,
299 2798 435 2844 summa
456 2775 534 2842 laus
558 2796 631 2842 esse
652 2772 796 2840 debebit
814 2773 906 2841 vitae
924 2768 1162 2855 scholasticae,

168 2902 259 2974 quae
281 2877 425 2970 quidem
450 2875 566 2960 imago
589 2874 762 2962 quaedam
784 2886 835 2940 est
852 2871 950 2939 illius
967 2873 1160 2941 beatissimi

169 2995 300 3064 status,
326 2979 364 3045 in
385 3000 456 3068 quo
475 2995 581 3041 aurea
600 2972 660 3039 illa
678 2983 789 3039 aetate
807 2972 974 3041 vivebant
989 2968 1162 3057 homines,

168 3083 200 3153 si
221 3106 290 3174 qua
315 3080 402 3158 fuit,
427 3087 488 3142 aut
510 3085 602 3141 certe
623 3071 752 3141 victuri
770 3086 889 3156 erant,
915 3073 1084 3145 siluisset
1100 3074 1161 3143 illa

165 3207 277 3257 aurea
299 3190 411 3258 actas,
436 3175 466 3243 si
487 3186 612 3243 natura
635 3167 824 3242 hominum
846 3174 969 3245 fuisset
994 3175 1162 3245 immunis

164 3311 189 3356 a
206 3278 341 3375 peccati
354 3278 432 3345 labe
450 3290 483 3346 et
498 3299 517 3343 a
534 3290 661 3346 morte.
714 3272 812 3363 Quid
829 3276 924 3344 enim
942 3291 1026 3346 tune
1039 3279 1162 3347 luisset

161 3385 243 3456 vita
256 3376 464 3463 hominurn,
484 3376 555 3445 nisi
571 3377 1016 3471 iucundissimaquaedam
1030 3376 1161 3465 schola,

163 3489 205 3558 in
227 3507 297 3578 qua
320 3481 474 3551 seniores
498 3492 531 3548 et
550 3479 820 3570 praestantiores
837 3483 881 3549 de
896 3483 1002 3550 rebus
1017 3483 1160 3566 divinis,

165 3591 212 3660 de
238 3599 366 3656 natura
392 3606 533 3665 rerum,
567 3582 611 3649 de
633 3582 896 3652 immortalitate
919 3578 1158 3653 humanorum

165 3691 388 3773 animorum,
423 3685 467 3754 de
488 3681 697 3752 coelestibus
718 3683 894 3763 motibus,
927 3685 969 3752 de
992 3686 1160 3754 omnibus

166 3793 258 3862 vitae
281 3787 407 3858 officiis
428 3784 633 3855 docuissent
654 3785 832 3876 reliquos?
884 3783 926 3855 ln
950 3782 1015 3855 hac
1034 3781 1159 3856 Philo-

165 3887 289 3986 sophia
304 3904 337 3960 et
353 3885 559 3958 huiusmodi
573 3886 874 3978 disputationibus
895 3899 1034 3978 tempus
1054 3913 1160 3956 omne

164 3991 465 4084 consumpsissent
486 3989 642 4057 seniores
665 3989 891 4062 et-iuniores.
959 3988 1031 4058 Nec
1053 3989 1158 4057 aliam

164 4098 279 4169 vitam
298 4095 405 4163 luisse
421 4089 522 4161 Adae
539 4103 574 4159 et
588 4090 759 4159 similium
775 4091 978 4182 principum
999 4091 1157 4160 virorum

162 4198 297 4272 iudico.
365 4193 482 4264 Huius
509 4192 704 4263 beatissimi
733 4205 844 4263 status
875 4194 990 4281 imago
1015 4206 1066 4263 est
1087 4192 1157 4262 vita

163 4294 383 4374 scholastica.

267 4397 350 4469 Dixi
373 4397 579 4467 brevissime
601 4397 644 4466 de
661 4396 865 4466 necessitate
881 4408 915 4465 et
932 4397 975 4463 de
993 4394 1158 4464 utilitati-

161 4509 245 4589 bus,
271 4505 398 4571 addam
416 4501 520 4568 etiam
537 4500 581 4567 de
598 4499 780 4569 sanctitate
795 4493 902 4568 huius
921 4497 1022 4567 vitae.
1067 4494 1157 4565 Nul-

162 4611 240 4682 lum
258 4603 333 4674 Deo
357 4602 491 4693 gratius
513 4616 565 4671 est
589 4600 763 4681 officium,
801 4623 908 4692 quam
933 4599 1092 4669 veritatis
1123 4612 1158 4669 ct

161 4709 322 4787 iusticias
341 4705 501 4775 studium
521 4719 554 4772 et
576 4706 793 4794 propagatio.
852 4701 942 4771 Nam
965 4696 1051 4770 haec
1073 4715 1157 4772 sunt

159 4811 351 4909 praecipua
366 4804 432 4875 Dei
447 4807 560 4889 dona,
586 4804 624 4872 in
640 4805 770 4897 quibus
785 4800 854 4872 Dei
868 4803 1065 4895 praeseutia
1080 4828 1156 4872 ma-

651 249 811 325 nsct.
852 248 927 327 DE
959 244 1156 322 LAUDE
1191 242 1376 320 VITAE
1409 238 1731 324 scflonasr'.

2131 246 2208 318 302

1216 423 1312 515 quod
1335 421 1556 491 inducendo
1580 435 1614 493 et
1633 421 1803 491 discendo
1824 427 2000 514 versatur,
2026 416 2205 510 Deoâ€˜gra-

1214 523 1390 594 tissimum
1414 524 1475 605 sit,
1506 536 1541 594 et
1562 519 1632 595 hoc
1655 524 1803 592 nomine
1829 525 2041 595 antecellant
2064 518 2206 593 scholae
2262 548 2269 563 Â¹

1215 627 1358 716 templis
1381 640 1415 697 et
1437 626 1546 710 aulis,
1572 627 1655 719 quia
1679 625 1791 695 maius
1806 640 1857 697 est
1869 627 2027 698 studium
2045 624 2204 695 veritatis

1215 729 1253 797 in
1275 724 1418 802 scholis.
1472 726 1592 816 Quare
1613 729 1643 796 si
1664 728 1744 821 quis
1765 743 1923 798 sanctum
1946 729 2038 797 vitae
2060 728 2205 797 institu-

1214 844 1289 900 tum
1320 831 1475 924 quaerit,
1507 855 1581 900 non
1610 832 1718 900 abdat
1745 854 1781 899 se
1803 832 1842 899 in
1866 831 2097 914 solitudines,
2128 853 2205 897 non

1214 946 1313 1024 putet
1336 933 1433 1001 alind
1459 957 1533 1002 esse
1555 933 1723 1004 sacratius
1746 933 1839 1004 vitae
1860 956 1988 1024 genus,
2015 934 2074 1001 sed
2094 932 2131 1000 in
2149 927 2206 1001 his

1214 1035 1425 1104 discentium
1443 1037 1676 1105 conventibus
1694 1051 1853 1121 maneat,
1878 1033 1937 1104 hic
1952 1050 2100 1106 conetur
2115 1035 2205 1104 bene

1213 1138 1342 1206 mereri
1363 1140 1406 1205 de
1427 1160 1554 1227 genere
1578 1126 1752 1218 humano,
1780 1140 1903 1208 doceat
1925 1139 2033 1224 alios,
2062 1151 2095 1206 et
2119 1135 2205 1205 sciat

1215 1234 1281 1310 hoc
1305 1240 1459 1308 osticium
1485 1241 1651 1327 prodesse
1671 1241 1715 1307 ad
1738 1241 2042 1310 conservationem
2067 1253 2100 1308 et
2123 1263 2204 1328 pro-

1215 1343 1437 1432 pagationem
1460 1342 1676 1431 optimarum
1699 1365 1836 1423 rerum,
1865 1344 2002 1412 erudiat
2023 1342 2206 1440 ambigen-

1215 1458 1265 1514 tes
1280 1444 1528 1527 conscientias,
1554 1446 1764 1536 respondeat
1780 1447 1824 1513 de
1839 1444 1933 1527 iure,
1960 1448 2074 1537 deque
2088 1443 2206 1513 omni-

1213 1548 1281 1616 bus
1302 1547 1394 1616 vitae
1416 1546 1561 1632 officiis,
1584 1546 1742 1638 inquirat
1762 1571 1883 1617 rerum
1900 1560 2084 1630 naturam,
2110 1569 2205 1614 mor-

1213 1651 1342 1718 borum
1373 1649 1549 1731 remedia,
1583 1672 1704 1718 causas
1733 1651 1971 1720 mutationum
2005 1649 2044 1716 in
2066 1662 2207 1736 natura,
2269 1646 2278 1663 â¹

1214 1764 1332 1820 motus
1354 1764 1388 1820 et
1409 1750 1550 1820 effectus
1574 1751 1759 1836 coelestes,
1785 1766 1969 1844 praeparet
1985 1752 2205 1820 iuventutem

1215 1854 1258 1921 acl
1275 1851 1425 1919 maiores
1440 1864 1549 1935 artes,
1574 1866 1713 1921 enarret
1727 1851 1911 1938 historias,
1936 1854 2081 1923 mandet
2095 1850 2208 1921 literis

1215 1978 1270 2022 res
1291 1967 1422 2041 gestas,
1448 1953 1600 2025 illustret
1622 1968 1728 2025 artes:
1755 1951 1841 2026 haec
1865 1956 2015 2049 quisque
2034 1955 2094 2047 qui
2112 1953 2208 2037 facit,

1215 2054 1290 2126 Deo
1302 2055 1538 2146 gratissimum
1555 2058 1690 2127 cultum
1709 2072 1870 2150 praestat,
1894 2062 1982 2129 etde
1996 2081 2122 2148 genero
2134 2053 2207 2124 hu-

1215 2182 1320 2227 mano
1346 2160 1521 2248 praeclare
1547 2173 1719 2246 mereturÍ¾
1743 2176 1928 2231 conservat
1952 2162 2048 2231 enim
2073 2159 2206 2228 doctriÎ‡

1204 2255 1297 2329 *nam
1313 2260 1537 2331 utilissimam
1552 2263 1660 2347 vitae,
1686 2263 1815 2334 format
1831 2288 1965 2348 mores,
1993 2262 2122 2333 iudicia
2140 2256 2207 2329 hoÎ‡

1214 2364 1371 2444 minum,
1402 2363 1531 2433 retinet
1554 2388 1697 2455 pacem,
1722 2365 1860 2454 mitigat
1884 2366 1997 2434 multa
2021 2365 2112 2431 mala
2141 2388 2207 2452 puÎ‡

1216 2466 1320 2534 blica.
1371 2463 1459 2534 Tale
1481 2463 1571 2571 vitae
1594 2488 1705 2552 genus
1725 2491 1800 2535 non
1821 2468 1936 2536 solum
1959 2477 2110 2558 praestat
2127 2489 2206 2531 mo-

1216 2567 1370 2647 nastico,
1396 2570 1455 2637 sed
1472 2592 1553 2637 vere
1568 2567 1731 2637 divinum
1749 2581 1811 2640 est.

1316 2664 1439 2739 Cicero
1466 2667 1694 2761 reprehendit
1716 2668 1922 2752 Platonem,
1949 2669 2045 2762 quod
2067 2666 2208 2751 dixerit,

1213 2765 1468 2862 Philosophus,
1495 2772 1631 2841 tametsi
1655 2774 1856 2845 abstineant
1877 2771 2068 2862 aReipub.
2092 2769 2207 2838 admi-

1213 2871 1433 2955 nistratione,
1459 2888 1578 2944 tamen
1595 2873 1704 2943 iustos
1722 2898 1805 2958 esse,
1826 2888 1971 2966 propter
1987 2868 2078 2941 hanc
2096 2873 2205 2963 ipsam

1214 2996 1420 3063 magnarum
1446 2999 1565 3044 rerum
1590 2976 1868 3069 inquisitionem.
1936 2975 2006 3047 Sed
2027 2973 2129 3047 Plato
2150 2997 2207 3042 reÎ‡

1215 3075 1368 3144 ctissime
1393 3077 1513 3146 sensit.
1565 3073 1630 3147 Est
1654 3079 1750 3148 enim
1774 3078 1930 3163 iusticia,
1956 3102 2059 3148 suum
2076 3100 2207 3169 ,quem-

1214 3202 1283 3269 que
1304 3166 1458 3246 ollicium
1479 3180 1593 3249 facere
1611 3195 1645 3250 et
1660 3181 1814 3251 fructum
1830 3182 1905 3249 eius
1921 3180 2027 3249 ollicii
2046 3179 2207 3248 conferre

1213 3281 1256 3345 ad
1281 3303 1504 3349 communem
1530 3283 1677 3351 salutem
1702 3284 1840 3375 generis
1858 3279 2017 3352 humani.
2072 3278 2113 3350 ld
2132 3305 2206 3349 maÎ‡

1212 3380 1305 3449 xime
1335 3382 1419 3452 iacit
1448 3379 1709 3476 Philosophus,
1751 3386 1813 3478 qui
1843 3387 2050 3473 religiones,
2084 3407 2204 3451 rerum
2264 3422 2268 3430 -

1212 3497 1397 3568 naturam,
1423 3509 1544 3555 causas
1566 3487 1727 3554 omnium
1749 3483 1977 3556 honestorum
1997 3485 2207 3569 officiorum,

1212 3586 1304 3673 leges
1327 3586 1494 3676 explicat,
1519 3602 1552 3655 et
1570 3583 1632 3656 has
1649 3611 1704 3655 res
1721 3588 1860 3656 divinas
1876 3590 2020 3658 caeteris
2039 3586 2207 3676 impertit,

1211 3700 1302 3755 artes
1323 3688 1496 3771 illustrat,
1519 3703 1582 3757 aut
1604 3690 1721 3773 docetÍ¾
1748 3691 1902 3782 deniqne
1919 3693 1981 3780 qui
1996 3690 2152 3758 veritatis
2172 3702 2206 3758 et

1213 3787 1366 3856 iustitiae
1385 3790 1582 3859 doctrinam
1607 3792 1767 3858 conferre
1786 3793 1828 3859 ad
1847 3792 1997 3859 aliorum
2014 3790 2205 3858 utilitatem

1212 3891 1339 3961 studet.
1376 3887 1448 3956 Nec
1463 3903 1628 3976 putemus
1643 3890 1769 3957 melius
1786 3892 1912 3959 mereri
1929 3894 1973 3959 de
1989 3915 2115 3980 genere
2135 3886 2204 3959 hu-

1210 4014 1317 4056 mano
1343 3989 1398 4056 vel
1422 3989 1616 4057 causidicos
1640 3990 1797 4083 aliquos,
1822 3993 1883 4085 qui
1908 3994 1945 4061 in
1964 3995 2040 4063 foro
2057 4007 2204 4063 contro-

1212 4090 1360 4173 versias,
1385 4104 1446 4161 aut
1468 4106 1667 4181 exponunt,
1696 4108 1755 4162 aut
1779 4096 1973 4178 dirimunt,
1999 4099 2056 4166 vel
2071 4096 2203 4166 aediles

1212 4192 1273 4286 qui
1301 4205 1426 4283 pontes
1459 4194 1598 4286 aliquos
1626 4195 1780 4280 faciunt,
1819 4199 1874 4266 vel
1905 4213 2115 4268 mercatores
2138 4199 2204 4292 qui

1117 4343 1120 4349 Î‡
1212 4297 1305 4364 iusto
1337 4296 1454 4384 precio
1481 4320 1536 4364 res
1561 4297 1667 4366 titiles
1690 4298 1895 4389 important.
1959 4298 2071 4372 Recte
2092 4303 2202 4392 igitur

1211 4397 1311 4468 Plato
1333 4398 1439 4481 dixit,
1470 4399 1581 4467 iustos
1604 4423 1676 4468 esse
1699 4397 1953 4494 Philosophus,
1984 4405 2046 4497 qui
2070 4405 2204 4474 doctriÎ‡

1210 4524 1292 4568 narn
1315 4500 1438 4570 utilem
1465 4501 1557 4568 vitae
1582 4505 1739 4572 tradunt.
1791 4503 1871 4573 Non
1890 4504 2200 4597 gessirtttagtscm-

1209 4616 1266 4672 tus
1283 4600 1470 4685 Isocrates,
1496 4605 1554 4670 sed
1580 4606 1737 4671 consiliis
1761 4607 1834 4674 suis
1854 4609 2064 4694 gubernavit
2085 4608 2201 4700 lmpe-

1209 4718 1361 4774 ratorem
1392 4703 1673 4773 laudatissimum
1698 4703 1948 4798 Timotheum,
1979 4724 2013 4778 et
2033 4712 2201 4781 formavit

1208 4807 1349 4896 ingenia
1373 4806 1589 4889 multorum,
1616 4810 1677 4900 qui
1703 4823 1820 4898 postca
1845 4810 1884 4878 in
1900 4809 2040 4901 Repub.
2065 4816 2200 4904 princi-

160 4918 257 4989 xime
277 4911 374 4981 cerui
396 4920 519 4998 potest.
569 4904 666 4978 Haec
688 4903 784 4976 Deus
805 4906 992 4997 praecipue
1014 4923 1156 4976 conser-
1208 4932 1269 4999 pes
1299 4908 1501 4978 extiterunt.
1567 4907 1639 4977 Nec
1671 4911 1799 4978 melius
1822 4914 1866 4980 de
1886 4910 2031 5004 Repub,Â¹
2053 4918 2200 4986 meritus

159 5017 238 5090 vari
262 5013 436 5106 postulat,
463 5010 605 5077 imoâ€˜ad
629 5004 725 5078 hunc
742 5009 847 5076 linem
865 5010 1051 5099 praecipue
1068 5031 1155 5076 conÎ‡
1178 4990 1182 5138 l
1207 5025 1259 5079 est
1280 5004 1474 5079 Aeschines
1499 5011 1716 5103 causidicus,
1750 5038 1856 5106 quam
1880 5012 2107 5099 Aristoteles,
2135 5019 2198 5113 qui

159 5120 231 5193 diti
250 5129 336 5188 sunt
356 5110 536 5190 homines,
562 5124 602 5180 ut
621 5111 682 5179 alii
698 5111 787 5181 alios
803 5113 950 5181 doceant
968 5112 1013 5178 de
1028 5109 1103 5181 Deo
1121 5122 1155 5178 et
1206 5112 1271 5182 etsi
1296 5136 1360 5180 nec
1386 5110 1613 5202 Magistratus
1635 5115 1757 5205 gessit,
1789 5141 1853 5185 nec
1875 5143 1995 5189 causas
2021 5122 2109 5211 egit,
2146 5138 2198 5192 ta-

159 5224 242 5296 aliis
264 5220 371 5291 rebus
394 5213 505 5286 bonis.
560 5209 617 5281 Ad
641 5207 732 5282 hanc
755 5213 943 5284 utilitatem
966 5211 1085 5281 addita
1103 5224 1156 5280 est
1206 5238 1288 5284 men
1310 5211 1553 5284 Alexandrum
1577 5229 1610 5285 et
1633 5217 1764 5286 multos
1787 5220 1874 5288 alios
1890 5219 2074 5315 Principes
2096 5223 2198 5291 linxit

158 5323 337 5398 divinitus
360 5313 516 5388 humano
539 5315 658 5404 generi
676 5314 850 5387 sermonis
865 5313 1153 5388 communicatio.
1204 5317 1250 5384 ad
1291 5316 1467 5387 iusticiam
1498 5330 1532 5386 et
1558 5316 1838 5391 beneficentiam.
1916 5321 2057 5394 Deinde
2090 5321 2196 5405 hodie

159 5425 285 5519 Quare
313 5444 387 5494 uon
416 5418 566 5490 dubium
596 5430 665 5504 est,
703 5419 792 5512 quin
821 5411 889 5489 hoc
914 5415 1008 5490 vitae
1028 5438 1152 5513 genus,
1205 5418 1311 5488 etiam
1343 5421 1433 5490 bene
1463 5434 1620 5491 meretur
1649 5425 1695 5492 de
1718 5420 1860 5516 Repub.
1891 5426 2035 5519 reliquit
2067 5449 2197 5497 monu-
