4732 6030
147 312 218 386 461
682 303 845 383 DECL.
882 305 960 382 DE
991 302 1263 382 SEBALDO
1296 299 1640 381 MUNSTERO.

59 547 62 557 .
147 485 187 553 in¹
210 494 277 572 qua
300 488 338 549 r'e
355 478 546 571 'praecipue¹
568 479 751 570 integritas
775 477 906 572 ipsius,
931 480 1134 551 innocentia

2105 317 2181 395 462

1287 475 1331 546 ld
1352 477 1382 545 si
1399 477 1478 570 quis
1502 475 1541 545 in
1564 500 1671 569 parva
1693 477 1798 569 laude
1818 481 2023 575 ponendum
2048 505 2175 578 censet,
2251 536 2254 541 -

148 596 182 655 et
204 582 340 652 iusticia
363 580 489 650 eluxit:
519 605 593 652 non
616 582 710 651 enim
734 583 779 651 ad
803 584 1036 668 calumniam,
1060 606 1134 652 non
1186 579 1215 648 is
1238 575 1328 647 mibi
1350 571 1623 671 haudquaquam
1644 603 1699 648 ¹0⁸
1721 606 1762 650 e0
1788 606 1859 677 ‘1¹¹⁰
1878 603 2060 659 merentur
2083 616 2176 683 pon-

148 686 191 757 ad
207 683 450 766 acerbitatem,
475 705 548 751 non
566 684 608 751 ad
627 683 866 773 cupiditatem,
892 708 966 754 non
981 686 1135 775 denique
1185 684 1267 749 dere
1286 681 1402 749 metiri
1419 680 1570 754 videtur.
1609 678 1700 750 Nam
1716 683 1779 775 qui
1796 685 1937 775 ingenia
1953 706 2176 781 praeparant,

148 787 189 854 ad
206 798 388 876 quaestum
403 783 440 851 id
455 784 611 853 studium
631 785 791 855 contulit.
849 782 930 854 Non
952 786 1061 875 igitur
1074 785 1136 853 ille
1185 795 1225 851 ut
1248 777 1401 871 Reipub.
1426 780 1563 872 possint
1586 801 1660 850 esse
1680 784 1779 871 usui,
1805 787 1936 880 quique
1962 788 2051 858 illud
2069 795 2176 862 semi-

146 886 257 974 magis
280 884 575 954 Iurisconsultus
599 908 705 978 quam
729 886 887 956 iusticiae
911 888 982 956 dici
1007 887 1134 977 potuit,
1187 882 1324 950 uarium
1339 883 1501 971 politiae,
1528 904 1674 973 nempe,
1698 885 1917 958 iuventutem
1931 890 2054 961 fovent
2070 906 2178 986 atque

148 988 229 1080 qui,
261 999 300 1054 ut
325 989 368 1054 de
387 985 511 1054 Servio
529 983 652 1054 Cicero
672 987 867 1076 praedicat,
894 1013 983 1080 quae
1004 1013 1024 1056 a
1047 987 1136 1076 legi·
1185 983 1370 1067 excolunt,
1406 996 1447 1053 ut
1475 984 1699 1076 tempestivos
1732 986 1817 1056 inde
1847 991 1982 1059 fructus
2015 993 2175 1064 civitates

145 1090 212 1158 bu's
240 1101 274 1156 et
297 1111 316 1156 a
340 1086 421 1156 lure
449 1086 545 1155 civili
567 1086 897 1177 proficiscebantur,
929 1112 1067 1180 semper
1091 1089 1134 1158 ad
1186 1085 1322 1176 possint
1343 1083 1541 1174 percipere,
1572 1079 1611 1152 bi
1631 1110 1705 1156 non
1727 1090 1834 1179 paulo
1857 1091 1984 1160 melius
2006 1095 2179 1169 derebus

146 1189 350 1259 facilitatem
365 1187 647 1279 aequitatemque
664 1190 845 1272 referebat,
872 1213 987 1282 neque
1004 1188 1136 1259 consti·
1186 1181 1352 1255 humanis
1380 1185 1507 1253 mereri
1528 1185 1752 1257 existimandi
1782 1204 1882 1274 sunt,
1916 1216 2022 1284 quam
2045 1196 2108 1286 qui
2129 1198 2175 1266 ad

147 1304 244 1362 tuere
258 1289 375 1357 litium
393 1289 547 1357 actiones
563 1289 730 1368 malebat,
758 1304 863 1382 quam
881 1291 1137 1359 controversias
1186 1287 1261 1376 ipsa
1282 1309 1400 1354 rerum
1416 1286 1652 1374 gubernacula
1669 1290 1802 1359 sedent·
1851 1290 1901 1361 Ηὶ
1919 1294 2034 1375 enim,
2061 1320 2179 1387 quan·

148 1391 283 1462 tollere.
333 1387 412 1457 Hoc
434 1413 517 1457 vero
542 1413 621 1458 curn
637 1391 676 1457 in
699 1392 798 1459 omni
815 1391 887 1460 vita
907 1405 982 1460 tum
1006 1393 1043 1459 iu
1062 1407 1137 1462 stu·
1185 1382 1422 1461 tumfortein
1436 1384 1742 1469 ussoNesloreessl,
1768 1387 2178 1483 Reipubtommodant,

148 1492 233 1571 diis,
258 1505 291 1561 et
314 1490 377 1559 illo
399 1491 581 1559 doctrinae
607 1513 752 1579 genere,
778 1493 817 1561 in
840 1516 909 1584 quo
933 1495 1138 1563 versabatur
1186 1503 1221 1558 at
1237 1488 1292 1555 illi
1308 1489 1427 1557 decem
1443 1489 1605 1577 pluresve
1621 1485 1788 1558 Nestoras
1805 1514 1845 1559 ex
1870 1515 1932 1563 sua
1948 1489 2067 1565 schola
2090 1522 2178 1589 pro-

147 1593 331 1684 praecipue
356 1591 421 1659 sibi
447 1591 668 1680 propositum
693 1588 838 1672 babuit,
872 1607 911 1662 ut
933 1617 988 1678 se,
1022 1617 1137 1688 quan·
1186 1592 1332 1659 ducunt.
1365 1582 1614 1677 Reguntbiac
1631 1602 1778 1660 tuentur
1794 1595 2070 1688 unamaliquam
2086 1599 2177 1667 civi·

148 1707 223 1762 turn
257 1704 402 1784 posset,
434 1687 675 1777 contraheret,
709 1718 862 1785 suoque,
896 1698 991 1787 quod
1025 1696 1137 1780 aiunt,
1187 1703 1313 1769 tatem,
1353 1689 1408 1756 illi
1441 1688 1562 1758 multis
1595 1689 1798 1762 civitatibus
1831 1695 2083 1782 gubernatores
2116 1699 2177 1768 in·

148 1797 237 1885 pede
253 1794 455 1877 metiretur,
481 1807 514 1862 et
531 1796 625 1887 quod
643 1795 705 1864 ille
721 1797 765 1864 de
780 1794 986 1865 Mecoenate
1003 1797 1105 1867 dicit:
1187 1802 1341 1859 struunt.
1393 1785 1557 1880 Denique
1573 1813 1714 1875 eorum,
1740 1793 1802 1884 qui
1818 1791 2027 1886 Rebuspub.
2041 1797 2181 1870 utiliter

1188 1912 1344 1980 praeesse
1360 1901 1520 1979 possent,
1547 1889 1647 1959 brevi
1662 1893 1718 1960 vel
1737 1893 1890 1975 nullum,
1916 1898 1971 1964 vel
1986 1922 2181 1990 perpaucos

222 1917 340 1998 Parcis,
367 1931 396 1979 et
407 1922 440 1978 iu
456 1930 559 1977 tenues
572 1913 719 1978 humiIem
735 1931 765 1978 te
783 1921 900 1997 colligis
916 1920 1044 1980 umbras.

1187 1987 1344 2060 babituri
1370 2013 1539 2076 essemus,
1574 1991 1605 2060 si
1629 1993 1833 2063 docentium
1855 1995 2031 2070 industria
2057 2001 2180 2072 labor-

148 2029 185 2097 id
211 2032 255 2097 de
277 2028 429 2099 Doctore
451 2025 603 2094 Sebaldo
628 2027 805 2094 verissime
824 2025 894 2094 dici
916 2027 1048 2117 potuit;
1073 2049 1136 2095 sua

148 2130 242 2198 enim
277 2141 390 2212 sorte,
421 2139 500 2195 utut
533 2139 641 2206 esset,
674 2149 809 2196 summe
841 2139 1026 2198 contentus
1059 2128 1137 2212 luit,
1187 2116 1255 2185 ‘1¹¹e
1277 2105 1396 2165 mm·

87 2297 92 2306 .
147 2231 317 2301 sublimes
344 2242 377 2297 et
402 2228 604 2317 splendidas
629 2228 869 2311 conditiones,
894 2241 935 2298 ut
956 2230 1136 2302 molestia·
1282 2189 1903 2321 Essiigliurylllssu⁸ll¹⁰m⁰llffiln
1918 2199 2178 2294 Reipeosna·

146 2356 244 2414 mm,
271 2328 439 2421 periculi,
465 2341 570 2420 ,tque
593 2329 748 2396 invidiae
772 2329 909 2419 plenas,
936 2330 1055 2419 fugere
1079 2355 1138 2401 30,
1190 2308 1414 2415 vareputat,
1448 2321 1510 2388 qur
1536 2314 1756 2370 ruventutem
1783 2306 1971 2390 erudiunt,
2001 2321 2119 2377 tamen
2147 2307 2182 2377 si

147 2434 257 2514 lebat,
292 2429 443 2520 subinde
466 2425 533 2499 boc
554 2428 764 2516 subiiciens,
796 2431 892 2522 quod
916 2444 967 2501 est
990 2431 1136 2504 aPoe'ta
1188 2398 1267 2515 (ἰώ
1282 2411 1349 2467 ¹³l³
1368 2420 1450 2466 lm
1467 2398 1622 2514 {affinia
1646 2414 1680 2470 ‘l
1694 2425 1760 2492 ΡΝ)
1775 2404 2020 2493 m³8niludf1¹0
2042 2409 2179 2478 ulilita-

148 2534 325 2624 sapifflqe,
339 2532 490 2601 (fidum,
1186 2512 1233 2568 trs
1253 2498 1444 2589 expendat,
1487 2498 1659 2586 mtellrgct
1683 2501 1825 2571 nullum
1849 2525 1960 2591 genus
1988 2502 2180 2577 hominum

212 2653 416 2731 credamini,
444 2656 519 2715 bene
536 2657 588 2737 qui
608 2658 713 2734 latuit,
737 2657 812 2716 bene
829 2659 924 2736 vixit,
951 2671 980 2719 et
995 2663 1073 2720 intra
1188 2622 1261 2669 non
1272 2596 1510 2715 Respublica
1530 2600 1659 2717 ,φάθ’
1685 2602 1745 2669 sed
1763 2615 1797 2672 et
1813 2599 2007 2722 chlffiifm
2029 2609 2182 2725 pefinde

248 2755 411 2817 Fortunam
430 2756 517 2818 debet
534 2762 661 2840 quisque
676 2777 795 2817 manere
809 2779 903 2818 suam.
1187 2713 1367 2771 commem
1389 2723 1430 2768 ac
1450 2699 1626 2786 fflbssm’
1664 2714 1704 2772 ut
1724 2725 1784 2771 ‘⁰⁸
1809 2729 1871 2797 ‘lm
1901 2730 2052 2797 anam
2077 2709 2180 2778 illam

147 2868 264 2940 Huius
286 2868 396 2957 igitur
417 2868 491 2935 voti
514 2868 571 2934 sui
598 2867 735 2957 prolixe
762 2891 905 2956 compos
934 2870 1067 2954 factus,
1098 2871 1136 2940 id

148 2982 353 3042 consecutus
369 2979 432 3048 est,
451 2966 547 3054 quod
561 2966 781 3052 paucissimis
797 2967 980 3054 contingit,
997 2993 1138 3060 nempe,

146 3089 186 3144 ut
210 3071 303 3140 etin
330 3065 485 3152 negociis
511 3065 588 3146 sine
619 3064 797 3154 periculo,
830 3080 864 3136 et
893 3068 932 3134 in
956 3069 1033 3138 ocio
1055 3093 1136 3138 curn

147 3171 318 3259 dignitate
347 3166 489 3236 viveret.
552 3162 731 3257 Planeque
762 3190 842 3235 eum
871 3168 963 3237 vitae
995 3193 1135 3240 cursum

147 3270 280 3347 tenuit,
308 3289 412 3358 quem
437 3289 515 3332 cum
542 3288 664 3333 omnes
687 3267 782 3336 docti
805 3291 845 3336 ac
869 3272 1043 3359 sapientes
1067 3272 1136 3341 viri

146 3393 282 3460 semper
297 3367 365 3436 sibi
382 3366 643 3455 exoptaverim,
667 3369 767 3457 pauci
790 3380 908 3437 tamen
930 3384 1048 3443 tenere
1072 3397 1137 3463 po-

146 3484 301 3554 tuerunt,
327 3468 502 3558 praeclare
518 3468 612 3534 enim
630 3467 806 3552 illedixit,
832 3471 1036 3567 quicunque
1051 3475 1135 3545 fuit:

1187 2815 1334 2872 aetatem
1354 2822 1437 2868 sana
1456 2801 1617 2870 doctrina
1638 2814 1672 2871 et
1695 2803 1839 2893 optimis
1855 2806 2087 2898 opinionibus
2107 2809 2180 2879 im-

1187 2904 1320 2987 buunt,
1353 2898 1557 2990 praesertim
1583 2901 1613 2968 si
1639 2903 1718 2994 quis
1745 2928 1825 2972 cum
1857 2909 1994 3000 reliqua
2018 2911 2181 2982 doctriua

1187 3004 1344 3074 studium
1367 3023 1471 3070 verae
1488 3000 1629 3091 pietatis
1649 3025 1689 3072 ac
1706 3005 1889 3094 religionis
1908 3009 2112 3101 coniungit,
2137 3012 2179 3081 id

1187 3106 1282 3196 quod
1308 3100 1498 3172 Doctorem
1524 3100 1715 3173 Sebaldum
1747 3107 1848 3175 enixe
1879 3108 2008 3179 seimus
2036 3112 2212 3183 fecisses·

1186 3228 1264 3274 eam
1285 3203 1379 3273 enim
1397 3201 1615 3287 doctrinam,
1641 3227 1709 3296 qua
1725 3201 1926 3279 Christiana
1942 3211 2070 3301 religio
2091 3237 2182 3284 con·

1186 3306 1338 3389 tinetur,
1369 3303 1596 3393 cupidissime
1627 3307 1924 3396 amplectebatur,
1956 3313 2001 3380 ad
2030 3336 2180 3407 eamque

1186 3419 1220 3476 et
1241 3405 1440 3476 studiorum
1461 3426 1630 3490 suorum,
1653 3418 1687 3476 et
1708 3408 1895 3478 universae
1916 3413 2010 3482 vitae
2033 3436 2177 3484 cursum

1185 3505 1378 3596 dirigebat,
1410 3528 1430 3574 a
1453 3505 1626 3576 librorum
1650 3529 1831 3577 sacrorum
1852 3511 2002 3580 lectione
2018 3514 2180 3607 quotidie

247 3591 356 3654 Foelix
369 3594 422 3650 ille
436 3590 530 3648 animi
545 3587 681 3670 dirisque
698 3593 872 3652 simillimus
886 3597 971 3673 ipsis,

249 3691 352 3773 Quem
364 3713 426 3752 nou
440 3690 576 3750 mendaci
588 3692 779 3770 resplendens
793 3695 889 3771 gloria
905 3694 977 3755 luco

247 3794 415 3871 Sollicitat,
442 3813 505 3852 nou
523 3794 627 3852 i'astosi
643 3796 720 3853 mala
734 3794 841 3874 gaudia
856 3798 962 3878 luxus,

248 3896 310 3961 Sed
324 3899 431 3958 tacitos
444 3897 515 3954 sinit
530 3898 572 3954 ire
586 3894 667 3970 dies,
695 3907 724 3955 et
740 3916 869 3976 paupere
884 3901 970 3959 cultu

246 3998 354 4081 Exigit
369 4003 515 4058 innocuae
531 3999 691 4079 tranquilla
707 4000 822 4057 silentia
840 4002 929 4060 vitae.

1185 3629 1249 3678 sua
1278 3607 1396 3675 studia
1417 3606 1608 3696 auspicari,
1647 3605 1685 3673 in
1708 3632 1817 3700 eaque
1838 3612 1998 3682 desinere
2028 3629 2064 3684 et
2089 3638 2177 3685 con-

1185 3706 1363 3800 quiescere
1383 3706 1529 3777 solebat„
1589 3701 1638 3775 Et
1657 3719 1697 3776 ut
1723 3709 1796 3799 ipse
1827 3711 1867 3778 in
1893 3714 1992 3780 omni
2024 3716 2094 3783 vita
2117 3716 2177 3805 pie

1090 3837 1094 3843 ·
1184 3808 1331 3877 affectus
1347 3819 1422 3874 erat
1437 3827 1518 3893 erga
1532 3802 1646 3874 Deum
1662 3828 1702 3876 ac
1720 3803 1913 3888 Christum,
1938 3811 1985 3879 ita
2003 3813 2177 3884 familiam

1185 3930 1326 4001 quoque
1341 3926 1460 3983 suam,
1485 3905 1687 3994 liberosque
1703 3929 1743 3974 ac
1759 3907 1952 3998 discipulos
1964 3912 2011 3980 ad
2026 3916 2176 3984 eandem

1077 4012 1084 4035 ⁸
1185 4005 1325 4097 pietatis
1340 4027 1460 4073 curam
1480 4025 1618 4072 summo
1634 4005 1751 4076 studio
1772 4007 1952 4080 nitebatur
1972 4016 2174 4086 transferre.

145 4111 236 4186 Cum
251 4112 360 4201 igitur
376 4110 431 4178 illi
447 4109 539 4178 vitae
554 4107 735 4191 instituto,
762 4110 858 4200 quod
880 4107 948 4177 sibi
966 4119 1061 4177 certo
1078 4106 1137 4176 iu·
1183 4106 1307 4199 Neque
1330 4105 1367 4173 id
1388 4105 1494 4174 modo
1515 4103 1742 4177 sanctissimis
1762 4105 2087 4200 cohortationibus,
2112 4141 2175 4187 vc-

150 4215 243 4286 dicio
277 4212 468 4300 delegerat,
502 4209 725 4301 praelegendi
760 4233 800 4278 ac
826 4209 976 4279 docendi
1005 4231 1136 4278 munus
1184 4230 1264 4278 rum
1280 4220 1315 4277 et
1329 4205 1486 4296 exemplo
1503 4229 1577 4290 suo,
1602 4207 1832 4302 moribusque
1846 4234 1886 4280 ac
1902 4213 1975 4283 vita
1991 4216 2177 4304 efficiebat,

147 4314 297 4385 maxime
321 4311 510 4382 convenire
534 4312 728 4394 statuisset,
754 4309 870 4380 statim
895 4313 939 4379 ad
959 4311 996 4379 id
1022 4310 1137 4400 coepit
1184 4331 1290 4403 quam
1306 4332 1386 4378 cum
1401 4308 1470 4399 pie,
1493 4306 1629 4391 sobrie,
1654 4321 1816 4403 casteque
1829 4311 1989 4404 exigeret,
2015 4317 2071 4386 vel
2087 4308 2174 4389 taci-¹

147 4417 306 4488 animum
332 4414 528 4506 adplicata,
559 4412 781 4505 moltumque
806 4434 845 4480 ea
875 4412 914 4480 in
939 4435 977 4481 re
1001 4411 1136 4501 ingenii
1184 4425 1241 4482 tus
1262 4409 1335 4480 suis
1358 4422 1476 4480 tamen
1496 4408 1610 4478 calcar
1632 4411 1784 4485 addebat
1806 4417 1851 4486 ad
1874 4416 2023 4485 eandem
2044 4419 2176 4491 saucti-

148 4516 374 4600 dexteritate,
395 4514 546 4585 multum
564 4512 651 4598 fide,
675 4513 868 4602 plurimum
883 4537 966 4583 vero
983 4512 1136 4602 diligen·
1184 4512 1340 4582 moniam
1357 4511 1649 4602 amplectendam.

146 4622 197 4693 tia
219 4631 254 4688 et
277 4615 479 4687 assiduitate
502 4613 717 4683 discentibus
733 4613 877 4706 profuit.
929 4612 1011 4684 Non
1032 4616 1136 4706 pauci
1282 4609 1391 4682 Dedit
1413 4635 1499 4680 vero
1519 4610 1575 4678 illi
1594 4609 1710 4697 Deus,
1740 4626 1781 4684 ut
1803 4611 1912 4684 vitam
1932 4613 2109 4707 placidam
2132 4640 2176 4691 ae

147 4722 244 4793 velut
262 4717 359 4787 aditu
384 4718 562 4809 ianuaque
577 4714 621 4783 ab
636 4713 711 4804 ipso
735 4715 926 4806 patefacta,
952 4718 996 4786 ad
1010 4715 1134 4786 intima
1184 4712 1431 4805 tranquillam,
1453 4711 1501 4781 ita
1521 4710 1679 4780 animum
1699 4714 1744 4781 ad
1764 4738 1907 4783 omnem
1923 4717 2104 4789 fortunam
2119 4719 2175 4791 ie-

148 4818 341 4917 penetralia
358 4817 433 4887 eius
447 4815 613 4886 scientiae
628 4814 800 4885 foeliciter
814 4817 1021 4907 introgressi
1040 4830 1137 4903 sunt,
1183 4817 1330 4885 rendam
1353 4812 1615 4905 aequissimum.
1678 4812 1813 4884 Solitos
1841 4830 1915 4886 erat
1944 4819 2114 4906 subinde,
2142 4820 2174 4891 si

149 4925 282 5019 quique
304 4921 343 4988 in
365 4915 431 4987 bac
455 4914 573 4986 schola
600 4939 674 4983 non
696 4913 818 4986 infimo
837 4918 915 4989 loco
937 4931 1020 4989 sunt
1042 4919 1136 4989 inter
1184 4915 1270 5008 quid
1296 4914 1565 4997 sacerrimus,
1597 4925 1639 4982 ul
1664 4927 1746 4983 sunl
1772 4910 1946 5003 humana,
1978 4921 2174 5004 accidisset,
2279 4919 2281 4922 ’

147 5023 421 5099 lureconsultos,
441 5013 480 5086 bi
495 5041 530 5089 se
544 5015 690 5088 Ductori
704 5013 858 5089 Sebaldo
872 5020 1011 5104 debere,
1030 5019 1137 5112 quid·
1184 5016 1336 5108 seipsum
1359 5010 1426 5085 hac
1448 5038 1534 5085 voce
1562 5014 1756 5101 consolari,
1789 5030 1829 5086 ut
1851 5018 2001 5106 diceret,
2032 5044 2069 5091 se
2089 5022 2174 5105 ista,

150 5126 237 5218 quid
253 5125 291 5191 in
311 5148 349 5192 ea
368 5120 528 5192 doctrina
546 5116 777 5210 profecerint,
801 5118 954 5207 ingenue
971 5122 1137 5206 fatentur,
1184 5117 1443 5210 qualiacunque
1463 5129 1596 5200 estem,
1623 5115 1710 5184 b⁰¹¹l
1731 5118 1934 5205 ⁰⁰⁰⁸⁰l⁰¹02
1958 5124 2053 5216 (1⁰⁰⁶
2069 5124 2174 5195 ⁸⁶31&

148 5229 193 5298 ab
215 5226 327 5318 ipsius
344 5223 438 5293 enim
453 5220 614 5309 diligenti
630 5244 670 5290 ac
687 5218 1031 5292 lideliinstitutione
1052 5245 1136 5312 pro-
1185 5241 1316 5287 nomen
1337 5241 1440 5288 suurn
1462 5218 1678 5309 adscriptum
1703 5238 1777 5287 esse
1800 5242 1950 5293 numero
1971 5237 2173 5294 sanctorum

148 5351 301 5420 gressos,
339 5321 435 5402 haud
468 5321 606 5392 difficili
637 5343 743 5393 cursu
776 5343 817 5391 eo
843 5344 915 5414 quo
941 5323 1139 5408 voluerint,
1186 5320 1225 5388 in
1240 5319 1350 5393 coelo.
1403 5314 1440 5391 Ο
1454 5342 1575 5389 vocem
1589 5318 1705 5414 piam,
1732 5331 1766 5389 et
1783 5344 1887 5415 qoam
1912 5323 2052 5393 nullum
2072 5322 2173 5393 aliud

148 5427 359 5522 pervenisse.
1185 5420 1257 5491 nisi
1270 5415 1413 5493 Cbristo
1430 5421 1598 5493 devotum
1617 5434 1738 5513 pectus
1754 5435 1868 5513 potest
1890 5420 2064 5494 emittere:
2091 5422 2175 5519 qui·
