4732 6030
51 306 128 382 aas
636 291 798 375 nucu
837 288 915 368 nn
946 287 1177 370 onoma
1209 292 1496 372 orsoenos.
2021 313 2097 386 „0
2165 344 2169 352 .

53 503 142 553 uam
172 499 274 548 nemo
300 471 453 567 expetit,
489 470 526 542 id
559 470 721 562 signum,
754 482 795 540 ut
826 450 1051 538 Medicorum
1203 461 1251 537 Et
1270 467 1460 561 quiaame
1477 468 1951 568 publico'nominehabetur
1969 507 2093 587 oratio,

53 605 156 653 more
178 581 324 671 loquar,
360 573 737 656 decernitinteritnm;
770 570 831 639 sed
852 569 937 637 nolo
960 566 1052 635 male
1102 580 1240 637 tantum
1284 570 1318 638 ei
1343 570 1521 690 .i‘ib¹¹⁹ii⁵
1567 583 1784 672 autoritatis,
1832 593 2093 692 Adolescens&

54 676 219 754 ominari.
279 675 328 749 Et
350 675 599 770 utaliquando
622 675 728 743 finem
747 661 1052 753 faciam,1adhor·
1103 682 1274 762 quantum
1298 685 1505 742 cxrstrmatrs
1529 699 1601 748 esse
1618 681 1656 749 in
1676 680 1742 755 hoc
1760 694 1908 789 collegio
1933 707 2091 781 virorum

55 796 114 861 tor
135 806 217 866 vos,
251 781 313 874 qui
333 778 426 849 datis
448 800 591 869 operam
609 774 830 852 Medicinae,
856 767 1052 886 qtmagni-
1102 772 1318 862 optimorum
1347 786 1381 891 et
1404 775 1704 893 doctissimorum,
1741 815 2009 891 praeceptorum
2032 837 2095 882 ve-

56 884 218 960 tudinem
243 895 278 952 et
299 881 506 972 dignitatem
528 875 757 969 professionis
778 886 912 942 vestrae
932 893 1052 939 consr-
1102 888 1276 967 strorum,
1307 898 1369 966 qur
1391 871 1480 944 mrhr
1511 872 1601 950 hanc
1625 909 1812 976 personam
1835 900 2093 996 imposuerunt,

54 986 199 1058 deretis.
259 981 388 1055 Sicarii
410 992 495 1051 sunt
516 1002 591 1048 non
615 975 770 1061 Medici,
803 974 865 1066 qui
891 984 1051 1060 aegrotos
1102 972 1192 1042 Nam
1216 968 1344 1042 horum
1369 978 1527 1058 omnium
1553 990 1744 1076 sententia,
1776 1021 1851 1070 mea
1869 1015 2014 1081 vocead
2032 1042 2093 1086 vo,

57 1087 258 1176 attingunt,
284 1084 314 1152 si
337 1083 449 1153 sciant
473 1103 572 1151 suam
596 1078 770 1148 inscitiam
788 1074 861 1144 illis
876 1072 1052 1164 periculo·
1104 1076 1297 1166 perfertur,
1324 1077 1480 1168 quicum
1497 1083 1741 1178 vobisoptime
1755 1105 1955 1178 consultum
1972 1117 2093 1204 velint,

57 1209 133 1257 sam
158 1188 248 1259 fore.
305 1183 444 1254 Dabitis
466 1181 575 1272 igitur
603 1202 766 1270 operam,
799 1191 841 1247 ut
863 1174 1050 1266 perfectam
1102 1200 1176 1244 non
1199 1176 1368 1247 desinunt
1380 1176 1451 1271 [vos
1471 1174 1540 1251 hoc
1567 1185 1605 1253 in
1635 1191 1712 1260 loco
1735 1193 1916 1276 adhortari
1940 1218 1984 1282 ad
2009 1215 2110 1292 hoec,

56 1270 259 1358 doctrinam
285 1289 327 1357 acl
352 1284 548 1356 curandum
573 1281 738 1353 afferatis.
794 1274 843 1347 Et
864 1276 946 1369 quia
968 1270 1052 1343 huic
1103 1277 1219 1348 studia
1244 1279 1410 1359 colenda,
1444 1307 1533 1375 quae
1558 1298 1633 1355 tum
1653 1293 1751 1361 robis
1765 1303 1929 1386 privatim
1945 1309 2092 1392 honesta

55 1389 183 1461 ordini
207 1387 363 1458 defensio
386 1385 513 1457 veteris
537 1396 571 1453 et
595 1402 781 1474 germanae
805 1371 1051 1470 philosophiae
1103 1393 1207 1471 atque
1231 1378 1352 1475 utilia,
1387 1394 1462 1450 tum
1485 1381 1639 1477 Reipub.
1665 1395 1879 1488 retinendae!
1899 1425 2092 1493 necessaria

56 1487 207 1581 aRep.·
222 1489 466 1561 commendata
494 1499 566 1571 est,
599 1484 712 1553 nolite
744 1480 979 1562 committere,
1011 1487 1051 1547 ut
1103 1480 1361 1577 esseiudicant.
1412 1481 1547 1578 Siquis
1565 1504 1681 1561 antem
1699 1489 1805 1568 huius
1827 1511 1963 1585 ordinis
1990 1541 2092 1595 auto.

57 1591 163 1687 quasi
194 1591 331 1661 deserta
363 1590 535 1673 statione,
574 1585 764 1678 proiecisse
785 1605 826 1652 ac
855 1579 1052 1672 prodidisse
1103 1583 1243 1652 ritatem
1268 1594 1494 1674 aspernatur,
1535 1604 1569 1659 et
1594 1591 1949 1685 iudiciacoutemnit
1975 1614 2092 1695 homi-

59 1717 143 1768 cum
160 1691 313 1763 maximo
327 1691 471 1783 publico
487 1690 635 1768 damno,
662 1681 978 1778 praestantissimas
993 1703 1052 1748 ar·-
1103 1706 1209 1767 nram,
1242 1707 1317 1752 non
1340 1685 1455 1755 solum
1479 1691 1692 1783 peritorum,
1723 1702 1784 1770 sed
1804 1709 1988 1790 etiamtoti
2005 1722 2093 1797 Rei.

58 1807 112 1867 tes
129 1792 334 1867 videamini.
372 1790 534 1883 Cumque
549 1783 609 1861 hic
624 1790 714 1858 ordo
731 1785 872 1855 duobos
886 1783 955 1850 iam
971 1781 1052 1847 mil·
1104 1783 1267 1874 publicae
1288 1786 1678 1883 optimccupientium,
1711 1802 1750 1869 in
1773 1799 2093 1899 hociuredeside-
2187 1792 2229 1828 ἃ

59 1894 156 1969 libus
168 1918 366 1973 annorum,
393 1905 444 1963 tot
458 1892 554 1960 enim
569 1882 898 1958 numeranturanni
907 1883 951 1949 ab
960 1877 1054 1971 Hip-
1106 1885 1216 1952 canda
1231 1884 1298 1955 erit
1313 1879 1525 1960 humanitas.

59 2009 222 2088 pocrate,
249 1986 501 2084 Philosophiae
515 1990 788 2081 professionem,
818 2004 955 2054 summa
973 2004 1053 2051 tum
1205 1980 1301 2055 Duxi
1318 2001 1433 2058 aulem
1449 2013 1512 2059 v⁰8
1526 1986 1767 2076 adhortandos
1787 2035 1878 2098 esse,
1912 2047 1956 2092 ne
1973 2031 2091 2103 studia

61 2096 177 2188 gloria
207 2095 417 2178 retinuerit,
460 2090 702 2182 turpissimum
734 2098 823 2157 esset
854 2107 931 2154 eam
956 2105 1054 2152 nunc
1105 2085 1316 2166 inferiorum
1337 2091 1467 2160 artium
1489 2096 1688 2187 negligatis,
1722 2132 1812 2200 quae
1832 2121 1895 2189 etsi
1914 2130 1958 2195 ad
1977 2155 2092 2225 popu.

61 2201 208 2270 demum
231 2189 403 2266 amittere.
460 2188 578 2284 Atque
601 2214 665 2281 ego
687 2186 824 2260 tametsi
852 2180 939 2255 hacc
961 2198 1054 2254 aetas
1104 2189 1179 2258 lum
1194 2211 1319 2278 parum
1334 2185 1468 2265 habent
1482 2202 1745 2294 ostentationis,
1769 2227 1885 2290 tamen
1901 2231 1943 2295 ad
1962 2257 2094 2324 cogno.

61 2300 250 2392 plusquam
274 2298 388 2367 ferrea
408 2305 461 2364 est
474 2291 580 2364 bonis
596 2294 701 2362 rebus
725 2289 912 2373 omnibus,
936 2299 1055 2356 tamen
1105 2290 1251 2359 scendas
1271 2292 1468 2383 superiores
1489 2312 1602 2384 artes,
1628 2328 1717 2396 quae
1734 2320 1919 2396 continent
1939 2335 2094 2406 admini-

61 2401 180 2490 erigor
198 2399 375 2469 interdurn
398 2420 458 2486 spe
474 2394 645 2488 quadam,
671 2417 750 2462 curn
769 2389 965 2460 nonnullos
982 2387 1055 2456 vir·
1106 2390 1311 2480 strationem
1329 2391 1484 2486 Reipub.
1510 2400 1603 2469 viam
1620 2417 1793 2486 sternunt.
1847 2421 1969 2520 ltaque
1989 2440 2093 2509 eriam

62 2503 150 2575 tutis
167 2522 269 2569 causa
289 2493 375 2568 haec
389 2498 505 2567 studia
528 2508 599 2564 tota
622 2507 740 2562 mente
766 2505 910 2583 totoque
934 2489 1053 2558 animo
1107 2495 1151 2561 de
1171 2492 1297 2562 ordine
1320 2495 1480 2568 discendi
1504 2524 1613 2591 pauca
1627 2508 1814 2603 addemus,
1841 2527 1903 2617 qni
1920 2531 1959 2600 in
1974 2541 2094 2608 omni.

64 2602 251 2692 complecti
268 2601 522 2669 animadverto.
575 2592 623 2666 Et
638 2594 762 2687 siquis
778 2587 1055 2676 esthninsmodi‚
1090 2596 1174 2686 'bus
1205 2594 1311 2664 rebus
1338 2599 1431 2669 valet
1456 2600 1667 2692 plurimum,
1709 2628 1749 2685 ut
1772 2626 1977 2703 suavissime
2006 2640 2096 2714 dixit

64 2699 150 2774 hnic
167 2726 302 2772 sunnna
322 2702 525 2779 voluntate,
550 2692 648 2767 hunc
665 2693 951 2765 honestissimum
970 2693 1056 2762 titu-
1104 2689 1327 2799 Xenophon:
2020 2776 2023 2780 .

64 2807 140 2876 lum
156 2804 389 2886 Doctoratns,
415 2799 649 2870 decernimus.
696 2792 793 2864 Dixi.
1107 2787 1200 2856 0th
1213 2789 1315 2871 οὕτως
1327 2790 1496 2881 ‘ittam'
1510 2798 1687 2870 θὸῐέκᾱλόν
1699 2807 1895 2903 ἀνθρώποις,
1919 2824 1963 2904 ὥς
1975 2829 2096 2917 ἧτάξις.

1210 2894 1259 2968 Et
1274 2902 1408 2971 utinde
1424 2929 1559 2974 sumam
1574 2910 1736 3003 initium,

946 2974 948 2981 s
1275 3001 1283 3018 ι
1376 3005 1385 3020 ·
1764 2928 1964 3004 societatem
1982 2966 2098 3033 quan·
2197 2924 2199 2928 Α

70 3021 1058 3057 W
1109 2999 1192 3067 dam
1217 3013 1346 3071 artium
1374 3018 1468 3072 mter
1489 3029 1525 3074 se
1551 3033 1624 3080 esse
1646 3017 1752 3093 scitis.

1855 3055 1937 3104 nare
1960 3043 2027 3110 etia
2087 3050 2096 3067 '

1110 3101 1282 3191 quaedam
1294 3102 1332 3170 in
1353 3104 1424 3174 vita
1445 3109 1613 3182 excellere
1628 3131 1734 3210 atque
1747 3027 1902 3200 emiiicre
1921 3070 2098 3235 videnliiii

63 3198 134 3272 No·
149 3196 211 3267 26,
885 3194 1045 3258 sn.1531·
1110 3215 1230 3271 tamen
1252 3202 1403 3274 aliarum
1427 3232 1495 3299 ope
1515 3211 1688 3304 indigent.
1713 3225 1717 3231 ’
1750 3224 1871 3312 Quare
1890 3236 2098 3330 impruden·

62 3293 195 3337 Μ
878 3284 1049 3314 Μ
1109 3315 1165 3372 ter
1181 3302 1337 3390 faciunt,
1361 3308 1424 3400 qni
1439 3311 1529 3380 dorn
1540 3319 1752 3408 ambitione,
1779 3348 1839 3402 aut
1859 3360 1920 3427 spe
1935 3365 2099 3435 quaestus

285 3391 574 3479 ,Deordine
601 3391 820 3478 discendi·
1110 3402 1264 3489 incitati,
1298 3426 1490 3499 properant
1520 3419 1565 3485 ad
1594 3420 1674 3491 illas
1696 3432 1913 3523 superiores,
1948 3471 2099 3537 quarum

136 3538 218 3612 apud
237 3537 352 3596 emon·
370 3533 440 3604 Mfl·
487 3575 502 3616 ·.
517 3535 595 3602 125„
628 3533 658 3588 3„
675 3533 1059 3607 Dedsmst.'1'.t.p.5tt.,
1109 3505 1447 3627 fructusversantur
1465 3515 1512 3584 ob
1528 3521 1650 3591 oculos
1675 3526 1779 3597 ctiam
1799 3532 1989 3633 imperitis,
2015 3556 2100 3622 reti,
2167 3580 2176 3593 ,

121 3674 124 3681 Ι
169 3611 286 3679 smne.
305 3555 785 3676 p.stt.eth1chara.'r.t.p.9t.
1047 3655 1051 3663 ,
1110 3629 1197 3699 quas
1220 3608 1425 3700 drscrplrnas
1448 3616 1633 3709 negligunt
1663 3639 1697 3696 et
1721 3647 1969 3731 contemnunt,
1999 3657 2100 3742 quasi

69 3777 196 3848 oratio
228 3767 458 3857 caeparia
490 3763 729 3859 (laurigeri
760 3761 808 3836 de
838 3764 968 3839 ordine
999 3763 1059 3837 di·
1110 3710 1575 3902 admdiuriiihilliiigitanti
1609 3824 1789 3897 interdum
1817 3818 1964 3909 ¹videtur
1994 3839 2100 3919 huius

68 3872 220 3961 ‘mag'
259 3865 471 4039 habttqnppp
498 3869 747 4038 Jisssssmi'isssel
770 3869 1058 3962 Msslli'imm’
1110 3909 1287 3978 societatis
1320 3913 1561 4002 quaedam-in
1583 3919 1668 4011 ipsis
1701 3928 1882 4008 elementis
1914 3940 2099 4019 literarum

1110 4008 1309 4079 similitudo
1326 4033 1418 4092 esse,
1444 4016 1507 4084 ubi
1523 4021 1587 4089 etsi
1607 4024 1781 4114 dignitate
1800 4055 1978 4129 praestant
1994 4075 2099 4122 voca-

68 4107 309 4200 Cumexhoc
323 4117 402 4186 loco
418 4113 667 4205 saepedictum
684 4113 731 4182 sit
745 4107 1058 4183 deoniversaPhi-
1110 4113 1178 4195 les,
1202 4122 1320 4180 tamen
1344 4112 1421 4183 sine
1442 4118 1719 4200 consonantibus
1742 4156 1857 4209 sermo
1880 4149 2004 4238 nequit
2026 4156 2099 4223 exi.

65 4216 254 4314 losophia,
277 4221 391 4311 deque
406 4211 534 4286 harum
557 4214 687 4285 artium
704 4213 865 4283 omnium
879 4215 1060 4304 dignitate,
1111 4226 1212 4286 stete.
1277 4210 1326 4284 Et
1345 4217 1515 4307 quoniam
1538 4247 1579 4292 cx
1607 4227 1720 4301 literis
1743 4260 1866 4312 omnes
1889 4260 1981 4318 artes
2009 4279 2099 4345 pro-

66 4324 216 4423 quaein
233 4316 365 4391 scholis
381 4319 461 4387 ideo
479 4314 689 4400 traduntur,
709 4315 792 4408 quia
808 4317 853 4383 ad
869 4317 960 4385 bene
975 4319 1061 4388 bea·
1112 4328 1293 4400 creantur,
1317 4316 1462 4407 vestigia
1474 4328 1650 4415 quaedam
1667 4333 1703 4401 in
1721 4336 1805 4428 ipsis
1822 4344 2005 4422 elementis
2021 4361 2100 4427 ani·

23 4426 26 4430 ’
66 4446 176 4524 teqne
193 4425 384 4492 vivendum
409 4420 612 4489 iudicantur
636 4441 709 4487 esse
732 4418 964 4504 necessariae,
996 4442 1059 4509 ego
1113 4416 1331 4486 madverlffl
1363 4443 1566 4513 P⁰⁸⁸¹1m¹15‚
1598 4446 1638 4502 ut
1660 4435 1698 4503 in
1722 4443 1935 4535 seminibus,
1967 4460 2098 4530 artium
2126 4443 2139 4535 ⁵,
2210 4464 2214 4473 '

66 4553 138 4624 pro
162 4525 298 4617 ingenii
321 4522 389 4591 mei
415 4520 673 4615 mediocritate,
705 4519 844 4598 omis'sis
871 4519 944 4588 illis
961 4545 1061 4610 prae·
1113 4518 1424 4591 dissimilitudinis.
1480 4525 1603 4618 Longe
1624 4541 1837 4614 antecellunt
1855 4553 2021 4628 omnibus
2037 4587 2101 4631 vo.

67 4629 185 4705 cuniis
218 4625 441 4717 superiorum
471 4621 759 4710 disciplinarum,
796 4645 884 4714 quas
907 4624 1062 4706 arbitror
1113 4621 1224 4704 cales,
1250 4644 1341 4713 quae
1357 4645 1420 4712 per
1435 4649 1472 4695 se
1489 4629 1596 4700 vitam
1614 4647 1646 4704 et
1662 4638 1824 4729 spiritum
1843 4643 1993 4743 habent,
2018 4665 2102 4755 quia

67 4744 218 4828 propter
240 4727 461 4797 manifestam
484 4723 672 4793 utilitatem
702 4724 1062 4794 commendatissimas
1114 4721 1305 4810 perfectum
1334 4747 1461 4796 sonum
1493 4732 1620 4819 edunt,
1664 4764 1738 4809 non
1768 4749 1908 4822 adiutae
1938 4760 1984 4827 ab
2011 4765 2102 4837 aliis.

70 4857 148 4910 esse
171 4830 361 4912 omnibus,
393 4849 504 4918 paura
527 4825 700 4918 quaedam
720 4824 836 4894 dicere
858 4825 996 4895 institui
1018 4828 1062 4896 de
1114 4820 1288 4915 Reliquae
1316 4828 1417 4919 quasi
1448 4831 1554 4904 tibiae
1578 4838 1623 4907 ab
1647 4833 1702 4910 his
1724 4844 1867 4921 inflatae
1895 4879 2022 4933 sonum
2043 4894 2102 4938 ac-

68 4931 144 5008 hor
165 4955 292 5024 genere
314 4929 601 5020 disciplinarum,
641 4925 735 5016 quod
760 4949 825 4994 nos
846 4927 1062 5018 profitemur,
1114 4923 1263 5015 cipiunt·

70 5030 195 5131 etqua
220 5033 333 5126 prima
356 5044 450 5100 aetas
469 5029 514 5097 ad
539 5027 783 5119 percipiendas
807 5028 957 5098 maiores
973 5045 1063 5100 artes
1218 5023 1424 5116 Significant
1446 5034 1554 5125 igitur
1573 5043 1708 5115 vocales
1729 5049 1924 5147 principem
1939 5070 2102 5143 omnium

71 5151 315 5233 praeparatur.
368 5130 580 5220 Quanquam
595 5129 689 5199 enim
705 5140 739 5196 et
751 5122 877 5197 harum
894 5131 1064 5202 utilitates
1115 5126 1264 5212 artium,
1300 5131 1496 5204 doctrinam
1519 5140 1718 5233 religionis,
1752 5178 1840 5244 quae
1870 5160 1976 5256 longe
1996 5194 2101 5263 supra

72 5240 235 5336 qnotidie
258 5234 360 5304 vobis
384 5234 422 5300 in
446 5226 575 5300 scholis
598 5235 788 5300 decantant
814 5246 1065 5321 praeceptores,
1117 5228 1204 5298 alias
1218 5242 1309 5299 artes
1330 5235 1520 5324 collocata,
1546 5247 1720 5331 gubernat
1743 5260 1863 5329 omnia
1879 5265 1970 5337 vitae
1985 5274 2103 5340 consi-

72 5360 194 5418 tamen
208 5335 268 5408 hic
284 5333 419 5427 aliquid
435 5335 478 5402 de
494 5356 581 5402 eare
596 5333 787 5401 dicendum
800 5344 870 5410 est,
892 5334 1066 5425 utpubli-
1117 5322 1183 5415 lla,
1218 5334 1362 5420 negocia
1387 5351 1421 5407 et
1442 5342 1570 5418 studia.
1620 5345 1692 5420 Nec
1716 5380 1799 5425 vero
1813 5361 1927 5432 civilis
1944 5371 2102 5462 discipli-

73 5470 116 5517 co
136 5442 227 5512 mori
245 5439 447 5509 serviamus.
1119 5455 1164 5500 na
1178 5432 1255 5502 sine
1270 5435 1440 5526 religione
1459 5444 1604 5516 retineri
1627 5465 1758 5541 potem
1792 5477 1826 5529 et
1851 5461 1939 5533 iuris
1958 5471 2103 5549 scientia
2130 5525 2133 5531 Ι

129 5544 315 5615 Mensura.
342 5543 446 5607 Orrn.
472 5538 556 5603 Vos..
583 5534 644 5602 ΧῙ.
1516 5549 1564 5621 14
