<?xml version="1.0" encoding="UTF-8"?>
<!DOCTYPE html PUBLIC "-//W3C//DTD XHTML 1.0 Transitional//EN"
    "http://www.w3.org/TR/xhtml1/DTD/xhtml1-transitional.dtd">
<html xmlns="http://www.w3.org/1999/xhtml" xml:lang="en" lang="en">
 <head>
  <title>
</title>
<meta http-equiv="Content-Type" content="text/html;charset=utf-8" />
  <meta name='ocr-system' content='tesseract 3.04.00' />
  <meta name='ocr-capabilities' content='ocr_page ocr_carea ocr_par ocr_line ocrx_word'/>
</head>
<body>
  <div class='ocr_page' id='page_1' title='image "./philippimelanth21melagoog/philippimelanth21melagoog_0079.png"; bbox 0 0 4732 6030; ppageno 0'>
   <div class='ocr_carea' id='block_1_1' title="bbox 190 256 2226 398">
    <p class='ocr_par' dir='ltr' id='par_1_1' title="bbox 190 256 2226 398">
     <span class='ocr_line' id='line_1_1' title="bbox 190 256 2226 398; baseline 0.003 -23"><span class='ocrx_word' id='word_1_1' title='bbox 190 300 260 381; x_wconf 80' lang='lat' dir='ltr'><strong>au</strong></span> <span class='ocrx_word' id='word_1_2' title='bbox 852 262 1119 369; x_wconf 80' lang='lat' dir='ltr'><strong>osenna</strong></span> <span class='ocrx_word' id='word_1_3' title='bbox 1150 290 1342 370; x_wconf 76' lang='lat' dir='ltr'><strong>carra</strong></span> <span class='ocrx_word' id='word_1_4' title='bbox 1371 256 1563 398; x_wconf 58' lang='lat' dir='ltr'><strong>nonai</strong></span> <span class='ocrx_word' id='word_1_5' title='bbox 2152 309 2226 382; x_wconf 78' lang='lat' dir='ltr'><strong>ssa</strong></span> 
     </span>
    </p>
   </div>
   <div class='ocr_carea' id='block_1_2' title="bbox 85 466 2325 4531">
    <p class='ocr_par' dir='ltr' id='par_1_2' title="bbox 85 466 2317 3420">
     <span class='ocr_line' id='line_1_2' title="bbox 191 466 2222 568; baseline 0.001 -22"><span class='ocrx_word' id='word_1_6' title='bbox 191 499 289 561; x_wconf 86' lang='lat' dir='ltr'><strong>nere,</strong></span> <span class='ocrx_word' id='word_1_7' title='bbox 310 495 418 568; x_wconf 92' lang='lat' dir='ltr'><strong>quam</strong></span> <span class='ocrx_word' id='word_1_8' title='bbox 432 471 496 565; x_wconf 92' lang='lat' dir='ltr'><strong>qui</strong></span> <span class='ocrx_word' id='word_1_9' title='bbox 510 491 609 538; x_wconf 91' lang='lat' dir='ltr'><strong>veras</strong></span> <span class='ocrx_word' id='word_1_10' title='bbox 624 488 744 537; x_wconf 88' lang='lat' dir='ltr'><strong>causas</strong></span> <span class='ocrx_word' id='word_1_11' title='bbox 758 468 960 538; x_wconf 84' lang='lat' dir='ltr'><strong>tractandas</strong></span> <span class='ocrx_word' id='word_1_12' title='bbox 973 466 1182 560; x_wconf 92' lang='lat' dir='ltr'><strong>suscipiunt,</strong></span> <span class='ocrx_word' id='word_1_13' title='bbox 1231 468 1328 538; x_wconf 90' lang='lat' dir='ltr'><strong>nime</strong></span> <span class='ocrx_word' id='word_1_14' title='bbox 1342 469 1549 542; x_wconf 74' lang='lat' dir='ltr'><strong>delectatur.</strong></span> <span class='ocrx_word' id='word_1_15' title='bbox 1595 468 1719 564; x_wconf 86' lang='lat' dir='ltr'>Neque</span> <span class='ocrx_word' id='word_1_16' title='bbox 1732 469 1827 540; x_wconf 90' lang='lat' dir='ltr'><strong>enim</strong></span> <span class='ocrx_word' id='word_1_17' title='bbox 1845 471 2035 544; x_wconf 88' lang='lat' dir='ltr'><strong>obscurum</strong></span> <span class='ocrx_word' id='word_1_18' title='bbox 2051 488 2115 559; x_wconf 84' lang='lat' dir='ltr'><strong>est,</strong></span> <span class='ocrx_word' id='word_1_19' title='bbox 2140 501 2222 549; x_wconf 91' lang='lat' dir='ltr'><strong>eum</strong></span> 
     </span>
     <span class='ocr_line' id='line_1_3' title="bbox 192 568 2226 668; baseline 0.001 -19"><span class='ocrx_word' id='word_1_20' title='bbox 192 593 312 650; x_wconf 90' lang='lat' dir='ltr'><strong>tamen</strong></span> <span class='ocrx_word' id='word_1_21' title='bbox 327 600 403 655; x_wconf 91' lang='lat' dir='ltr'><strong>me,</strong></span> <span class='ocrx_word' id='word_1_22' title='bbox 429 596 502 641; x_wconf 92' lang='lat' dir='ltr'><strong>non</strong></span> <span class='ocrx_word' id='word_1_23' title='bbox 519 569 647 640; x_wconf 89' lang='lat' dir='ltr'><strong>fiducia</strong></span> <span class='ocrx_word' id='word_1_24' title='bbox 664 568 812 659; x_wconf 84' lang='lat' dir='ltr'><strong>ingenii,</strong></span> <span class='ocrx_word' id='word_1_25' title='bbox 837 572 933 662; x_wconf 91' lang='lat' dir='ltr'><strong>quod</strong></span> <span class='ocrx_word' id='word_1_26' title='bbox 946 569 1060 641; x_wconf 88' lang='lat' dir='ltr'><strong>sentio</strong></span> <span class='ocrx_word' id='word_1_27' title='bbox 1074 594 1182 663; x_wconf 88' lang='lat' dir='ltr'><strong>quam</strong></span> <span class='ocrx_word' id='word_1_28' title='bbox 1231 584 1358 641; x_wconf 90' lang='lat' dir='ltr'><strong>natura</strong></span> <span class='ocrx_word' id='word_1_29' title='bbox 1382 573 1427 641; x_wconf 88' lang='lat' dir='ltr'><strong>ad</strong></span> <span class='ocrx_word' id='word_1_30' title='bbox 1457 571 1679 643; x_wconf 90' lang='lat' dir='ltr'><strong>clementiam</strong></span> <span class='ocrx_word' id='word_1_31' title='bbox 1707 573 2059 668; x_wconf 75' lang='lat' dir='ltr'><strong>moderationemque</strong></span> <span class='ocrx_word' id='word_1_32' title='bbox 2085 580 2168 649; x_wconf 90' lang='lat' dir='ltr'><strong>duci</strong></span> <span class='ocrx_word' id='word_1_33' title='bbox 2190 592 2226 652; x_wconf 92' lang='lat' dir='ltr'><strong>et</strong></span> 
     </span>
     <span class='ocr_line' id='line_1_4' title="bbox 192 670 2224 768; baseline 0 -16"><span class='ocrx_word' id='word_1_34' title='bbox 192 681 242 752; x_wconf 84' lang='lat' dir='ltr'><strong>sit</strong></span> <span class='ocrx_word' id='word_1_35' title='bbox 264 679 446 768; x_wconf 86' lang='lat' dir='ltr'><strong>exiguum,</strong></span> <span class='ocrx_word' id='word_1_36' title='bbox 471 673 531 742; x_wconf 92' lang='lat' dir='ltr'><strong>sed</strong></span> <span class='ocrx_word' id='word_1_37' title='bbox 558 670 764 762; x_wconf 88' lang='lat' dir='ltr'><strong>magnitudo</strong></span> <span class='ocrx_word' id='word_1_38' title='bbox 785 672 921 742; x_wconf 85' lang='lat' dir='ltr'><strong>doloris</strong></span> <span class='ocrx_word' id='word_1_39' title='bbox 943 672 1119 764; x_wconf 86' lang='lat' dir='ltr'><strong>perpulit,</strong></span> <span class='ocrx_word' id='word_1_40' title='bbox 1143 684 1184 741; x_wconf 88' lang='lat' dir='ltr'><strong>ut</strong></span> <span class='ocrx_word' id='word_1_41' title='bbox 1232 673 1476 745; x_wconf 90' lang='lat' dir='ltr'><strong>acrudelitate</strong></span> <span class='ocrx_word' id='word_1_42' title='bbox 1492 671 1695 747; x_wconf 87' lang='lat' dir='ltr'><strong>abhorrere.</strong></span> <span class='ocrx_word' id='word_1_43' title='bbox 1732 670 1781 746; x_wconf 87' lang='lat' dir='ltr'><strong>Et</strong></span> <span class='ocrx_word' id='word_1_44' title='bbox 1796 699 1876 745; x_wconf 90' lang='lat' dir='ltr'><strong>cum</strong></span> <span class='ocrx_word' id='word_1_45' title='bbox 1889 677 2042 767; x_wconf 83' lang='lat' dir='ltr'><strong>maiores</strong></span> <span class='ocrx_word' id='word_1_46' title='bbox 2058 703 2140 751; x_wconf 89' lang='lat' dir='ltr'><strong>suos</strong></span> <span class='ocrx_word' id='word_1_47' title='bbox 2156 707 2224 752; x_wconf 91' lang='lat' dir='ltr'><strong>no·</strong></span> 
     </span>
     <span class='ocr_line' id='line_1_5' title="bbox 193 771 2225 868; baseline 0.001 -15"><span class='ocrx_word' id='word_1_48' title='bbox 193 777 293 852; x_wconf 90' lang='lat' dir='ltr'><strong>hunc</strong></span> <span class='ocrx_word' id='word_1_49' title='bbox 313 778 483 848; x_wconf 89' lang='lat' dir='ltr'><strong>inlocum</strong></span> <span class='ocrx_word' id='word_1_50' title='bbox 499 797 574 844; x_wconf 92' lang='lat' dir='ltr'><strong>non</strong></span> <span class='ocrx_word' id='word_1_51' title='bbox 597 774 717 844; x_wconf 88' lang='lat' dir='ltr'><strong>lictum</strong></span> <span class='ocrx_word' id='word_1_52' title='bbox 741 787 988 864; x_wconf 81' lang='lat' dir='ltr'><strong>argumentum</strong></span> <span class='ocrx_word' id='word_1_53' title='bbox 1011 796 1052 843; x_wconf 88' lang='lat' dir='ltr'><strong>ex</strong></span> <span class='ocrx_word' id='word_1_54' title='bbox 1073 773 1183 842; x_wconf 90' lang='lat' dir='ltr'><strong>veteri</strong></span> <span class='ocrx_word' id='word_1_55' title='bbox 1234 799 1316 843; x_wconf 91' lang='lat' dir='ltr'><strong>men</strong></span> <span class='ocrx_word' id='word_1_56' title='bbox 1330 800 1370 845; x_wconf 93' lang='lat' dir='ltr'><strong>ac</strong></span> <span class='ocrx_word' id='word_1_57' title='bbox 1384 775 1527 846; x_wconf 90' lang='lat' dir='ltr'><strong>titulum</strong></span> <span class='ocrx_word' id='word_1_58' title='bbox 1542 776 1682 868; x_wconf 90' lang='lat' dir='ltr'><strong>imperii</strong></span> <span class='ocrx_word' id='word_1_59' title='bbox 1698 776 1737 845; x_wconf 93' lang='lat' dir='ltr'><strong>in</strong></span> <span class='ocrx_word' id='word_1_60' title='bbox 1752 771 1845 847; x_wconf 90' lang='lat' dir='ltr'><strong>hanc</strong></span> <span class='ocrx_word' id='word_1_61' title='bbox 1856 778 2038 849; x_wconf 88' lang='lat' dir='ltr'><strong>nationem</strong></span> <span class='ocrx_word' id='word_1_62' title='bbox 2052 799 2225 856; x_wconf 88' lang='lat' dir='ltr'><strong>aservata</strong></span> 
     </span>
     <span class='ocr_line' id='line_1_6' title="bbox 193 870 2227 977; baseline 0.001 -23"><span class='ocrx_word' id='word_1_63' title='bbox 193 885 312 977; x_wconf 88' lang='lat' dir='ltr'><strong>aliqua</strong></span> <span class='ocrx_word' id='word_1_64' title='bbox 342 876 539 967; x_wconf 73' lang='lat' dir='ltr'><strong>tragoedia,</strong></span> <span class='ocrx_word' id='word_1_65' title='bbox 579 878 639 945; x_wconf 90' lang='lat' dir='ltr'><strong>sed</strong></span> <span class='ocrx_word' id='word_1_66' title='bbox 666 872 852 945; x_wconf 83' lang='lat' dir='ltr'><strong>historiam</strong></span> <span class='ocrx_word' id='word_1_67' title='bbox 876 876 1051 946; x_wconf 84' lang='lat' dir='ltr'><strong>adferrem</strong></span> <span class='ocrx_word' id='word_1_68' title='bbox 1076 874 1184 943; x_wconf 92' lang='lat' dir='ltr'><strong>nimis</strong></span> <span class='ocrx_word' id='word_1_69' title='bbox 1234 879 1323 946; x_wconf 90' lang='lat' dir='ltr'><strong>urbe</strong></span> <span class='ocrx_word' id='word_1_70' title='bbox 1345 875 1462 948; x_wconf 86' lang='lat' dir='ltr'><strong>Roma</strong></span> <span class='ocrx_word' id='word_1_71' title='bbox 1482 878 1643 948; x_wconf 91' lang='lat' dir='ltr'><strong>intulisse</strong></span> <span class='ocrx_word' id='word_1_72' title='bbox 1667 878 1802 962; x_wconf 87' lang='lat' dir='ltr'><strong>videat,</strong></span> <span class='ocrx_word' id='word_1_73' title='bbox 1827 880 1986 952; x_wconf 89' lang='lat' dir='ltr'><strong>dubitari</strong></span> <span class='ocrx_word' id='word_1_74' title='bbox 2009 906 2083 952; x_wconf 91' lang='lat' dir='ltr'><strong>non</strong></span> <span class='ocrx_word' id='word_1_75' title='bbox 2102 870 2227 971; x_wconf 83' lang='lat' dir='ltr'><strong>debet,</strong></span> 
     </span>
     <span class='ocr_line' id='line_1_7' title="bbox 194 975 2226 1080; baseline 0.001 -27"><span class='ocrx_word' id='word_1_76' title='bbox 194 1008 300 1080; x_wconf 92' lang='lat' dir='ltr'><strong>quam</strong></span> <span class='ocrx_word' id='word_1_77' title='bbox 317 1004 448 1052; x_wconf 85' lang='lat' dir='ltr'><strong>veram.</strong></span> <span class='ocrx_word' id='word_1_78' title='bbox 490 975 582 1048; x_wconf 85' lang='lat' dir='ltr'><strong>Sum</strong></span> <span class='ocrx_word' id='word_1_79' title='bbox 595 978 690 1046; x_wconf 90' lang='lat' dir='ltr'><strong>enim</strong></span> <span class='ocrx_word' id='word_1_80' title='bbox 706 977 866 1048; x_wconf 89' lang='lat' dir='ltr'><strong>dicturus</strong></span> <span class='ocrx_word' id='word_1_81' title='bbox 880 980 923 1046; x_wconf 90' lang='lat' dir='ltr'><strong>de</strong></span> <span class='ocrx_word' id='word_1_82' title='bbox 941 976 1183 1047; x_wconf 89' lang='lat' dir='ltr'><strong>crudelissima</strong></span> <span class='ocrx_word' id='word_1_83' title='bbox 1235 977 1323 1071; x_wconf 90' lang='lat' dir='ltr'><strong>quin</strong></span> <span class='ocrx_word' id='word_1_84' title='bbox 1335 978 1375 1045; x_wconf 93' lang='lat' dir='ltr'><strong>in</strong></span> <span class='ocrx_word' id='word_1_85' title='bbox 1389 979 1534 1047; x_wconf 93' lang='lat' dir='ltr'><strong>illorum</strong></span> <span class='ocrx_word' id='word_1_86' title='bbox 1548 980 1692 1050; x_wconf 88' lang='lat' dir='ltr'><strong>intuens</strong></span> <span class='ocrx_word' id='word_1_87' title='bbox 1709 981 1886 1071; x_wconf 88' lang='lat' dir='ltr'><strong>exempla,</strong></span> <span class='ocrx_word' id='word_1_88' title='bbox 1912 982 2085 1073; x_wconf 89' lang='lat' dir='ltr'><strong>intelligat</strong></span> <span class='ocrx_word' id='word_1_89' title='bbox 2100 1010 2226 1057; x_wconf 88' lang='lat' dir='ltr'><strong>omnes</strong></span> 
     </span>
     <span class='ocr_line' id='line_1_8' title="bbox 192 1076 2224 1172; baseline -0 -15"><span class='ocrx_word' id='word_1_90' title='bbox 192 1086 293 1159; x_wconf 86' lang='lat' dir='ltr'><strong>urbis</strong></span> <span class='ocrx_word' id='word_1_91' title='bbox 307 1082 444 1172; x_wconf 89' lang='lat' dir='ltr'><strong>Romae</strong></span> <span class='ocrx_word' id='word_1_92' title='bbox 463 1079 672 1169; x_wconf 77' lang='lat' dir='ltr'><strong>direptione,</strong></span> <span class='ocrx_word' id='word_1_93' title='bbox 697 1094 732 1151; x_wconf 93' lang='lat' dir='ltr'><strong>et</strong></span> <span class='ocrx_word' id='word_1_94' title='bbox 747 1080 995 1170; x_wconf 84' lang='lat' dir='ltr'><strong>deploraturus</strong></span> <span class='ocrx_word' id='word_1_95' title='bbox 1009 1079 1185 1168; x_wconf 91' lang='lat' dir='ltr'><strong>indignis-</strong></span> <span class='ocrx_word' id='word_1_96' title='bbox 1235 1080 1376 1170; x_wconf 90' lang='lat' dir='ltr'><strong>imperii</strong></span> <span class='ocrx_word' id='word_1_97' title='bbox 1398 1099 1481 1172; x_wconf 89' lang='lat' dir='ltr'><strong>opes</strong></span> <span class='ocrx_word' id='word_1_98' title='bbox 1501 1105 1542 1150; x_wconf 90' lang='lat' dir='ltr'><strong>ac</strong></span> <span class='ocrx_word' id='word_1_99' title='bbox 1565 1083 1657 1151; x_wconf 90' lang='lat' dir='ltr'><strong>vires</strong></span> <span class='ocrx_word' id='word_1_100' title='bbox 1677 1083 1721 1152; x_wconf 88' lang='lat' dir='ltr'><strong>ad</strong></span> <span class='ocrx_word' id='word_1_101' title='bbox 1744 1076 1853 1151; x_wconf 88' lang='lat' dir='ltr'><strong>huius</strong></span> <span class='ocrx_word' id='word_1_102' title='bbox 1871 1084 1972 1153; x_wconf 90' lang='lat' dir='ltr'><strong>urbis</strong></span> <span class='ocrx_word' id='word_1_103' title='bbox 1994 1087 2143 1155; x_wconf 86' lang='lat' dir='ltr'><strong>salutem</strong></span> <span class='ocrx_word' id='word_1_104' title='bbox 2160 1091 2224 1157; x_wconf 92' lang='lat' dir='ltr'><strong>de-</strong></span> 
     </span>
     <span class='ocr_line' id='line_1_9' title="bbox 193 1179 2227 1276; baseline 0.001 -18"><span class='ocrx_word' id='word_1_105' title='bbox 193 1188 323 1258; x_wconf 89' lang='lat' dir='ltr'><strong>simum</strong></span> <span class='ocrx_word' id='word_1_106' title='bbox 339 1207 457 1255; x_wconf 90' lang='lat' dir='ltr'><strong>casum</strong></span> <span class='ocrx_word' id='word_1_107' title='bbox 474 1181 639 1264; x_wconf 84' lang='lat' dir='ltr'><strong>civitatis,</strong></span> <span class='ocrx_word' id='word_1_108' title='bbox 664 1181 825 1249; x_wconf 91' lang='lat' dir='ltr'><strong>omnium</strong></span> <span class='ocrx_word' id='word_1_109' title='bbox 841 1181 983 1270; x_wconf 88' lang='lat' dir='ltr'><strong>reginae</strong></span> <span class='ocrx_word' id='word_1_110' title='bbox 998 1194 1101 1274; x_wconf 88' lang='lat' dir='ltr'><strong>atque</strong></span> <span class='ocrx_word' id='word_1_111' title='bbox 1118 1179 1185 1247; x_wconf 92' lang='lat' dir='ltr'><strong>do·</strong></span> <span class='ocrx_word' id='word_1_112' title='bbox 1234 1182 1500 1276; x_wconf 87' lang='lat' dir='ltr'><strong>fensionemque</strong></span> <span class='ocrx_word' id='word_1_113' title='bbox 1515 1185 1665 1252; x_wconf 83' lang='lat' dir='ltr'><strong>maxime</strong></span> <span class='ocrx_word' id='word_1_114' title='bbox 1677 1187 1932 1255; x_wconf 85' lang='lat' dir='ltr'><strong>convertendas</strong></span> <span class='ocrx_word' id='word_1_115' title='bbox 1945 1209 2029 1268; x_wconf 89' lang='lat' dir='ltr'><strong>esse,</strong></span> <span class='ocrx_word' id='word_1_116' title='bbox 2056 1203 2091 1259; x_wconf 90' lang='lat' dir='ltr'><strong>et</strong></span> <span class='ocrx_word' id='word_1_117' title='bbox 2102 1190 2147 1259; x_wconf 90' lang='lat' dir='ltr'><strong>ab</strong></span> <span class='ocrx_word' id='word_1_118' title='bbox 2162 1190 2227 1262; x_wconf 83' lang='lat' dir='ltr'><strong>ills</strong></span> 
     </span>
     <span class='ocr_line' id='line_1_10' title="bbox 194 1282 2227 1377; baseline 0.002 -18"><span class='ocrx_word' id='word_1_119' title='bbox 194 1291 324 1361; x_wconf 86' lang='lat' dir='ltr'><strong>minae.</strong></span> <span class='ocrx_word' id='word_1_120' title='bbox 373 1282 518 1355; x_wconf 87' lang='lat' dir='ltr'><strong>Etenim</strong></span> <span class='ocrx_word' id='word_1_121' title='bbox 535 1308 616 1353; x_wconf 88' lang='lat' dir='ltr'><strong>cnm</strong></span> <span class='ocrx_word' id='word_1_122' title='bbox 632 1307 739 1352; x_wconf 88' lang='lat' dir='ltr'><strong>nemo</strong></span> <span class='ocrx_word' id='word_1_123' title='bbox 754 1295 826 1351; x_wconf 92' lang='lat' dir='ltr'><strong>tam</strong></span> <span class='ocrx_word' id='word_1_124' title='bbox 845 1284 941 1352; x_wconf 86' lang='lat' dir='ltr'><strong>serus</strong></span> <span class='ocrx_word' id='word_1_125' title='bbox 956 1283 1020 1362; x_wconf 90' lang='lat' dir='ltr'><strong>sit,</strong></span> <span class='ocrx_word' id='word_1_126' title='bbox 1042 1295 1184 1374; x_wconf 88' lang='lat' dir='ltr'><strong>tamque</strong></span> <span class='ocrx_word' id='word_1_127' title='bbox 1236 1283 1308 1351; x_wconf 83' lang='lat' dir='ltr'><strong>vim</strong></span> <span class='ocrx_word' id='word_1_128' title='bbox 1323 1297 1428 1377; x_wconf 90' lang='lat' dir='ltr'><strong>atque</strong></span> <span class='ocrx_word' id='word_1_129' title='bbox 1439 1285 1636 1355; x_wconf 89' lang='lat' dir='ltr'><strong>vastitatem</strong></span> <span class='ocrx_word' id='word_1_130' title='bbox 1654 1286 1910 1377; x_wconf 86' lang='lat' dir='ltr'><strong>depellendam.</strong></span> <span class='ocrx_word' id='word_1_131' title='bbox 1962 1286 2082 1377; x_wconf 93' lang='lat' dir='ltr'><strong>Quam</strong></span> <span class='ocrx_word' id='word_1_132' title='bbox 2096 1293 2227 1365; x_wconf 90' lang='lat' dir='ltr'><strong>multos</strong></span> 
     </span>
     <span class='ocr_line' id='line_1_11' title="bbox 145 1382 2228 1484; baseline 0 -22"><span class='ocrx_word' id='word_1_133' title='bbox 145 1466 150 1474; x_wconf 65' lang='grc'>,</span> <span class='ocrx_word' id='word_1_134' title='bbox 194 1411 340 1484; x_wconf 90' lang='lat' dir='ltr'><strong>prorsus</strong></span> <span class='ocrx_word' id='word_1_135' title='bbox 361 1389 405 1457; x_wconf 90' lang='lat' dir='ltr'><strong>ab</strong></span> <span class='ocrx_word' id='word_1_136' title='bbox 429 1382 585 1455; x_wconf 90' lang='lat' dir='ltr'><strong>hominis</strong></span> <span class='ocrx_word' id='word_1_137' title='bbox 608 1384 885 1470; x_wconf 90' lang='lat' dir='ltr'><strong>sensualienns,</strong></span> <span class='ocrx_word' id='word_1_138' title='bbox 911 1385 1068 1476; x_wconf 91' lang='lat' dir='ltr'><strong>quinon</strong></span> <span class='ocrx_word' id='word_1_139' title='bbox 1088 1406 1184 1452; x_wconf 88' lang='lat' dir='ltr'><strong>acer·</strong></span> <span class='ocrx_word' id='word_1_140' title='bbox 1236 1409 1423 1456; x_wconf 87' lang='lat' dir='ltr'><strong>numerare</strong></span> <span class='ocrx_word' id='word_1_141' title='bbox 1446 1399 1576 1476; x_wconf 88' lang='lat' dir='ltr'><strong>potest,</strong></span> <span class='ocrx_word' id='word_1_142' title='bbox 1600 1411 1682 1457; x_wconf 90' lang='lat' dir='ltr'><strong>cum</strong></span> <span class='ocrx_word' id='word_1_143' title='bbox 1701 1388 1872 1478; x_wconf 89' lang='lat' dir='ltr'><strong>imagines</strong></span> <span class='ocrx_word' id='word_1_144' title='bbox 1885 1388 1996 1459; x_wconf 85' lang='lat' dir='ltr'><strong>avitas</strong></span> <span class='ocrx_word' id='word_1_145' title='bbox 2016 1395 2228 1482; x_wconf 82' lang='lat' dir='ltr'><strong>aspexerint,</strong></span> 
     </span>
     <span class='ocr_line' id='line_1_12' title="bbox 195 1485 2227 1583; baseline 0 -18"><span class='ocrx_word' id='word_1_146' title='bbox 195 1494 337 1565; x_wconf 88' lang='lat' dir='ltr'><strong>bisslme</strong></span> <span class='ocrx_word' id='word_1_147' title='bbox 351 1492 438 1559; x_wconf 87' lang='lat' dir='ltr'><strong>ferat</strong></span> <span class='ocrx_word' id='word_1_148' title='bbox 455 1487 637 1576; x_wconf 90' lang='lat' dir='ltr'><strong>indignam</strong></span> <span class='ocrx_word' id='word_1_149' title='bbox 654 1485 806 1577; x_wconf 85' lang='lat' dir='ltr'><strong>patriae,</strong></span> <span class='ocrx_word' id='word_1_150' title='bbox 833 1510 923 1580; x_wconf 89' lang='lat' dir='ltr'><strong>quae</strong></span> <span class='ocrx_word' id='word_1_151' title='bbox 938 1486 1062 1576; x_wconf 91' lang='lat' dir='ltr'><strong>genuit</strong></span> <span class='ocrx_word' id='word_1_152' title='bbox 1077 1509 1186 1577; x_wconf 88' lang='lat' dir='ltr'><strong>quae-</strong></span> <span class='ocrx_word' id='word_1_153' title='bbox 1236 1487 1300 1580; x_wconf 92' lang='lat' dir='ltr'><strong>qui</strong></span> <span class='ocrx_word' id='word_1_154' title='bbox 1315 1487 1629 1583; x_wconf 78' lang='lat' dir='ltr'><strong>turbulentissimis</strong></span> <span class='ocrx_word' id='word_1_155' title='bbox 1648 1489 1914 1579; x_wconf 77' lang='lat' dir='ltr'><strong>tempestatibus</strong></span> <span class='ocrx_word' id='word_1_156' title='bbox 1929 1493 2054 1563; x_wconf 91' lang='lat' dir='ltr'><strong>urbem</strong></span> <span class='ocrx_word' id='word_1_157' title='bbox 2071 1491 2227 1566; x_wconf 88' lang='lat' dir='ltr'><strong>Romam</strong></span> 
     </span>
     <span class='ocr_line' id='line_1_13' title="bbox 197 1589 2226 1691; baseline 0.001 -27"><span class='ocrx_word' id='word_1_158' title='bbox 197 1618 265 1691; x_wconf 92' lang='lat' dir='ltr'><strong>qne</strong></span> <span class='ocrx_word' id='word_1_159' title='bbox 288 1591 467 1673; x_wconf 88' lang='lat' dir='ltr'><strong>educavit,</strong></span> <span class='ocrx_word' id='word_1_160' title='bbox 493 1590 691 1668; x_wconf 90' lang='lat' dir='ltr'><strong>fortunam,</strong></span> <span class='ocrx_word' id='word_1_161' title='bbox 717 1613 789 1681; x_wconf 93' lang='lat' dir='ltr'><strong>quo</strong></span> <span class='ocrx_word' id='word_1_162' title='bbox 813 1590 953 1658; x_wconf 89' lang='lat' dir='ltr'><strong>tandem</strong></span> <span class='ocrx_word' id='word_1_163' title='bbox 975 1589 1095 1657; x_wconf 91' lang='lat' dir='ltr'><strong>animo</strong></span> <span class='ocrx_word' id='word_1_164' title='bbox 1120 1609 1185 1655; x_wconf 91' lang='lat' dir='ltr'><strong>nos</strong></span> <span class='ocrx_word' id='word_1_165' title='bbox 1235 1589 1398 1658; x_wconf 89' lang='lat' dir='ltr'><strong>maximis</strong></span> <span class='ocrx_word' id='word_1_166' title='bbox 1430 1592 1625 1661; x_wconf 89' lang='lat' dir='ltr'><strong>terroribus</strong></span> <span class='ocrx_word' id='word_1_167' title='bbox 1654 1591 1901 1675; x_wconf 85' lang='lat' dir='ltr'><strong>liberaverint,</strong></span> <span class='ocrx_word' id='word_1_168' title='bbox 1934 1595 1996 1684; x_wconf 94' lang='lat' dir='ltr'><strong>qui</strong></span> <span class='ocrx_word' id='word_1_169' title='bbox 2021 1620 2226 1690; x_wconf 86' lang='lat' dir='ltr'><strong>quanquam</strong></span> 
     </span>
     <span class='ocr_line' id='line_1_14' title="bbox 195 1686 2228 1786; baseline 0 -17"><span class='ocrx_word' id='word_1_170' title='bbox 195 1697 354 1786; x_wconf 87' lang='lat' dir='ltr'><strong>accipere</strong></span> <span class='ocrx_word' id='word_1_171' title='bbox 379 1691 479 1762; x_wconf 91' lang='lat' dir='ltr'><strong>urbis</strong></span> <span class='ocrx_word' id='word_1_172' title='bbox 501 1688 639 1763; x_wconf 85' lang='lat' dir='ltr'><strong>Romae</strong></span> <span class='ocrx_word' id='word_1_173' title='bbox 669 1691 851 1763; x_wconf 91' lang='lat' dir='ltr'><strong>interitum</strong></span> <span class='ocrx_word' id='word_1_174' title='bbox 879 1703 983 1784; x_wconf 91' lang='lat' dir='ltr'><strong>atque</strong></span> <span class='ocrx_word' id='word_1_175' title='bbox 1009 1690 1184 1758; x_wconf 84' lang='lat' dir='ltr'><strong>excidium</strong></span> <span class='ocrx_word' id='word_1_176' title='bbox 1237 1686 1543 1781; x_wconf 82' lang='lat' dir='ltr'><strong>periculosissimis</strong></span> <span class='ocrx_word' id='word_1_177' title='bbox 1558 1693 1662 1761; x_wconf 89' lang='lat' dir='ltr'><strong>bellis</strong></span> <span class='ocrx_word' id='word_1_178' title='bbox 1676 1693 1772 1763; x_wconf 91' lang='lat' dir='ltr'><strong>domi</strong></span> <span class='ocrx_word' id='word_1_179' title='bbox 1793 1693 1976 1784; x_wconf 87' lang='lat' dir='ltr'><strong>impliciti,</strong></span> <span class='ocrx_word' id='word_1_180' title='bbox 1995 1709 2113 1767; x_wconf 89' lang='lat' dir='ltr'><strong>tamen</strong></span> <span class='ocrx_word' id='word_1_181' title='bbox 2129 1699 2228 1770; x_wconf 78' lang='lat' dir='ltr'><strong>velut</strong></span> 
     </span>
     <span class='ocr_line' id='line_1_15' title="bbox 195 1788 2227 1884; baseline 0.001 -15"><span class='ocrx_word' id='word_1_182' title='bbox 195 1802 313 1881; x_wconf 88' lang='lat' dir='ltr'><strong>deret,</strong></span> <span class='ocrx_word' id='word_1_183' title='bbox 338 1818 417 1864; x_wconf 89' lang='lat' dir='ltr'><strong>cum</strong></span> <span class='ocrx_word' id='word_1_184' title='bbox 444 1817 483 1862; x_wconf 90' lang='lat' dir='ltr'><strong>ea</strong></span> <span class='ocrx_word' id='word_1_185' title='bbox 507 1792 593 1862; x_wconf 90' lang='lat' dir='ltr'><strong>urbs</strong></span> <span class='ocrx_word' id='word_1_186' title='bbox 618 1816 690 1861; x_wconf 90' lang='lat' dir='ltr'><strong>una</strong></span> <span class='ocrx_word' id='word_1_187' title='bbox 714 1792 875 1863; x_wconf 90' lang='lat' dir='ltr'><strong>interris</strong></span> <span class='ocrx_word' id='word_1_188' title='bbox 897 1793 1007 1863; x_wconf 88' lang='lat' dir='ltr'><strong>fuerit</strong></span> <span class='ocrx_word' id='word_1_189' title='bbox 1024 1791 1184 1860; x_wconf 90' lang='lat' dir='ltr'><strong>omnium</strong></span> <span class='ocrx_word' id='word_1_190' title='bbox 1237 1793 1281 1861; x_wconf 93' lang='lat' dir='ltr'><strong>ad</strong></span> <span class='ocrx_word' id='word_1_191' title='bbox 1304 1792 1454 1884; x_wconf 88' lang='lat' dir='ltr'><strong>patriam</strong></span> <span class='ocrx_word' id='word_1_192' title='bbox 1474 1794 1733 1863; x_wconf 87' lang='lat' dir='ltr'><strong>defendendam</strong></span> <span class='ocrx_word' id='word_1_193' title='bbox 1758 1788 1829 1864; x_wconf 90' lang='lat' dir='ltr'><strong>hue</strong></span> <span class='ocrx_word' id='word_1_194' title='bbox 1853 1819 1990 1867; x_wconf 91' lang='lat' dir='ltr'><strong>summa</strong></span> <span class='ocrx_word' id='word_1_195' title='bbox 2015 1799 2145 1870; x_wconf 84' lang='lat' dir='ltr'><strong>virtute</strong></span> <span class='ocrx_word' id='word_1_196' title='bbox 2167 1824 2227 1872; x_wconf 83' lang='lat' dir='ltr'><strong>ac·</strong></span> 
     </span>
     <span class='ocr_line' id='line_1_16' title="bbox 197 1890 2317 1994; baseline 0.001 -25"><span class='ocrx_word' id='word_1_197' title='bbox 197 1899 356 1992; x_wconf 90' lang='lat' dir='ltr'><strong>gentium</strong></span> <span class='ocrx_word' id='word_1_198' title='bbox 371 1894 569 1965; x_wconf 89' lang='lat' dir='ltr'><strong>communis</strong></span> <span class='ocrx_word' id='word_1_199' title='bbox 590 1893 724 1985; x_wconf 79' lang='lat' dir='ltr'><strong>patria?</strong></span> <span class='ocrx_word' id='word_1_200' title='bbox 757 1890 834 1982; x_wconf 83' lang='lat' dir='ltr'><strong>Ego</strong></span> <span class='ocrx_word' id='word_1_201' title='bbox 849 1894 1004 1986; x_wconf 90' lang='lat' dir='ltr'><strong>profecto</strong></span> <span class='ocrx_word' id='word_1_202' title='bbox 1021 1916 1096 1961; x_wconf 92' lang='lat' dir='ltr'><strong>non</strong></span> <span class='ocrx_word' id='word_1_203' title='bbox 1118 1892 1186 1960; x_wconf 90' lang='lat' dir='ltr'><strong>mi·</strong></span> <span class='ocrx_word' id='word_1_204' title='bbox 1238 1895 1425 1979; x_wconf 86' lang='lat' dir='ltr'><strong>currerint,</strong></span> <span class='ocrx_word' id='word_1_205' title='bbox 1441 1894 1524 1987; x_wconf 90' lang='lat' dir='ltr'><strong>qnia</strong></span> <span class='ocrx_word' id='word_1_206' title='bbox 1540 1894 1579 1963; x_wconf 92' lang='lat' dir='ltr'><strong>in</strong></span> <span class='ocrx_word' id='word_1_207' title='bbox 1596 1890 1703 1965; x_wconf 91' lang='lat' dir='ltr'><strong>huius</strong></span> <span class='ocrx_word' id='word_1_208' title='bbox 1717 1896 1824 1965; x_wconf 93' lang='lat' dir='ltr'><strong>unius</strong></span> <span class='ocrx_word' id='word_1_209' title='bbox 1842 1898 1943 1967; x_wconf 88' lang='lat' dir='ltr'><strong>urbis</strong></span> <span class='ocrx_word' id='word_1_210' title='bbox 1955 1899 2113 1990; x_wconf 90' lang='lat' dir='ltr'><strong>periculo</strong></span> <span class='ocrx_word' id='word_1_211' title='bbox 2132 1902 2227 1994; x_wconf 87' lang='lat' dir='ltr'><strong>peri-</strong></span> <span class='ocrx_word' id='word_1_212' title='bbox 2314 1892 2317 1897; x_wconf 39' lang='lat'><strong><em>¹</em></strong></span> 
     </span>
     <span class='ocr_line' id='line_1_17' title="bbox 198 1993 2228 2087; baseline 0 -14"><span class='ocrx_word' id='word_1_213' title='bbox 198 2025 267 2073; x_wconf 91' lang='lat' dir='ltr'><strong>nus</strong></span> <span class='ocrx_word' id='word_1_214' title='bbox 282 1999 380 2068; x_wconf 91' lang='lat' dir='ltr'><strong>illius</strong></span> <span class='ocrx_word' id='word_1_215' title='bbox 394 1996 589 2066; x_wconf 83' lang='lat' dir='ltr'><strong>calamitate</strong></span> <span class='ocrx_word' id='word_1_216' title='bbox 605 2018 840 2080; x_wconf 84' lang='lat' dir='ltr'><strong>commoveor,</strong></span> <span class='ocrx_word' id='word_1_217' title='bbox 866 2019 970 2087; x_wconf 91' lang='lat' dir='ltr'><strong>quam</strong></span> <span class='ocrx_word' id='word_1_218' title='bbox 985 1996 1061 2064; x_wconf 92' lang='lat' dir='ltr'><strong>eius</strong></span> <span class='ocrx_word' id='word_1_219' title='bbox 1075 1993 1187 2086; x_wconf 90' lang='lat' dir='ltr'><strong>ipsius</strong></span> <span class='ocrx_word' id='word_1_220' title='bbox 1237 1994 1354 2066; x_wconf 91' lang='lat' dir='ltr'><strong>clitari</strong></span> <span class='ocrx_word' id='word_1_221' title='bbox 1390 1996 1552 2065; x_wconf 92' lang='lat' dir='ltr'><strong>omnium</strong></span> <span class='ocrx_word' id='word_1_222' title='bbox 1586 1997 1745 2086; x_wconf 91' lang='lat' dir='ltr'><strong>gentium</strong></span> <span class='ocrx_word' id='word_1_223' title='bbox 1781 1997 1930 2068; x_wconf 90' lang='lat' dir='ltr'><strong>salutem</strong></span> <span class='ocrx_word' id='word_1_224' title='bbox 1969 2002 2228 2080; x_wconf 85' lang='lat' dir='ltr'><strong>existimabant.</strong></span> 
     </span>
     <span class='ocr_line' id='line_1_18' title="bbox 85 2092 2228 2199; baseline 0.001 -24"><span class='ocrx_word' id='word_1_225' title='bbox 85 2092 88 2100; x_wconf 43' lang='lat'>¹</span> <span class='ocrx_word' id='word_1_226' title='bbox 197 2102 341 2196; x_wconf 88' lang='lat' dir='ltr'><strong>oppidi,</strong></span> <span class='ocrx_word' id='word_1_227' title='bbox 366 2100 534 2193; x_wconf 92' lang='lat' dir='ltr'><strong>quodme</strong></span> <span class='ocrx_word' id='word_1_228' title='bbox 555 2097 714 2189; x_wconf 90' lang='lat' dir='ltr'><strong>primum</strong></span> <span class='ocrx_word' id='word_1_229' title='bbox 729 2112 930 2166; x_wconf 88' lang='lat' dir='ltr'><strong>nascentem</strong></span> <span class='ocrx_word' id='word_1_230' title='bbox 948 2096 1100 2187; x_wconf 80' lang='lat' dir='ltr'><strong>excepit,</strong></span> <span class='ocrx_word' id='word_1_231' title='bbox 1124 2098 1187 2164; x_wconf 90' lang='lat' dir='ltr'><strong>ad·</strong></span> <span class='ocrx_word' id='word_1_232' title='bbox 1238 2094 1320 2194; x_wconf 88' lang='lat' dir='ltr'><strong>Huc</strong></span> <span class='ocrx_word' id='word_1_233' title='bbox 1341 2099 1453 2182; x_wconf 85' lang='lat' dir='ltr'><strong>adde,</strong></span> <span class='ocrx_word' id='word_1_234' title='bbox 1486 2100 1583 2190; x_wconf 92' lang='lat' dir='ltr'><strong>quod</strong></span> <span class='ocrx_word' id='word_1_235' title='bbox 1603 2099 1739 2169; x_wconf 90' lang='lat' dir='ltr'><strong>nullius</strong></span> <span class='ocrx_word' id='word_1_236' title='bbox 1759 2100 1875 2189; x_wconf 86' lang='lat' dir='ltr'><strong>regiae</strong></span> <span class='ocrx_word' id='word_1_237' title='bbox 1896 2101 2064 2184; x_wconf 86' lang='lat' dir='ltr'><strong>familiae,</strong></span> <span class='ocrx_word' id='word_1_238' title='bbox 2095 2104 2126 2176; x_wconf 94' lang='lat' dir='ltr'><strong>si</strong></span> <span class='ocrx_word' id='word_1_239' title='bbox 2146 2107 2228 2199; x_wconf 89' lang='lat' dir='ltr'><strong>quis</strong></span> 
     </span>
     <span class='ocr_line' id='line_1_19' title="bbox 197 2192 2300 2294; baseline 0 -17"><span class='ocrx_word' id='word_1_240' title='bbox 197 2206 308 2276; x_wconf 85' lang='lat' dir='ltr'><strong>versis</strong></span> <span class='ocrx_word' id='word_1_241' title='bbox 323 2202 428 2271; x_wconf 90' lang='lat' dir='ltr'><strong>rebus</strong></span> <span class='ocrx_word' id='word_1_242' title='bbox 443 2201 681 2292; x_wconf 90' lang='lat' dir='ltr'><strong>perturbarer.</strong></span> <span class='ocrx_word' id='word_1_243' title='bbox 731 2196 822 2269; x_wconf 89' lang='lat' dir='ltr'><strong>Cum</strong></span> <span class='ocrx_word' id='word_1_244' title='bbox 841 2200 949 2288; x_wconf 90' lang='lat' dir='ltr'><strong>igitur</strong></span> <span class='ocrx_word' id='word_1_245' title='bbox 964 2211 1051 2267; x_wconf 87' lang='lat' dir='ltr'><strong>esset</strong></span> <span class='ocrx_word' id='word_1_246' title='bbox 1067 2192 1135 2267; x_wconf 89' lang='lat' dir='ltr'><strong>hoc</strong></span> <span class='ocrx_word' id='word_1_247' title='bbox 1150 2196 1187 2264; x_wconf 95' lang='lat' dir='ltr'><strong>in</strong></span> <span class='ocrx_word' id='word_1_248' title='bbox 1238 2223 1360 2269; x_wconf 90' lang='lat' dir='ltr'><strong>omues</strong></span> <span class='ocrx_word' id='word_1_249' title='bbox 1375 2213 1556 2280; x_wconf 90' lang='lat' dir='ltr'><strong>numeret,</strong></span> <span class='ocrx_word' id='word_1_250' title='bbox 1581 2200 1685 2292; x_wconf 90' lang='lat' dir='ltr'><strong>plura</strong></span> <span class='ocrx_word' id='word_1_251' title='bbox 1703 2201 1894 2272; x_wconf 88' lang='lat' dir='ltr'><strong>clementer</strong></span> <span class='ocrx_word' id='word_1_252' title='bbox 1909 2216 1970 2273; x_wconf 89' lang='lat' dir='ltr'><strong>aut</strong></span> <span class='ocrx_word' id='word_1_253' title='bbox 1995 2206 2050 2294; x_wconf 88' lang='lat' dir='ltr'><strong>pie</strong></span> <span class='ocrx_word' id='word_1_254' title='bbox 2066 2207 2228 2277; x_wconf 89' lang='lat' dir='ltr'><strong>factare-</strong></span> <span class='ocrx_word' id='word_1_255' title='bbox 2296 2244 2300 2249; x_wconf 93' lang='lat'>·</span> 
     </span>
     <span class='ocr_line' id='line_1_20' title="bbox 199 2297 2226 2395; baseline -0 -17"><span class='ocrx_word' id='word_1_256' title='bbox 199 2310 278 2378; x_wconf 91' lang='lat' dir='ltr'><strong>loco</strong></span> <span class='ocrx_word' id='word_1_257' title='bbox 300 2299 389 2373; x_wconf 94' lang='lat' dir='ltr'><strong>mihi</strong></span> <span class='ocrx_word' id='word_1_258' title='bbox 411 2326 476 2395; x_wconf 94' lang='lat' dir='ltr'><strong>pro</strong></span> <span class='ocrx_word' id='word_1_259' title='bbox 500 2325 598 2371; x_wconf 90' lang='lat' dir='ltr'><strong>more</strong></span> <span class='ocrx_word' id='word_1_260' title='bbox 621 2302 831 2381; x_wconf 89' lang='lat' dir='ltr'><strong>dicendum,</strong></span> <span class='ocrx_word' id='word_1_261' title='bbox 860 2325 934 2370; x_wconf 94' lang='lat' dir='ltr'><strong>non</strong></span> <span class='ocrx_word' id='word_1_262' title='bbox 956 2300 1086 2391; x_wconf 81' lang='lat' dir='ltr'><strong>potui,</strong></span> <span class='ocrx_word' id='word_1_263' title='bbox 1106 2323 1187 2369; x_wconf 91' lang='lat' dir='ltr'><strong>cum</strong></span> <span class='ocrx_word' id='word_1_264' title='bbox 1238 2300 1373 2371; x_wconf 85' lang='lat' dir='ltr'><strong>censeri</strong></span> <span class='ocrx_word' id='word_1_265' title='bbox 1396 2315 1562 2392; x_wconf 88' lang='lat' dir='ltr'><strong>possunt,</strong></span> <span class='ocrx_word' id='word_1_266' title='bbox 1588 2326 1696 2394; x_wconf 87' lang='lat' dir='ltr'><strong>quam</strong></span> <span class='ocrx_word' id='word_1_267' title='bbox 1712 2297 1929 2376; x_wconf 83' lang='lat' dir='ltr'><strong>Austriacae.</strong></span> <span class='ocrx_word' id='word_1_268' title='bbox 1981 2300 2029 2376; x_wconf 85' lang='lat' dir='ltr'><strong>Et</strong></span> <span class='ocrx_word' id='word_1_269' title='bbox 2049 2309 2226 2378; x_wconf 89' lang='lat' dir='ltr'><strong>maiorum</strong></span> 
     </span>
     <span class='ocr_line' id='line_1_21' title="bbox 198 2401 2228 2503; baseline 0 -24"><span class='ocrx_word' id='word_1_270' title='bbox 198 2422 288 2480; x_wconf 87' lang='lat' dir='ltr'><strong>esset</strong></span> <span class='ocrx_word' id='word_1_271' title='bbox 309 2406 451 2474; x_wconf 86' lang='lat' dir='ltr'><strong>animus</strong></span> <span class='ocrx_word' id='word_1_272' title='bbox 470 2404 594 2473; x_wconf 91' lang='lat' dir='ltr'><strong>dolore</strong></span> <span class='ocrx_word' id='word_1_273' title='bbox 615 2417 823 2496; x_wconf 87' lang='lat' dir='ltr'><strong>occupatus,</strong></span> <span class='ocrx_word' id='word_1_274' title='bbox 849 2403 916 2472; x_wconf 85' lang='lat' dir='ltr'><strong>alia</strong></span> <span class='ocrx_word' id='word_1_275' title='bbox 935 2404 978 2472; x_wconf 92' lang='lat' dir='ltr'><strong>de</strong></span> <span class='ocrx_word' id='word_1_276' title='bbox 1000 2425 1038 2470; x_wconf 90' lang='lat' dir='ltr'><strong>re</strong></span> <span class='ocrx_word' id='word_1_277' title='bbox 1056 2401 1189 2472; x_wconf 93' lang='lat' dir='ltr'><strong>oratio-</strong></span> <span class='ocrx_word' id='word_1_278' title='bbox 1237 2426 1383 2473; x_wconf 91' lang='lat' dir='ltr'><strong>suorum</strong></span> <span class='ocrx_word' id='word_1_279' title='bbox 1399 2403 1487 2472; x_wconf 90' lang='lat' dir='ltr'><strong>adeo</strong></span> <span class='ocrx_word' id='word_1_280' title='bbox 1511 2426 1584 2472; x_wconf 92' lang='lat' dir='ltr'><strong>non</strong></span> <span class='ocrx_word' id='word_1_281' title='bbox 1599 2404 1781 2474; x_wconf 89' lang='lat' dir='ltr'><strong>dissimilis</strong></span> <span class='ocrx_word' id='word_1_282' title='bbox 1802 2418 1854 2475; x_wconf 88' lang='lat' dir='ltr'><strong>est</strong></span> <span class='ocrx_word' id='word_1_283' title='bbox 1867 2403 2033 2491; x_wconf 90' lang='lat' dir='ltr'><strong>Carolus,</strong></span> <span class='ocrx_word' id='word_1_284' title='bbox 2057 2423 2098 2479; x_wconf 93' lang='lat' dir='ltr'><strong>ut</strong></span> <span class='ocrx_word' id='word_1_285' title='bbox 2112 2432 2228 2503; x_wconf 90' lang='lat' dir='ltr'><strong>quan·</strong></span> 
     </span>
     <span class='ocr_line' id='line_1_22' title="bbox 198 2503 2227 2598; baseline -0 -16"><span class='ocrx_word' id='word_1_286' title='bbox 198 2534 281 2582; x_wconf 92' lang='lat' dir='ltr'><strong>nem</strong></span> <span class='ocrx_word' id='word_1_287' title='bbox 296 2507 493 2580; x_wconf 88' lang='lat' dir='ltr'><strong>instituere.</strong></span> <span class='ocrx_word' id='word_1_288' title='bbox 545 2503 617 2576; x_wconf 93' lang='lat' dir='ltr'><strong>Ubi</strong></span> <span class='ocrx_word' id='word_1_289' title='bbox 632 2506 740 2590; x_wconf 91' lang='lat' dir='ltr'><strong>dolet,</strong></span> <span class='ocrx_word' id='word_1_290' title='bbox 764 2505 952 2598; x_wconf 92' lang='lat' dir='ltr'><strong>inquiunt,</strong></span> <span class='ocrx_word' id='word_1_291' title='bbox 976 2504 1028 2574; x_wconf 92' lang='lat' dir='ltr'><strong>ibi</strong></span> <span class='ocrx_word' id='word_1_292' title='bbox 1043 2526 1187 2572; x_wconf 90' lang='lat' dir='ltr'><strong>manum</strong></span> <span class='ocrx_word' id='word_1_293' title='bbox 1237 2516 1314 2575; x_wconf 91' lang='lat' dir='ltr'><strong>tum</strong></span> <span class='ocrx_word' id='word_1_294' title='bbox 1328 2528 1451 2575; x_wconf 89' lang='lat' dir='ltr'><strong>omnes</strong></span> <span class='ocrx_word' id='word_1_295' title='bbox 1460 2504 1605 2595; x_wconf 63' lang='lat' dir='ltr'><strong>‘imperii</strong></span> <span class='ocrx_word' id='word_1_296' title='bbox 1617 2505 1863 2596; x_wconf 78' lang='lat' dir='ltr'><strong>magnitudine</strong></span> <span class='ocrx_word' id='word_1_297' title='bbox 1873 2510 2065 2594; x_wconf 86' lang='lat' dir='ltr'><strong>antecedit,</strong></span> <span class='ocrx_word' id='word_1_298' title='bbox 2088 2523 2227 2582; x_wconf 90' lang='lat' dir='ltr'><strong>tantum</strong></span> 
     </span>
     <span class='ocr_line' id='line_1_23' title="bbox 197 2605 2228 2703; baseline -0.001 -19"><span class='ocrx_word' id='word_1_299' title='bbox 197 2609 320 2684; x_wconf 89' lang='lat' dir='ltr'><strong>habet:</strong></span> <span class='ocrx_word' id='word_1_300' title='bbox 357 2606 479 2697; x_wconf 87' lang='lat' dir='ltr'><strong>Quare</strong></span> <span class='ocrx_word' id='word_1_301' title='bbox 501 2631 582 2678; x_wconf 92' lang='lat' dir='ltr'><strong>cum</strong></span> <span class='ocrx_word' id='word_1_302' title='bbox 607 2607 748 2676; x_wconf 90' lang='lat' dir='ltr'><strong>assiduo</strong></span> <span class='ocrx_word' id='word_1_303' title='bbox 777 2620 976 2676; x_wconf 86' lang='lat' dir='ltr'><strong>versaretur</strong></span> <span class='ocrx_word' id='word_1_304' title='bbox 997 2608 1045 2676; x_wconf 92' lang='lat' dir='ltr'><strong>ob</strong></span> <span class='ocrx_word' id='word_1_305' title='bbox 1066 2606 1188 2675; x_wconf 90' lang='lat' dir='ltr'><strong>oculos</strong></span> <span class='ocrx_word' id='word_1_306' title='bbox 1237 2607 1343 2677; x_wconf 84' lang='lat' dir='ltr'><strong>etiarn</strong></span> <span class='ocrx_word' id='word_1_307' title='bbox 1358 2607 1477 2677; x_wconf 89' lang='lat' dir='ltr'><strong>vincat</strong></span> <span class='ocrx_word' id='word_1_308' title='bbox 1491 2607 1687 2678; x_wconf 89' lang='lat' dir='ltr'><strong>clementia.</strong></span> <span class='ocrx_word' id='word_1_309' title='bbox 1740 2605 1849 2703; x_wconf 74' lang='lat' dir='ltr'><strong>Quod</strong></span> <span class='ocrx_word' id='word_1_310' title='bbox 1863 2609 1959 2679; x_wconf 91' lang='lat' dir='ltr'><strong>enim</strong></span> <span class='ocrx_word' id='word_1_311' title='bbox 1975 2611 2013 2680; x_wconf 94' lang='lat' dir='ltr'><strong>in</strong></span> <span class='ocrx_word' id='word_1_312' title='bbox 2028 2612 2100 2682; x_wconf 89' lang='lat' dir='ltr'><strong>ulla</strong></span> <span class='ocrx_word' id='word_1_313' title='bbox 2114 2608 2228 2682; x_wconf 92' lang='lat' dir='ltr'><strong>histo·</strong></span> 
     </span>
     <span class='ocr_line' id='line_1_24' title="bbox 110 2706 2228 2805; baseline -0.003 -19"><span class='ocrx_word' id='word_1_314' title='bbox 110 2724 145 2768; x_wconf 83' lang='lat'><strong>·&#39;</strong></span> <span class='ocrx_word' id='word_1_315' title='bbox 197 2717 275 2786; x_wconf 87' lang='lat' dir='ltr'><strong>eius</strong></span> <span class='ocrx_word' id='word_1_316' title='bbox 297 2711 398 2781; x_wconf 92' lang='lat' dir='ltr'><strong>urbis</strong></span> <span class='ocrx_word' id='word_1_317' title='bbox 418 2709 570 2800; x_wconf 89' lang='lat' dir='ltr'><strong>direptio</strong></span> <span class='ocrx_word' id='word_1_318' title='bbox 591 2723 696 2801; x_wconf 89' lang='lat' dir='ltr'><strong>atque</strong></span> <span class='ocrx_word' id='word_1_319' title='bbox 718 2708 943 2794; x_wconf 88' lang='lat' dir='ltr'><strong>incendium,</strong></span> <span class='ocrx_word' id='word_1_320' title='bbox 974 2730 1064 2802; x_wconf 86' lang='lat' dir='ltr'><strong>quae</strong></span> <span class='ocrx_word' id='word_1_321' title='bbox 1083 2706 1188 2776; x_wconf 90' lang='lat' dir='ltr'><strong>nobis</strong></span> <span class='ocrx_word' id='word_1_322' title='bbox 1239 2709 1290 2778; x_wconf 90' lang='lat' dir='ltr'><strong>ria</strong></span> <span class='ocrx_word' id='word_1_323' title='bbox 1305 2708 1440 2779; x_wconf 89' lang='lat' dir='ltr'><strong>factum</strong></span> <span class='ocrx_word' id='word_1_324' title='bbox 1455 2710 1661 2780; x_wconf 91' lang='lat' dir='ltr'><strong>clementius</strong></span> <span class='ocrx_word' id='word_1_325' title='bbox 1682 2709 1831 2799; x_wconf 86' lang='lat' dir='ltr'><strong>legitur,</strong></span> <span class='ocrx_word' id='word_1_326' title='bbox 1857 2734 1962 2803; x_wconf 90' lang='lat' dir='ltr'><strong>quam</strong></span> <span class='ocrx_word' id='word_1_327' title='bbox 1985 2715 2082 2805; x_wconf 90' lang='lat' dir='ltr'><strong>quod</strong></span> <span class='ocrx_word' id='word_1_328' title='bbox 2103 2714 2228 2781; x_wconf 90' lang='lat' dir='ltr'><strong>inimi-</strong></span> 
     </span>
     <span class='ocr_line' id='line_1_25' title="bbox 197 2806 2225 2906; baseline -0.002 -19"><span class='ocrx_word' id='word_1_329' title='bbox 197 2818 303 2906; x_wconf 90' lang='lat' dir='ltr'><strong>leges,</strong></span> <span class='ocrx_word' id='word_1_330' title='bbox 329 2834 419 2906; x_wconf 91' lang='lat' dir='ltr'><strong>quae</strong></span> <span class='ocrx_word' id='word_1_331' title='bbox 433 2811 633 2901; x_wconf 85' lang='lat' dir='ltr'><strong>religiones,</strong></span> <span class='ocrx_word' id='word_1_332' title='bbox 659 2832 749 2904; x_wconf 88' lang='lat' dir='ltr'><strong>quae</strong></span> <span class='ocrx_word' id='word_1_333' title='bbox 764 2834 888 2880; x_wconf 89' lang='lat' dir='ltr'><strong>omnes</strong></span> <span class='ocrx_word' id='word_1_334' title='bbox 903 2806 1067 2881; x_wconf 88' lang='lat' dir='ltr'><strong>honestas</strong></span> <span class='ocrx_word' id='word_1_335' title='bbox 1080 2808 1187 2878; x_wconf 91' lang='lat' dir='ltr'><strong>disci·</strong></span> <span class='ocrx_word' id='word_1_336' title='bbox 1236 2810 1417 2881; x_wconf 89' lang='lat' dir='ltr'><strong>cissimum</strong></span> <span class='ocrx_word' id='word_1_337' title='bbox 1427 2807 1573 2900; x_wconf 84' lang='lat' dir='ltr'><strong>Regem,</strong></span> <span class='ocrx_word' id='word_1_338' title='bbox 1587 2836 1606 2881; x_wconf 93' lang='lat' dir='ltr'><strong>a</strong></span> <span class='ocrx_word' id='word_1_339' title='bbox 1621 2836 1692 2905; x_wconf 91' lang='lat' dir='ltr'><strong>quo</strong></span> <span class='ocrx_word' id='word_1_340' title='bbox 1708 2812 1842 2883; x_wconf 83' lang='lat' dir='ltr'><strong>bellum</strong></span> <span class='ocrx_word' id='word_1_341' title='bbox 1856 2813 2047 2884; x_wconf 83' lang='lat' dir='ltr'><strong>contraius</strong></span> <span class='ocrx_word' id='word_1_342' title='bbox 2063 2815 2225 2905; x_wconf 88' lang='lat' dir='ltr'><strong>gentium</strong></span> 
     </span>
     <span class='ocr_line' id='line_1_26' title="bbox 197 2910 2227 3012; baseline -0 -25"><span class='ocrx_word' id='word_1_343' title='bbox 197 2919 315 3012; x_wconf 90' lang='lat' dir='ltr'><strong>plinas</strong></span> <span class='ocrx_word' id='word_1_344' title='bbox 343 2913 509 2999; x_wconf 90' lang='lat' dir='ltr'><strong>tradidit,</strong></span> <span class='ocrx_word' id='word_1_345' title='bbox 546 2913 698 3005; x_wconf 90' lang='lat' dir='ltr'><strong>denique</strong></span> <span class='ocrx_word' id='word_1_346' title='bbox 728 2934 759 2981; x_wconf 51' lang='lat' dir='ltr'><strong>a¹</strong></span> <span class='ocrx_word' id='word_1_347' title='bbox 780 2937 851 3006; x_wconf 93' lang='lat' dir='ltr'><strong>qua</strong></span> <span class='ocrx_word' id='word_1_348' title='bbox 880 2913 982 3004; x_wconf 88' lang='lat' dir='ltr'><strong>plura</strong></span> <span class='ocrx_word' id='word_1_349' title='bbox 1009 2910 1189 2994; x_wconf 86' lang='lat' dir='ltr'><strong>beneficia,</strong></span> <span class='ocrx_word' id='word_1_350' title='bbox 1239 2925 1371 2982; x_wconf 88' lang='lat' dir='ltr'><strong>motum</strong></span> <span class='ocrx_word' id='word_1_351' title='bbox 1397 2927 1488 2997; x_wconf 88' lang='lat' dir='ltr'><strong>erat,</strong></span> <span class='ocrx_word' id='word_1_352' title='bbox 1521 2927 1663 3004; x_wconf 89' lang='lat' dir='ltr'><strong>captum</strong></span> <span class='ocrx_word' id='word_1_353' title='bbox 1683 2914 1722 2982; x_wconf 82' lang='lat' dir='ltr'><strong>in</strong></span> <span class='ocrx_word' id='word_1_354' title='bbox 1746 2913 1837 3000; x_wconf 88' lang='lat' dir='ltr'><strong>acie,</strong></span> <span class='ocrx_word' id='word_1_355' title='bbox 1867 2937 1943 2983; x_wconf 91' lang='lat' dir='ltr'><strong>non</strong></span> <span class='ocrx_word' id='word_1_356' title='bbox 1963 2916 2071 2985; x_wconf 92' lang='lat' dir='ltr'><strong>modo</strong></span> <span class='ocrx_word' id='word_1_357' title='bbox 2090 2917 2227 2986; x_wconf 90' lang='lat' dir='ltr'><strong>dimisit</strong></span> 
     </span>
     <span class='ocr_line' id='line_1_27' title="bbox 149 3013 2227 3115; baseline -0 -27"><span class='ocrx_word' id='word_1_358' title='bbox 149 3020 160 3027; x_wconf 80' lang='grc'><strong>’</strong></span> <span class='ocrx_word' id='word_1_359' title='bbox 198 3044 305 3115; x_wconf 92' lang='lat' dir='ltr'><strong>quam</strong></span> <span class='ocrx_word' id='word_1_360' title='bbox 326 3018 371 3086; x_wconf 94' lang='lat' dir='ltr'><strong>ab</strong></span> <span class='ocrx_word' id='word_1_361' title='bbox 394 3016 468 3107; x_wconf 90' lang='lat' dir='ltr'><strong>ipsa</strong></span> <span class='ocrx_word' id='word_1_362' title='bbox 491 3016 624 3108; x_wconf 80' lang='lat' dir='ltr'><strong>patria,</strong></span> <span class='ocrx_word' id='word_1_363' title='bbox 650 3015 782 3108; x_wconf 87' lang='lat' dir='ltr'><strong>inqua</strong></span> <span class='ocrx_word' id='word_1_364' title='bbox 798 3016 948 3107; x_wconf 91' lang='lat' dir='ltr'><strong>quisque</strong></span> <span class='ocrx_word' id='word_1_365' title='bbox 970 3014 1111 3103; x_wconf 88' lang='lat' dir='ltr'><strong>genitus</strong></span> <span class='ocrx_word' id='word_1_366' title='bbox 1128 3026 1189 3096; x_wconf 90' lang='lat' dir='ltr'><strong>est,</strong></span> <span class='ocrx_word' id='word_1_367' title='bbox 1241 3013 1472 3099; x_wconf 89' lang='lat' dir='ltr'><strong>incolumem,</strong></span> <span class='ocrx_word' id='word_1_368' title='bbox 1513 3017 1574 3084; x_wconf 90' lang='lat' dir='ltr'><strong>sed</strong></span> <span class='ocrx_word' id='word_1_369' title='bbox 1603 3015 1708 3086; x_wconf 90' lang='lat' dir='ltr'><strong>etiam</strong></span> <span class='ocrx_word' id='word_1_370' title='bbox 1729 3017 1933 3087; x_wconf 87' lang='lat' dir='ltr'><strong>devinctum</strong></span> <span class='ocrx_word' id='word_1_371' title='bbox 1960 3016 2147 3097; x_wconf 85' lang='lat' dir='ltr'><strong>affinitate,</strong></span> <span class='ocrx_word' id='word_1_372' title='bbox 2186 3018 2227 3087; x_wconf 93' lang='lat' dir='ltr'><strong>in</strong></span> 
     </span>
     <span class='ocr_line' id='line_1_28' title="bbox 198 3114 2228 3210; baseline -0.002 -17"><span class='ocrx_word' id='word_1_373' title='bbox 198 3142 324 3193; x_wconf 92' lang='lat' dir='ltr'><strong>omnes</strong></span> <span class='ocrx_word' id='word_1_374' title='bbox 344 3118 558 3210; x_wconf 89' lang='lat' dir='ltr'><strong>accepimus,</strong></span> <span class='ocrx_word' id='word_1_375' title='bbox 589 3118 703 3207; x_wconf 75' lang='lat' dir='ltr'><strong>coegit</strong></span> <span class='ocrx_word' id='word_1_376' title='bbox 726 3141 782 3185; x_wconf 92' lang='lat' dir='ltr'><strong>me</strong></span> <span class='ocrx_word' id='word_1_377' title='bbox 808 3117 1014 3205; x_wconf 84' lang='lat' dir='ltr'><strong>magnitudo</strong></span> <span class='ocrx_word' id='word_1_378' title='bbox 1039 3114 1189 3199; x_wconf 90' lang='lat' dir='ltr'><strong>doloris,</strong></span> <span class='ocrx_word' id='word_1_379' title='bbox 1240 3120 1386 3206; x_wconf 83' lang='lat' dir='ltr'><strong>regnum</strong></span> <span class='ocrx_word' id='word_1_380' title='bbox 1401 3115 1579 3187; x_wconf 83' lang='lat' dir='ltr'><strong>restituit?</strong></span> <span class='ocrx_word' id='word_1_381' title='bbox 1612 3116 1765 3187; x_wconf 89' lang='lat' dir='ltr'><strong>Tantam</strong></span> <span class='ocrx_word' id='word_1_382' title='bbox 1785 3118 2008 3187; x_wconf 87' lang='lat' dir='ltr'><strong>clementiam</strong></span> <span class='ocrx_word' id='word_1_383' title='bbox 2033 3119 2228 3190; x_wconf 86' lang='lat' dir='ltr'><strong>achonita-</strong></span> 
     </span>
     <span class='ocr_line' id='line_1_29' title="bbox 198 3213 2230 3311; baseline -0.003 -16"><span class='ocrx_word' id='word_1_384' title='bbox 198 3227 244 3295; x_wconf 90' lang='lat' dir='ltr'><strong>dc</strong></span> <span class='ocrx_word' id='word_1_385' title='bbox 281 3223 426 3290; x_wconf 84' lang='lat' dir='ltr'><strong>fortuna</strong></span> <span class='ocrx_word' id='word_1_386' title='bbox 457 3219 558 3288; x_wconf 90' lang='lat' dir='ltr'><strong>urbis</strong></span> <span class='ocrx_word' id='word_1_387' title='bbox 591 3220 705 3311; x_wconf 89' lang='lat' dir='ltr'><strong>deque</strong></span> <span class='ocrx_word' id='word_1_388' title='bbox 740 3218 945 3288; x_wconf 90' lang='lat' dir='ltr'><strong>miserrimis</strong></span> <span class='ocrx_word' id='word_1_389' title='bbox 971 3216 1189 3309; x_wconf 90' lang='lat' dir='ltr'><strong>temporibus</strong></span> <span class='ocrx_word' id='word_1_390' title='bbox 1240 3232 1313 3288; x_wconf 87' lang='lat' dir='ltr'><strong>tem</strong></span> <span class='ocrx_word' id='word_1_391' title='bbox 1333 3218 1433 3287; x_wconf 86' lang='lat' dir='ltr'><strong>nulla</strong></span> <span class='ocrx_word' id='word_1_392' title='bbox 1464 3213 1619 3287; x_wconf 84' lang='lat' dir='ltr'><strong>humana</strong></span> <span class='ocrx_word' id='word_1_393' title='bbox 1642 3242 1709 3286; x_wconf 85' lang='lat' dir='ltr'><strong>vox</strong></span> <span class='ocrx_word' id='word_1_394' title='bbox 1739 3239 1804 3307; x_wconf 92' lang='lat' dir='ltr'><strong>pro</strong></span> <span class='ocrx_word' id='word_1_395' title='bbox 1831 3217 2002 3305; x_wconf 83' lang='lat' dir='ltr'><strong>dignitate</strong></span> <span class='ocrx_word' id='word_1_396' title='bbox 2026 3221 2230 3310; x_wconf 89' lang='lat' dir='ltr'><strong>praedicare</strong></span> 
     </span>
     <span class='ocr_line' id='line_1_30' title="bbox 200 3314 1625 3420; baseline -0.006 -25"><span class='ocrx_word' id='word_1_397' title='bbox 200 3324 321 3420; x_wconf 91' lang='lat' dir='ltr'><strong>queri,</strong></span> <span class='ocrx_word' id='word_1_398' title='bbox 360 3321 567 3413; x_wconf 90' lang='lat' dir='ltr'><strong>praesertim</strong></span> <span class='ocrx_word' id='word_1_399' title='bbox 591 3321 630 3387; x_wconf 92' lang='lat' dir='ltr'><strong>in</strong></span> <span class='ocrx_word' id='word_1_400' title='bbox 656 3314 723 3389; x_wconf 94' lang='lat' dir='ltr'><strong>hoc</strong></span> <span class='ocrx_word' id='word_1_401' title='bbox 749 3332 869 3405; x_wconf 89' lang='lat' dir='ltr'><strong>coetu,</strong></span> <span class='ocrx_word' id='word_1_402' title='bbox 906 3323 1000 3411; x_wconf 92' lang='lat' dir='ltr'><strong>apud</strong></span> <span class='ocrx_word' id='word_1_403' title='bbox 1026 3314 1191 3389; x_wconf 91' lang='lat' dir='ltr'><strong>homines</strong></span> <span class='ocrx_word' id='word_1_404' title='bbox 1239 3333 1344 3413; x_wconf 90' lang='lat' dir='ltr'><strong>atque</strong></span> <span class='ocrx_word' id='word_1_405' title='bbox 1358 3342 1486 3388; x_wconf 88' lang='lat' dir='ltr'><strong>ornare</strong></span> <span class='ocrx_word' id='word_1_406' title='bbox 1501 3329 1625 3410; x_wconf 87' lang='lat' dir='ltr'><strong>potest.</strong></span> 
     </span>
    </p>

    <p class='ocr_par' dir='ltr' id='par_1_3' title="bbox 154 3417 2325 4531">
     <span class='ocr_line' id='line_1_31' title="bbox 198 3417 2230 3514; baseline -0.003 -16"><span class='ocrx_word' id='word_1_407' title='bbox 198 3424 440 3506; x_wconf 87' lang='lat' dir='ltr'><strong>doctissimos,</strong></span> <span class='ocrx_word' id='word_1_408' title='bbox 473 3422 537 3514; x_wconf 92' lang='lat' dir='ltr'><strong>qui</strong></span> <span class='ocrx_word' id='word_1_409' title='bbox 567 3420 770 3511; x_wconf 90' lang='lat' dir='ltr'><strong>intelligunt</strong></span> <span class='ocrx_word' id='word_1_410' title='bbox 793 3437 965 3514; x_wconf 92' lang='lat' dir='ltr'><strong>quantum</strong></span> <span class='ocrx_word' id='word_1_411' title='bbox 988 3417 1072 3491; x_wconf 92' lang='lat' dir='ltr'><strong>huic</strong></span> <span class='ocrx_word' id='word_1_412' title='bbox 1095 3421 1190 3506; x_wconf 90' lang='lat' dir='ltr'><strong>urbi,</strong></span> <span class='ocrx_word' id='word_1_413' title='bbox 1339 3419 1462 3509; x_wconf 88' lang='lat' dir='ltr'><strong>Longe</strong></span> <span class='ocrx_word' id='word_1_414' title='bbox 1476 3419 1584 3509; x_wconf 88' lang='lat' dir='ltr'><strong>igitur</strong></span> <span class='ocrx_word' id='word_1_415' title='bbox 1595 3418 1743 3503; x_wconf 88' lang='lat' dir='ltr'><strong>fallitur,</strong></span> <span class='ocrx_word' id='word_1_416' title='bbox 1768 3418 1797 3487; x_wconf 94' lang='lat' dir='ltr'><strong>si</strong></span> <span class='ocrx_word' id='word_1_417' title='bbox 1813 3418 1893 3511; x_wconf 93' lang='lat' dir='ltr'><strong>quis</strong></span> <span class='ocrx_word' id='word_1_418' title='bbox 1908 3417 1946 3487; x_wconf 94' lang='lat' dir='ltr'><strong>in</strong></span> <span class='ocrx_word' id='word_1_419' title='bbox 1960 3420 2030 3489; x_wconf 93' lang='lat' dir='ltr'><strong>tale</strong></span> <span class='ocrx_word' id='word_1_420' title='bbox 2045 3422 2230 3512; x_wconf 90' lang='lat' dir='ltr'><strong>ingenium</strong></span> 
     </span>
     <span class='ocr_line' id='line_1_32' title="bbox 199 3519 2230 3622; baseline -0.003 -22"><span class='ocrx_word' id='word_1_421' title='bbox 199 3554 243 3600; x_wconf 88' lang='lat' dir='ltr'><strong>ex</strong></span> <span class='ocrx_word' id='word_1_422' title='bbox 267 3552 335 3622; x_wconf 93' lang='lat' dir='ltr'><strong>qua</strong></span> <span class='ocrx_word' id='word_1_423' title='bbox 363 3526 505 3608; x_wconf 87' lang='lat' dir='ltr'><strong>literae,</strong></span> <span class='ocrx_word' id='word_1_424' title='bbox 530 3537 564 3593; x_wconf 91' lang='lat' dir='ltr'><strong>et</strong></span> <span class='ocrx_word' id='word_1_425' title='bbox 590 3519 793 3594; x_wconf 90' lang='lat' dir='ltr'><strong>humanitas</strong></span> <span class='ocrx_word' id='word_1_426' title='bbox 819 3520 890 3593; x_wconf 89' lang='lat' dir='ltr'><strong>hnc</strong></span> <span class='ocrx_word' id='word_1_427' title='bbox 911 3525 1099 3614; x_wconf 90' lang='lat' dir='ltr'><strong>importata</strong></span> <span class='ocrx_word' id='word_1_428' title='bbox 1122 3535 1191 3607; x_wconf 88' lang='lat' dir='ltr'><strong>est,</strong></span> <span class='ocrx_word' id='word_1_429' title='bbox 1240 3537 1374 3593; x_wconf 90' lang='lat' dir='ltr'><strong>tantam</strong></span> <span class='ocrx_word' id='word_1_430' title='bbox 1414 3522 1636 3592; x_wconf 89' lang='lat' dir='ltr'><strong>iracundiam</strong></span> <span class='ocrx_word' id='word_1_431' title='bbox 1670 3523 1795 3591; x_wconf 87' lang='lat' dir='ltr'><strong>cadere</strong></span> <span class='ocrx_word' id='word_1_432' title='bbox 1835 3521 2026 3606; x_wconf 89' lang='lat' dir='ltr'><strong>existimat,</strong></span> <span class='ocrx_word' id='word_1_433' title='bbox 2066 3536 2107 3593; x_wconf 93' lang='lat' dir='ltr'><strong>ut</strong></span> <span class='ocrx_word' id='word_1_434' title='bbox 2138 3525 2230 3593; x_wconf 88' lang='lat' dir='ltr'><strong>ullas</strong></span> 
     </span>
     <span class='ocr_line' id='line_1_33' title="bbox 199 3619 2229 3718; baseline -0.003 -17"><span class='ocrx_word' id='word_1_435' title='bbox 199 3653 323 3702; x_wconf 91' lang='lat' dir='ltr'><strong>omnes</strong></span> <span class='ocrx_word' id='word_1_436' title='bbox 338 3640 457 3717; x_wconf 87' lang='lat' dir='ltr'><strong>gentes</strong></span> <span class='ocrx_word' id='word_1_437' title='bbox 472 3628 631 3696; x_wconf 89' lang='lat' dir='ltr'><strong>debeant.</strong></span> <span class='ocrx_word' id='word_1_438' title='bbox 657 3622 762 3713; x_wconf 90' lang='lat' dir='ltr'><strong>Quod</strong></span> <span class='ocrx_word' id='word_1_439' title='bbox 778 3640 894 3696; x_wconf 92' lang='lat' dir='ltr'><strong>antem</strong></span> <span class='ocrx_word' id='word_1_440' title='bbox 910 3629 954 3695; x_wconf 92' lang='lat' dir='ltr'><strong>de</strong></span> <span class='ocrx_word' id='word_1_441' title='bbox 969 3640 1067 3716; x_wconf 89' lang='lat' dir='ltr'><strong>capta</strong></span> <span class='ocrx_word' id='word_1_442' title='bbox 1080 3623 1189 3695; x_wconf 89' lang='lat' dir='ltr'><strong>Troia</strong></span> <span class='ocrx_word' id='word_1_443' title='bbox 1240 3622 1400 3718; x_wconf 90' lang='lat' dir='ltr'><strong>quamvis</strong></span> <span class='ocrx_word' id='word_1_444' title='bbox 1413 3646 1559 3714; x_wconf 86' lang='lat' dir='ltr'><strong>magnas</strong></span> <span class='ocrx_word' id='word_1_445' title='bbox 1572 3621 1722 3692; x_wconf 92' lang='lat' dir='ltr'><strong>iniurias</strong></span> <span class='ocrx_word' id='word_1_446' title='bbox 1737 3619 1804 3692; x_wconf 92' lang='lat' dir='ltr'><strong>hoc</strong></span> <span class='ocrx_word' id='word_1_447' title='bbox 1817 3625 1925 3692; x_wconf 91' lang='lat' dir='ltr'><strong>modo</strong></span> <span class='ocrx_word' id='word_1_448' title='bbox 1941 3624 2060 3694; x_wconf 88' lang='lat' dir='ltr'><strong>ulcisci</strong></span> <span class='ocrx_word' id='word_1_449' title='bbox 2075 3625 2229 3695; x_wconf 86' lang='lat' dir='ltr'><strong>voluisse</strong></span> 
     </span>
     <span class='ocr_line' id='line_1_34' title="bbox 199 3719 2233 3821; baseline -0.002 -20"><span class='ocrx_word' id='word_1_450' title='bbox 199 3731 373 3821; x_wconf 88' lang='lat' dir='ltr'><strong>Virgilius</strong></span> <span class='ocrx_word' id='word_1_451' title='bbox 393 3729 588 3820; x_wconf 89' lang='lat' dir='ltr'><strong>praefatur:</strong></span> <span class='ocrx_word' id='word_1_452' title='bbox 1241 3728 1412 3797; x_wconf 85' lang='lat' dir='ltr'><strong>videatur.</strong></span> <span class='ocrx_word' id='word_1_453' title='bbox 1463 3719 1634 3795; x_wconf 67' lang='lat' dir='ltr'><strong>llle&#39;vero</strong></span> <span class='ocrx_word' id='word_1_454' title='bbox 1658 3725 1836 3815; x_wconf 88' lang='lat' dir='ltr'><strong>privatum</strong></span> <span class='ocrx_word' id='word_1_455' title='bbox 1859 3726 2038 3809; x_wconf 90' lang='lat' dir='ltr'><strong>dolorem,</strong></span> <span class='ocrx_word' id='word_1_456' title='bbox 2064 3727 2121 3795; x_wconf 83' lang='lat' dir='ltr'><strong>vel</strong></span> <span class='ocrx_word' id='word_1_457' title='bbox 2145 3727 2233 3796; x_wconf 90' lang='lat' dir='ltr'><strong>urbi</strong></span> 
     </span>
     <span class='ocr_line' id='line_1_35' title="bbox 1240 3822 2233 3921; baseline 0.002 -25"><span class='ocrx_word' id='word_1_458' title='bbox 1240 3829 1327 3920; x_wconf 92' lang='lat' dir='ltr'><strong>ipsi,</strong></span> <span class='ocrx_word' id='word_1_459' title='bbox 1351 3835 1457 3921; x_wconf 85' lang='lat' dir='ltr'><strong>aqua</strong></span> <span class='ocrx_word' id='word_1_460' title='bbox 1475 3827 1618 3916; x_wconf 89' lang='lat' dir='ltr'><strong>imperii</strong></span> <span class='ocrx_word' id='word_1_461' title='bbox 1638 3850 1769 3897; x_wconf 92' lang='lat' dir='ltr'><strong>nomen</strong></span> <span class='ocrx_word' id='word_1_462' title='bbox 1786 3822 1911 3912; x_wconf 85' lang='lat' dir='ltr'><strong>habet,</strong></span> <span class='ocrx_word' id='word_1_463' title='bbox 1938 3828 1994 3896; x_wconf 84' lang='lat' dir='ltr'><strong>vel</strong></span> <span class='ocrx_word' id='word_1_464' title='bbox 2014 3840 2068 3899; x_wconf 86' lang='lat' dir='ltr'><strong>tot</strong></span> <span class='ocrx_word' id='word_1_465' title='bbox 2083 3828 2233 3898; x_wconf 88' lang='lat' dir='ltr'><strong>sanctis-</strong></span> 
     </span>
     <span class='ocr_line' id='line_1_36' title="bbox 1240 3926 2233 4022; baseline 0 -24"><span class='ocrx_word' id='word_1_466' title='bbox 1240 3929 1338 3998; x_wconf 91' lang='lat' dir='ltr'><strong>simis</strong></span> <span class='ocrx_word' id='word_1_467' title='bbox 1358 3931 1446 4015; x_wconf 90' lang='lat' dir='ltr'><strong>aris,</strong></span> <span class='ocrx_word' id='word_1_468' title='bbox 1478 3930 1535 3998; x_wconf 89' lang='lat' dir='ltr'><strong>vel</strong></span> <span class='ocrx_word' id='word_1_469' title='bbox 1550 3930 1701 3998; x_wconf 91' lang='lat' dir='ltr'><strong>aliarum</strong></span> <span class='ocrx_word' id='word_1_470' title='bbox 1724 3930 1900 4018; x_wconf 90' lang='lat' dir='ltr'><strong>gentium,</strong></span> <span class='ocrx_word' id='word_1_471' title='bbox 1932 3952 2022 4022; x_wconf 89' lang='lat' dir='ltr'><strong>quae</strong></span> <span class='ocrx_word' id='word_1_472' title='bbox 2042 3951 2123 3999; x_wconf 91' lang='lat' dir='ltr'><strong>suas</strong></span> <span class='ocrx_word' id='word_1_473' title='bbox 2136 3926 2233 4001; x_wconf 90' lang='lat' dir='ltr'><strong>Res-</strong></span> 
     </span>
     <span class='ocr_line' id='line_1_37' title="bbox 1241 4027 2234 4123; baseline -0.001 -22"><span class='ocrx_word' id='word_1_474' title='bbox 1241 4033 1323 4123; x_wconf 88' lang='lat' dir='ltr'><strong>pub.</strong></span> <span class='ocrx_word' id='word_1_475' title='bbox 1339 4032 1415 4101; x_wconf 90' lang='lat' dir='ltr'><strong>siue</strong></span> <span class='ocrx_word' id='word_1_476' title='bbox 1437 4027 1545 4102; x_wconf 92' lang='lat' dir='ltr'><strong>huius</strong></span> <span class='ocrx_word' id='word_1_477' title='bbox 1562 4033 1662 4102; x_wconf 91' lang='lat' dir='ltr'><strong>urbis</strong></span> <span class='ocrx_word' id='word_1_478' title='bbox 1684 4031 1833 4100; x_wconf 89' lang='lat' dir='ltr'><strong>consilio</strong></span> <span class='ocrx_word' id='word_1_479' title='bbox 1846 4043 1966 4099; x_wconf 90' lang='lat' dir='ltr'><strong>tenere</strong></span> <span class='ocrx_word' id='word_1_480' title='bbox 1982 4054 2056 4099; x_wconf 91' lang='lat' dir='ltr'><strong>nou</strong></span> <span class='ocrx_word' id='word_1_481' title='bbox 2071 4046 2234 4123; x_wconf 91' lang='lat' dir='ltr'><strong>possunt,</strong></span> 
     </span>
     <span class='ocr_line' id='line_1_38' title="bbox 201 4132 2235 4228; baseline -0.001 -20"><span class='ocrx_word' id='word_1_482' title='bbox 201 4161 264 4228; x_wconf 87' lang='lat' dir='ltr'><strong>ego</strong></span> <span class='ocrx_word' id='word_1_483' title='bbox 286 4136 399 4204; x_wconf 90' lang='lat' dir='ltr'><strong>multo</strong></span> <span class='ocrx_word' id='word_1_484' title='bbox 422 4132 549 4201; x_wconf 92' lang='lat' dir='ltr'><strong>iustius</strong></span> <span class='ocrx_word' id='word_1_485' title='bbox 570 4155 753 4221; x_wconf 90' lang='lat' dir='ltr'><strong>usurpem:</strong></span> <span class='ocrx_word' id='word_1_486' title='bbox 786 4132 883 4201; x_wconf 90' lang='lat' dir='ltr'><strong>nulla</strong></span> <span class='ocrx_word' id='word_1_487' title='bbox 902 4147 952 4203; x_wconf 90' lang='lat' dir='ltr'><strong>est</strong></span> <span class='ocrx_word' id='word_1_488' title='bbox 974 4137 1067 4202; x_wconf 91' lang='lat' dir='ltr'><strong>enim</strong></span> <span class='ocrx_word' id='word_1_489' title='bbox 1093 4150 1188 4205; x_wconf 88' lang='lat' dir='ltr'><strong>tanta</strong></span> <span class='ocrx_word' id='word_1_490' title='bbox 1241 4134 1385 4204; x_wconf 86' lang='lat' dir='ltr'><strong>utilitati</strong></span> <span class='ocrx_word' id='word_1_491' title='bbox 1407 4136 1661 4216; x_wconf 87' lang='lat' dir='ltr'><strong>condonasset,</strong></span> <span class='ocrx_word' id='word_1_492' title='bbox 1685 4132 1847 4225; x_wconf 90' lang='lat' dir='ltr'><strong>quamvis</strong></span> <span class='ocrx_word' id='word_1_493' title='bbox 1868 4133 1996 4218; x_wconf 87' lang='lat' dir='ltr'><strong>iratus,</strong></span> <span class='ocrx_word' id='word_1_494' title='bbox 2021 4132 2050 4202; x_wconf 94' lang='lat' dir='ltr'><strong>si</strong></span> <span class='ocrx_word' id='word_1_495' title='bbox 2074 4133 2235 4205; x_wconf 86' lang='lat' dir='ltr'><strong>licuisset</strong></span> 
     </span>
     <span class='ocr_line' id='line_1_39' title="bbox 201 4227 2233 4329; baseline -0.001 -21"><span class='ocrx_word' id='word_1_496' title='bbox 201 4235 423 4329; x_wconf 87' lang='lat' dir='ltr'><strong>eloquentia,</strong></span> <span class='ocrx_word' id='word_1_497' title='bbox 443 4256 533 4325; x_wconf 90' lang='lat' dir='ltr'><strong>quae</strong></span> <span class='ocrx_word' id='word_1_498' title='bbox 549 4232 765 4300; x_wconf 87' lang='lat' dir='ltr'><strong>atrocitatem</strong></span> <span class='ocrx_word' id='word_1_499' title='bbox 784 4227 891 4301; x_wconf 90' lang='lat' dir='ltr'><strong>huius</strong></span> <span class='ocrx_word' id='word_1_500' title='bbox 911 4235 959 4301; x_wconf 88' lang='lat' dir='ltr'><strong>rei</strong></span> <span class='ocrx_word' id='word_1_501' title='bbox 979 4259 1042 4325; x_wconf 92' lang='lat' dir='ltr'><strong>pro</strong></span> <span class='ocrx_word' id='word_1_502' title='bbox 1063 4238 1189 4305; x_wconf 87' lang='lat' dir='ltr'><strong>merito</strong></span> <span class='ocrx_word' id='word_1_503' title='bbox 1240 4237 1270 4304; x_wconf 92' lang='lat' dir='ltr'><strong>ci</strong></span> <span class='ocrx_word' id='word_1_504' title='bbox 1294 4237 1491 4327; x_wconf 89' lang='lat' dir='ltr'><strong>praesenti,</strong></span> <span class='ocrx_word' id='word_1_505' title='bbox 1516 4258 1590 4303; x_wconf 91' lang='lat' dir='ltr'><strong>rem</strong></span> <span class='ocrx_word' id='word_1_506' title='bbox 1607 4232 1759 4302; x_wconf 89' lang='lat' dir='ltr'><strong>subitam</strong></span> <span class='ocrx_word' id='word_1_507' title='bbox 1780 4233 1997 4327; x_wconf 90' lang='lat' dir='ltr'><strong>minimeque</strong></span> <span class='ocrx_word' id='word_1_508' title='bbox 2016 4249 2233 4325; x_wconf 88' lang='lat' dir='ltr'><strong>expectatam</strong></span> 
     </span>
     <span class='ocr_line' id='line_1_40' title="bbox 201 4331 2231 4429; baseline -0 -20"><span class='ocrx_word' id='word_1_509' title='bbox 201 4360 376 4429; x_wconf 86' lang='lat' dir='ltr'><strong>exponere</strong></span> <span class='ocrx_word' id='word_1_510' title='bbox 390 4336 517 4425; x_wconf 89' lang='lat' dir='ltr'><strong>possit,</strong></span> <span class='ocrx_word' id='word_1_511' title='bbox 541 4357 673 4425; x_wconf 89' lang='lat' dir='ltr'><strong>quaeve</strong></span> <span class='ocrx_word' id='word_1_512' title='bbox 688 4333 861 4422; x_wconf 87' lang='lat' dir='ltr'><strong>explicare</strong></span> <span class='ocrx_word' id='word_1_513' title='bbox 875 4349 997 4426; x_wconf 91' lang='lat' dir='ltr'><strong>queat,</strong></span> <span class='ocrx_word' id='word_1_514' title='bbox 1023 4350 1188 4428; x_wconf 82' lang='lat' dir='ltr'><strong>quantam</strong></span> <span class='ocrx_word' id='word_1_515' title='bbox 1240 4362 1360 4428; x_wconf 88' lang='lat' dir='ltr'><strong>regere</strong></span> <span class='ocrx_word' id='word_1_516' title='bbox 1382 4362 1422 4408; x_wconf 91' lang='lat' dir='ltr'><strong>ac</strong></span> <span class='ocrx_word' id='word_1_517' title='bbox 1445 4337 1653 4426; x_wconf 87' lang='lat' dir='ltr'><strong>gubernare.</strong></span> <span class='ocrx_word' id='word_1_518' title='bbox 1704 4331 1823 4423; x_wconf 87' lang='lat' dir='ltr'><strong>Quare</strong></span> <span class='ocrx_word' id='word_1_519' title='bbox 1846 4332 1975 4405; x_wconf 89' lang='lat' dir='ltr'><strong>Caesar</strong></span> <span class='ocrx_word' id='word_1_520' title='bbox 2000 4337 2231 4408; x_wconf 89' lang='lat' dir='ltr'><strong>nullomodo</strong></span> 
     </span>
     <span class='ocr_line' id='line_1_41' title="bbox 154 4431 2325 4531; baseline -0.002 -19"><span class='ocrx_word' id='word_1_521' title='bbox 154 4488 156 4495; x_wconf 91' lang='lat'>·</span> <span class='ocrx_word' id='word_1_522' title='bbox 181 4441 343 4512; x_wconf 74' lang='lat' dir='ltr'><strong>‘ruinam</strong></span> <span class='ocrx_word' id='word_1_523' title='bbox 366 4435 526 4506; x_wconf 92' lang='lat' dir='ltr'><strong>omnium</strong></span> <span class='ocrx_word' id='word_1_524' title='bbox 549 4434 763 4524; x_wconf 90' lang='lat' dir='ltr'><strong>optimarum</strong></span> <span class='ocrx_word' id='word_1_525' title='bbox 788 4457 924 4518; x_wconf 91' lang='lat' dir='ltr'><strong>rerum,</strong></span> <span class='ocrx_word' id='word_1_526' title='bbox 955 4431 1062 4506; x_wconf 91' lang='lat' dir='ltr'><strong>huius</strong></span> <span class='ocrx_word' id='word_1_527' title='bbox 1083 4439 1197 4507; x_wconf 83' lang='lat' dir='ltr'><strong>uuius&#39;</strong></span> <span class='ocrx_word' id='word_1_528' title='bbox 1241 4441 1278 4507; x_wconf 93' lang='lat' dir='ltr'><strong>in</strong></span> <span class='ocrx_word' id='word_1_529' title='bbox 1305 4436 1371 4510; x_wconf 92' lang='lat' dir='ltr'><strong>hac</strong></span> <span class='ocrx_word' id='word_1_530' title='bbox 1391 4440 1552 4511; x_wconf 86' lang='lat' dir='ltr'><strong>oratione</strong></span> <span class='ocrx_word' id='word_1_531' title='bbox 1567 4439 1784 4507; x_wconf 86' lang='lat' dir='ltr'><strong>accusandus</strong></span> <span class='ocrx_word' id='word_1_532' title='bbox 1799 4451 1869 4521; x_wconf 90' lang='lat' dir='ltr'><strong>est,</strong></span> <span class='ocrx_word' id='word_1_533' title='bbox 1897 4439 1958 4531; x_wconf 93' lang='lat' dir='ltr'><strong>qui</strong></span> <span class='ocrx_word' id='word_1_534' title='bbox 1983 4439 2172 4509; x_wconf 87' lang='lat' dir='ltr'><strong>exercitum</strong></span> <span class='ocrx_word' id='word_1_535' title='bbox 2192 4440 2233 4508; x_wconf 93' lang='lat' dir='ltr'><strong>in</strong></span> <span class='ocrx_word' id='word_1_536' title='bbox 2320 4516 2325 4521; x_wconf 55' lang='grc'><strong>,</strong></span> 
     </span>
    </p>
   </div>
   <div class='ocr_carea' id='block_1_3' title="bbox 187 3885 1122 4072">
    <p class='ocr_par' dir='ltr' id='par_1_4' title="bbox 187 3885 1122 4072">
     <span class='ocr_line' id='line_1_42' title="bbox 304 3885 1053 3969; baseline 0.001 -21"><span class='ocrx_word' id='word_1_537' title='bbox 304 3885 382 3966; x_wconf 86' lang='lat' dir='ltr'><strong>Quis</strong></span> <span class='ocrx_word' id='word_1_538' title='bbox 398 3888 512 3947; x_wconf 82' lang='lat' dir='ltr'><strong>cladem</strong></span> <span class='ocrx_word' id='word_1_539' title='bbox 525 3890 607 3948; x_wconf 92' lang='lat' dir='ltr'><strong>illius</strong></span> <span class='ocrx_word' id='word_1_540' title='bbox 621 3889 736 3964; x_wconf 85' lang='lat' dir='ltr'><strong>noctis,</strong></span> <span class='ocrx_word' id='word_1_541' title='bbox 764 3890 831 3969; x_wconf 88' lang='lat' dir='ltr'><strong>quis</strong></span> <span class='ocrx_word' id='word_1_542' title='bbox 845 3888 949 3946; x_wconf 81' lang='lat' dir='ltr'><strong>funera</strong></span> <span class='ocrx_word' id='word_1_543' title='bbox 962 3887 1053 3948; x_wconf 80' lang='lat' dir='ltr'><strong>fando</strong></span> 
     </span>
     <span class='ocr_line' id='line_1_43' title="bbox 187 3987 1122 4072; baseline 0 -20"><span class='ocrx_word' id='word_1_544' title='bbox 187 3991 189 3994; x_wconf 43' lang='lat'><strong>⁴</strong></span> <span class='ocrx_word' id='word_1_545' title='bbox 303 3987 459 4072; x_wconf 85' lang='lat' dir='ltr'><strong>Explicet,</strong></span> <span class='ocrx_word' id='word_1_546' title='bbox 486 4002 537 4050; x_wconf 83' lang='lat' dir='ltr'><strong>aut</strong></span> <span class='ocrx_word' id='word_1_547' title='bbox 554 3994 648 4071; x_wconf 90' lang='lat' dir='ltr'><strong>possit</strong></span> <span class='ocrx_word' id='word_1_548' title='bbox 662 3989 824 4072; x_wconf 87' lang='lat' dir='ltr'><strong>lachrymis</strong></span> <span class='ocrx_word' id='word_1_549' title='bbox 841 4011 967 4072; x_wconf 83' lang='lat' dir='ltr'><strong>aequare</strong></span> <span class='ocrx_word' id='word_1_550' title='bbox 980 3988 1122 4052; x_wconf 81' lang='lat' dir='ltr'><strong>labores?</strong></span> 
     </span>
    </p>
   </div>
   <div class='ocr_carea' id='block_1_4' title="bbox 86 4529 2235 4631">
    <p class='ocr_par' dir='ltr' id='par_1_5' title="bbox 86 4529 2235 4631">
     <span class='ocr_line' id='line_1_44' title="bbox 86 4529 2235 4631; baseline -0.001 -21"><span class='ocrx_word' id='word_1_551' title='bbox 86 4606 88 4610; x_wconf 14' lang='lat' dir='ltr'><strong>a</strong></span> <span class='ocrx_word' id='word_1_552' title='bbox 199 4542 301 4614; x_wconf 91' lang='lat' dir='ltr'><strong>urbis</strong></span> <span class='ocrx_word' id='word_1_553' title='bbox 322 4538 456 4610; x_wconf 90' lang='lat' dir='ltr'><strong>eversio</strong></span> <span class='ocrx_word' id='word_1_554' title='bbox 475 4560 592 4607; x_wconf 90' lang='lat' dir='ltr'><strong>secum</strong></span> <span class='ocrx_word' id='word_1_555' title='bbox 609 4529 735 4608; x_wconf 90' lang='lat' dir='ltr'><strong>trahat.</strong></span> <span class='ocrx_word' id='word_1_556' title='bbox 788 4532 884 4623; x_wconf 89' lang='lat' dir='ltr'><strong>Quid</strong></span> <span class='ocrx_word' id='word_1_557' title='bbox 904 4537 977 4607; x_wconf 93' lang='lat' dir='ltr'><strong>ullo</strong></span> <span class='ocrx_word' id='word_1_558' title='bbox 1000 4541 1117 4609; x_wconf 91' lang='lat' dir='ltr'><strong>seculo</strong></span> <span class='ocrx_word' id='word_1_559' title='bbox 1133 4565 1190 4609; x_wconf 91' lang='lat' dir='ltr'><strong>ac·</strong></span> <span class='ocrx_word' id='word_1_560' title='bbox 1243 4540 1340 4613; x_wconf 91' lang='lat' dir='ltr'><strong>ltalia</strong></span> <span class='ocrx_word' id='word_1_561' title='bbox 1356 4545 1401 4612; x_wconf 92' lang='lat' dir='ltr'><strong>ad</strong></span> <span class='ocrx_word' id='word_1_562' title='bbox 1418 4540 1613 4612; x_wconf 84' lang='lat' dir='ltr'><strong>custodiam</strong></span> <span class='ocrx_word' id='word_1_563' title='bbox 1634 4539 1902 4631; x_wconf 89' lang='lat' dir='ltr'><strong>tranquillitatis</strong></span> <span class='ocrx_word' id='word_1_564' title='bbox 1915 4539 2077 4631; x_wconf 87' lang='lat' dir='ltr'><strong>publicae</strong></span> <span class='ocrx_word' id='word_1_565' title='bbox 2094 4535 2235 4628; x_wconf 84' lang='lat' dir='ltr'><strong>habuit,</strong></span> 
     </span>
    </p>
   </div>
   <div class='ocr_carea' id='block_1_5' title="bbox 200 4638 2272 5346">
    <p class='ocr_par' dir='ltr' id='par_1_6' title="bbox 200 4638 2272 5346">
     <span class='ocr_line' id='line_1_45' title="bbox 202 4638 2236 4731; baseline -0 -18"><span class='ocrx_word' id='word_1_566' title='bbox 202 4645 290 4719; x_wconf 88' lang='lat' dir='ltr'><strong>cidit</strong></span> <span class='ocrx_word' id='word_1_567' title='bbox 316 4641 518 4730; x_wconf 91' lang='lat' dir='ltr'><strong>indignius,</strong></span> <span class='ocrx_word' id='word_1_568' title='bbox 557 4662 662 4731; x_wconf 90' lang='lat' dir='ltr'><strong>quam</strong></span> <span class='ocrx_word' id='word_1_569' title='bbox 688 4638 782 4731; x_wconf 90' lang='lat' dir='ltr'><strong>quod</strong></span> <span class='ocrx_word' id='word_1_570' title='bbox 815 4639 876 4708; x_wconf 94' lang='lat' dir='ltr'><strong>ille</strong></span> <span class='ocrx_word' id='word_1_571' title='bbox 905 4639 979 4731; x_wconf 90' lang='lat' dir='ltr'><strong>ipse</strong></span> <span class='ocrx_word' id='word_1_572' title='bbox 1009 4643 1191 4726; x_wconf 86' lang='lat' dir='ltr'><strong>exercitus,</strong></span> <span class='ocrx_word' id='word_1_573' title='bbox 1242 4666 1313 4711; x_wconf 92' lang='lat' dir='ltr'><strong>non</strong></span> <span class='ocrx_word' id='word_1_574' title='bbox 1327 4645 1373 4712; x_wconf 94' lang='lat' dir='ltr'><strong>ad</strong></span> <span class='ocrx_word' id='word_1_575' title='bbox 1396 4640 1621 4713; x_wconf 90' lang='lat' dir='ltr'><strong>latrocinium</strong></span> <span class='ocrx_word' id='word_1_576' title='bbox 1641 4642 1895 4726; x_wconf 90' lang='lat' dir='ltr'><strong>exercendum,</strong></span> <span class='ocrx_word' id='word_1_577' title='bbox 1918 4664 1992 4708; x_wconf 92' lang='lat' dir='ltr'><strong>uon</strong></span> <span class='ocrx_word' id='word_1_578' title='bbox 2007 4643 2053 4710; x_wconf 92' lang='lat' dir='ltr'><strong>ad</strong></span> <span class='ocrx_word' id='word_1_579' title='bbox 2071 4656 2236 4713; x_wconf 88' lang='lat' dir='ltr'><strong>everten-</strong></span> 
     </span>
     <span class='ocr_line' id='line_1_46' title="bbox 200 4738 2272 4843; baseline -0 -27"><span class='ocrx_word' id='word_1_580' title='bbox 200 4742 461 4843; x_wconf 89' lang='lat' dir='ltr'><strong>quiaCaesare</strong></span> <span class='ocrx_word' id='word_1_581' title='bbox 486 4743 525 4811; x_wconf 93' lang='lat' dir='ltr'><strong>in</strong></span> <span class='ocrx_word' id='word_1_582' title='bbox 544 4739 644 4811; x_wconf 89' lang='lat' dir='ltr'><strong>ltalia</strong></span> <span class='ocrx_word' id='word_1_583' title='bbox 668 4743 711 4809; x_wconf 91' lang='lat' dir='ltr'><strong>ad</strong></span> <span class='ocrx_word' id='word_1_584' title='bbox 734 4740 882 4810; x_wconf 90' lang='lat' dir='ltr'><strong>salutem</strong></span> <span class='ocrx_word' id='word_1_585' title='bbox 897 4743 1057 4812; x_wconf 90' lang='lat' dir='ltr'><strong>omnium</strong></span> <span class='ocrx_word' id='word_1_586' title='bbox 1075 4745 1190 4814; x_wconf 90' lang='lat' dir='ltr'><strong>bono·</strong></span> <span class='ocrx_word' id='word_1_587' title='bbox 1241 4747 1322 4813; x_wconf 83' lang='lat' dir='ltr'><strong>‹lam</strong></span> <span class='ocrx_word' id='word_1_588' title='bbox 1343 4745 1469 4814; x_wconf 90' lang='lat' dir='ltr'><strong>urbem</strong></span> <span class='ocrx_word' id='word_1_589' title='bbox 1492 4741 1632 4832; x_wconf 90' lang='lat' dir='ltr'><strong>imperii</strong></span> <span class='ocrx_word' id='word_1_590' title='bbox 1654 4765 1789 4824; x_wconf 89' lang='lat' dir='ltr'><strong>arcem,</strong></span> <span class='ocrx_word' id='word_1_591' title='bbox 1815 4767 1889 4811; x_wconf 92' lang='lat' dir='ltr'><strong>non</strong></span> <span class='ocrx_word' id='word_1_592' title='bbox 1910 4743 1955 4811; x_wconf 89' lang='lat' dir='ltr'><strong>ad</strong></span> <span class='ocrx_word' id='word_1_593' title='bbox 1973 4738 2234 4835; x_wconf 87' lang='lat' dir='ltr'><strong>prophananda</strong></span> <span class='ocrx_word' id='word_1_594' title='bbox 2267 4758 2272 4765; x_wconf 86' lang='lat'>&#39;</span> 
     </span>
     <span class='ocr_line' id='line_1_47' title="bbox 201 4838 2234 4942; baseline -0.001 -23"><span class='ocrx_word' id='word_1_595' title='bbox 201 4873 303 4939; x_wconf 88' lang='lat' dir='ltr'><strong>rum,</strong></span> <span class='ocrx_word' id='word_1_596' title='bbox 343 4848 386 4918; x_wconf 90' lang='lat' dir='ltr'><strong>ad</strong></span> <span class='ocrx_word' id='word_1_597' title='bbox 415 4844 682 4917; x_wconf 90' lang='lat' dir='ltr'><strong>custodiendam</strong></span> <span class='ocrx_word' id='word_1_598' title='bbox 710 4844 854 4927; x_wconf 90' lang='lat' dir='ltr'><strong>urbem,</strong></span> <span class='ocrx_word' id='word_1_599' title='bbox 897 4844 1040 4936; x_wconf 88' lang='lat' dir='ltr'><strong>imperii</strong></span> <span class='ocrx_word' id='word_1_600' title='bbox 1063 4871 1190 4930; x_wconf 89' lang='lat' dir='ltr'><strong>arcem,</strong></span> <span class='ocrx_word' id='word_1_601' title='bbox 1229 4848 1389 4942; x_wconf 72' lang='lat' dir='ltr'><strong>templa,</strong></span> <span class='ocrx_word' id='word_1_602' title='bbox 1414 4870 1486 4915; x_wconf 89' lang='lat' dir='ltr'><strong>non</strong></span> <span class='ocrx_word' id='word_1_603' title='bbox 1502 4846 1546 4915; x_wconf 90' lang='lat' dir='ltr'><strong>ad</strong></span> <span class='ocrx_word' id='word_1_604' title='bbox 1565 4844 1784 4935; x_wconf 90' lang='lat' dir='ltr'><strong>diripiendas</strong></span> <span class='ocrx_word' id='word_1_605' title='bbox 1801 4838 2055 4931; x_wconf 91' lang='lat' dir='ltr'><strong>bibliothecas,</strong></span> <span class='ocrx_word' id='word_1_606' title='bbox 2086 4870 2162 4915; x_wconf 91' lang='lat' dir='ltr'><strong>non</strong></span> <span class='ocrx_word' id='word_1_607' title='bbox 2186 4850 2234 4917; x_wconf 87' lang='lat' dir='ltr'><strong>ad</strong></span> 
     </span>
     <span class='ocr_line' id='line_1_48' title="bbox 201 4942 2237 5038; baseline -0 -17"><span class='ocrx_word' id='word_1_608' title='bbox 201 4951 393 5021; x_wconf 87' lang='lat' dir='ltr'><strong>collocatus</strong></span> <span class='ocrx_word' id='word_1_609' title='bbox 408 4964 500 5031; x_wconf 90' lang='lat' dir='ltr'><strong>erat,</strong></span> <span class='ocrx_word' id='word_1_610' title='bbox 526 4947 581 5017; x_wconf 93' lang='lat' dir='ltr'><strong>illi</strong></span> <span class='ocrx_word' id='word_1_611' title='bbox 600 4946 667 5038; x_wconf 91' lang='lat' dir='ltr'><strong>ipsi</strong></span> <span class='ocrx_word' id='word_1_612' title='bbox 690 4944 774 5015; x_wconf 93' lang='lat' dir='ltr'><strong>urbi</strong></span> <span class='ocrx_word' id='word_1_613' title='bbox 798 4945 965 5016; x_wconf 89' lang='lat' dir='ltr'><strong>nefariam</strong></span> <span class='ocrx_word' id='word_1_614' title='bbox 987 4947 1078 5034; x_wconf 89' lang='lat' dir='ltr'><strong>vim,</strong></span> <span class='ocrx_word' id='word_1_615' title='bbox 1105 4973 1189 5017; x_wconf 90' lang='lat' dir='ltr'><strong>con·</strong></span> <span class='ocrx_word' id='word_1_616' title='bbox 1239 4949 1470 5018; x_wconf 91' lang='lat' dir='ltr'><strong>trucidandos</strong></span> <span class='ocrx_word' id='word_1_617' title='bbox 1491 4949 1704 5028; x_wconf 84' lang='lat' dir='ltr'><strong>sacerdotes,</strong></span> <span class='ocrx_word' id='word_1_618' title='bbox 1737 4969 1812 5017; x_wconf 92' lang='lat' dir='ltr'><strong>nou</strong></span> <span class='ocrx_word' id='word_1_619' title='bbox 1835 4946 1878 5015; x_wconf 92' lang='lat' dir='ltr'><strong>ad</strong></span> <span class='ocrx_word' id='word_1_620' title='bbox 1896 4946 2049 5037; x_wconf 85' lang='lat' dir='ltr'><strong>virgines</strong></span> <span class='ocrx_word' id='word_1_621' title='bbox 2065 4962 2097 5018; x_wconf 92' lang='lat' dir='ltr'><strong>et</strong></span> <span class='ocrx_word' id='word_1_622' title='bbox 2119 4942 2237 5020; x_wconf 90' lang='lat' dir='ltr'><strong>houe-</strong></span> 
     </span>
     <span class='ocr_line' id='line_1_49' title="bbox 201 5045 2238 5142; baseline -0.002 -17"><span class='ocrx_word' id='word_1_623' title='bbox 201 5068 255 5125; x_wconf 91' lang='lat' dir='ltr'><strong>tra</strong></span> <span class='ocrx_word' id='word_1_624' title='bbox 285 5050 410 5142; x_wconf 88' lang='lat' dir='ltr'><strong>optimi</strong></span> <span class='ocrx_word' id='word_1_625' title='bbox 439 5048 616 5140; x_wconf 89' lang='lat' dir='ltr'><strong>Principis</strong></span> <span class='ocrx_word' id='word_1_626' title='bbox 642 5046 763 5118; x_wconf 91' lang='lat' dir='ltr'><strong>Caroli</strong></span> <span class='ocrx_word' id='word_1_627' title='bbox 791 5049 1029 5136; x_wconf 90' lang='lat' dir='ltr'><strong>voluntatem,</strong></span> <span class='ocrx_word' id='word_1_628' title='bbox 1067 5064 1189 5120; x_wconf 90' lang='lat' dir='ltr'><strong>contra</strong></span> <span class='ocrx_word' id='word_1_629' title='bbox 1239 5064 1309 5119; x_wconf 91' lang='lat' dir='ltr'><strong>stas</strong></span> <span class='ocrx_word' id='word_1_630' title='bbox 1331 5064 1512 5121; x_wconf 90' lang='lat' dir='ltr'><strong>matronas</strong></span> <span class='ocrx_word' id='word_1_631' title='bbox 1536 5051 1730 5141; x_wconf 90' lang='lat' dir='ltr'><strong>rapiendas.</strong></span> <span class='ocrx_word' id='word_1_632' title='bbox 1788 5045 1886 5119; x_wconf 89' lang='lat' dir='ltr'><strong>Haec</strong></span> <span class='ocrx_word' id='word_1_633' title='bbox 1913 5073 1993 5125; x_wconf 89' lang='lat' dir='ltr'><strong>cum</strong></span> <span class='ocrx_word' id='word_1_634' title='bbox 2018 5051 2137 5119; x_wconf 91' lang='lat' dir='ltr'><strong>omnia</strong></span> <span class='ocrx_word' id='word_1_635' title='bbox 2161 5053 2238 5142; x_wconf 87' lang='lat' dir='ltr'><strong>tegi</strong></span> 
     </span>
     <span class='ocr_line' id='line_1_50' title="bbox 202 5138 2238 5247; baseline -0.001 -22"><span class='ocrx_word' id='word_1_636' title='bbox 202 5153 409 5245; x_wconf 89' lang='lat' dir='ltr'><strong>disciplinae</strong></span> <span class='ocrx_word' id='word_1_637' title='bbox 425 5152 589 5240; x_wconf 88' lang='lat' dir='ltr'><strong>militaris</strong></span> <span class='ocrx_word' id='word_1_638' title='bbox 606 5151 713 5238; x_wconf 87' lang='lat' dir='ltr'><strong>leges,</strong></span> <span class='ocrx_word' id='word_1_639' title='bbox 736 5162 859 5220; x_wconf 90' lang='lat' dir='ltr'><strong>contra</strong></span> <span class='ocrx_word' id='word_1_640' title='bbox 874 5148 1041 5242; x_wconf 89' lang='lat' dir='ltr'><strong>auspicia,</strong></span> <span class='ocrx_word' id='word_1_641' title='bbox 1066 5166 1189 5245; x_wconf 81' lang='lat' dir='ltr'><strong>eontra</strong></span> <span class='ocrx_word' id='word_1_642' title='bbox 1239 5152 1311 5220; x_wconf 90' lang='lat' dir='ltr'><strong>suis</strong></span> <span class='ocrx_word' id='word_1_643' title='bbox 1325 5153 1432 5221; x_wconf 92' lang='lat' dir='ltr'><strong>armis</strong></span> <span class='ocrx_word' id='word_1_644' title='bbox 1449 5176 1584 5247; x_wconf 91' lang='lat' dir='ltr'><strong>suoque</strong></span> <span class='ocrx_word' id='word_1_645' title='bbox 1606 5151 1760 5222; x_wconf 90' lang='lat' dir='ltr'><strong>exercitu</strong></span> <span class='ocrx_word' id='word_1_646' title='bbox 1775 5148 1972 5242; x_wconf 83' lang='lat' dir='ltr'><strong>Imperator</strong></span> <span class='ocrx_word' id='word_1_647' title='bbox 1984 5151 2106 5235; x_wconf 89' lang='lat' dir='ltr'><strong>vellet,</strong></span> <span class='ocrx_word' id='word_1_648' title='bbox 2133 5138 2238 5223; x_wconf 75' lang='lat' dir='ltr'><strong>exer-</strong></span> 
     </span>
     <span class='ocr_line' id='line_1_51' title="bbox 200 5248 2235 5346; baseline 0 -18"><span class='ocrx_word' id='word_1_649' title='bbox 200 5258 376 5327; x_wconf 87' lang='lat' dir='ltr'><strong>maiorum</strong></span> <span class='ocrx_word' id='word_1_650' title='bbox 399 5253 573 5344; x_wconf 87' lang='lat' dir='ltr'><strong>exempla,</strong></span> <span class='ocrx_word' id='word_1_651' title='bbox 602 5252 734 5323; x_wconf 73' lang='lat' dir='ltr'><strong>intulit„</strong></span> <span class='ocrx_word' id='word_1_652' title='bbox 787 5248 850 5321; x_wconf 82' lang='lat' dir='ltr'><strong>Est</strong></span> <span class='ocrx_word' id='word_1_653' title='bbox 868 5253 961 5322; x_wconf 90' lang='lat' dir='ltr'><strong>enim</strong></span> <span class='ocrx_word' id='word_1_654' title='bbox 984 5253 1190 5325; x_wconf 86' lang='lat' dir='ltr'><strong>liberandus</strong></span> <span class='ocrx_word' id='word_1_655' title='bbox 1239 5254 1346 5338; x_wconf 89' lang='lat' dir='ltr'><strong>citus,</strong></span> <span class='ocrx_word' id='word_1_656' title='bbox 1378 5268 1418 5325; x_wconf 90' lang='lat' dir='ltr'><strong>ut</strong></span> <span class='ocrx_word' id='word_1_657' title='bbox 1442 5250 1543 5346; x_wconf 88' lang='lat' dir='ltr'><strong>saepe</strong></span> <span class='ocrx_word' id='word_1_658' title='bbox 1571 5255 1657 5324; x_wconf 89' lang='lat' dir='ltr'><strong>alias</strong></span> <span class='ocrx_word' id='word_1_659' title='bbox 1685 5253 1831 5337; x_wconf 85' lang='lat' dir='ltr'><strong>accidit,</strong></span> <span class='ocrx_word' id='word_1_660' title='bbox 1864 5269 1986 5325; x_wconf 87' lang='lat' dir='ltr'><strong>contra</strong></span> <span class='ocrx_word' id='word_1_661' title='bbox 2007 5253 2235 5345; x_wconf 87' lang='lat' dir='ltr'><strong>disciplinam</strong></span> 
     </span>
    </p>
   </div>
   <div class='ocr_carea' id='block_1_6' title="bbox 79 5351 2233 5453">
    <p class='ocr_par' dir='ltr' id='par_1_7' title="bbox 79 5351 2233 5453">
     <span class='ocr_line' id='line_1_52' title="bbox 79 5351 2233 5453; baseline -0 -23"><span class='ocrx_word' id='word_1_662' title='bbox 79 5447 82 5453; x_wconf 7' lang='lat' dir='ltr'><strong>g</strong></span> <span class='ocrx_word' id='word_1_663' title='bbox 200 5360 303 5452; x_wconf 89' lang='lat' dir='ltr'><strong>culpa</strong></span> <span class='ocrx_word' id='word_1_664' title='bbox 317 5355 464 5440; x_wconf 90' lang='lat' dir='ltr'><strong>Caesar,</strong></span> <span class='ocrx_word' id='word_1_665' title='bbox 492 5354 553 5448; x_wconf 91' lang='lat' dir='ltr'><strong>qui</strong></span> <span class='ocrx_word' id='word_1_666' title='bbox 571 5354 707 5424; x_wconf 83' lang='lat' dir='ltr'><strong>etiamsi</strong></span> <span class='ocrx_word' id='word_1_667' title='bbox 723 5353 823 5425; x_wconf 91' lang='lat' dir='ltr'><strong>iustis</strong></span> <span class='ocrx_word' id='word_1_668' title='bbox 838 5358 882 5424; x_wconf 93' lang='lat' dir='ltr'><strong>de</strong></span> <span class='ocrx_word' id='word_1_669' title='bbox 899 5353 1188 5428; x_wconf 84' lang='lat' dir='ltr'><strong>causisRomano</strong></span> <span class='ocrx_word' id='word_1_670' title='bbox 1239 5357 1449 5445; x_wconf 90' lang='lat' dir='ltr'><strong>militarem,</strong></span> <span class='ocrx_word' id='word_1_671' title='bbox 1475 5372 1596 5427; x_wconf 94' lang='lat' dir='ltr'><strong>contra</strong></span> <span class='ocrx_word' id='word_1_672' title='bbox 1622 5357 1725 5424; x_wconf 84' lang='lat' dir='ltr'><strong>fidem</strong></span> <span class='ocrx_word' id='word_1_673' title='bbox 1748 5351 1957 5446; x_wconf 90' lang='lat' dir='ltr'><strong>Imperatori</strong></span> <span class='ocrx_word' id='word_1_674' title='bbox 1981 5356 2120 5440; x_wconf 89' lang='lat' dir='ltr'><strong>datam,</strong></span> <span class='ocrx_word' id='word_1_675' title='bbox 2145 5380 2233 5430; x_wconf 90' lang='lat' dir='ltr'><strong>ava-</strong></span> 
     </span>
    </p>
   </div>
   <div class='ocr_carea' id='block_1_7' title="bbox 199 5439 2236 5550">
    <p class='ocr_par' dir='ltr' id='par_1_8' title="bbox 199 5439 2236 5550">
     <span class='ocr_line' id='line_1_53' title="bbox 199 5439 2236 5550; baseline -0.001 -17"><span class='ocrx_word' id='word_1_676' title='bbox 199 5459 364 5533; x_wconf 87' lang='lat' dir='ltr'><strong>Pontifici</strong></span> <span class='ocrx_word' id='word_1_677' title='bbox 382 5458 568 5547; x_wconf 88' lang='lat' dir='ltr'><strong>irascitur,</strong></span> <span class='ocrx_word' id='word_1_678' title='bbox 594 5469 710 5528; x_wconf 91' lang='lat' dir='ltr'><strong>tamen</strong></span> <span class='ocrx_word' id='word_1_679' title='bbox 730 5452 796 5526; x_wconf 93' lang='lat' dir='ltr'><strong>hoc</strong></span> <span class='ocrx_word' id='word_1_680' title='bbox 818 5458 914 5529; x_wconf 88' lang='lat' dir='ltr'><strong>exitu</strong></span> <span class='ocrx_word' id='word_1_681' title='bbox 928 5459 1098 5530; x_wconf 88' lang='lat' dir='ltr'><strong>victoriae</strong></span> <span class='ocrx_word' id='word_1_682' title='bbox 1120 5459 1189 5528; x_wconf 91' lang='lat' dir='ltr'><strong>mi·</strong></span> <span class='ocrx_word' id='word_1_683' title='bbox 1238 5459 1345 5546; x_wconf 91' lang='lat' dir='ltr'><strong>ricia,</strong></span> <span class='ocrx_word' id='word_1_684' title='bbox 1393 5463 1436 5529; x_wconf 88' lang='lat' dir='ltr'><strong>ad</strong></span> <span class='ocrx_word' id='word_1_685' title='bbox 1472 5439 1709 5550; x_wconf 88' lang='lat' dir='ltr'><strong>diripiendam</strong></span> <span class='ocrx_word' id='word_1_686' title='bbox 1746 5459 1873 5529; x_wconf 90' lang='lat' dir='ltr'><strong>urbem</strong></span> <span class='ocrx_word' id='word_1_687' title='bbox 1906 5457 2236 5550; x_wconf 90' lang='lat' dir='ltr'><strong>opulentissimam,</strong></span> 
     </span>
    </p>
   </div>
   <div class='ocr_carea' id='block_1_8' title="bbox 0 0 2380 6020">
    <p class='ocr_par' dir='ltr' id='par_1_9' title="bbox 0 0 2380 6020">
     <span class='ocr_line' id='line_1_54' title="bbox 0 0 2380 6020; baseline 0 0"><span class='ocrx_word' id='word_1_688' title='bbox 0 0 2380 6020; x_wconf 95' lang='lat' dir='ltr'><strong> </strong></span> 
     </span>
    </p>
   </div>
  </div>
 </body>
</html>
