4732 6030
134 361 140 377 ⁸
191 353 266 439 951
566 351 726 430 DECls
762 350 835 427 DE
867 347 1166 426 calamus
1197 347 1273 425 ΕΤ
1305 349 1578 427 MOTlBUS
1609 349 1843 429 CORDIS.
2154 356 2235 433 ets

195 543 272 612 lum
288 532 385 606 bunc
400 553 505 603 usum
522 523 667 614 babent,
690 541 731 598 ut
746 520 959 619 prohibeant
973 547 1020 594 ne
1032 523 1185 594 nimium
1236 526 1366 597 multas
1387 548 1518 599 causa.
1569 522 1662 595 Nam
1685 539 1720 597 et
1740 526 1839 596 cordi
1861 525 2128 617 refrigeratione
2143 552 2235 622 opus

198 640 324 712 influat
338 647 399 706 ant
413 633 546 716 ellluat,
567 630 748 701 sedetiam
765 626 1186 719 organasuntattractio-
1238 640 1309 713 εει,
1332 621 1478 698 attrahit
1497 626 1607 716 igitur
1631 639 1668 696 et
1692 621 1831 699 exhalat
1855 644 1989 713 aerem,
2016 628 2150 701 deinde
2170 655 2236 704 nec

198 742 274 824 nis,
299 761 382 808 nam
399 749 499 807 motu
513 735 629 804 cordis
655 746 774 804 tensae
798 730 951 802 tendunt
968 742 1002 798 et
1017 727 1112 818 ipsae
1128 751 1187 799 ca·
1239 729 1399 819 generari
1422 729 1566 820 spiritus
1587 729 1658 798 nisi
1683 730 1799 799 calore
1818 743 1855 800 et
1877 743 1977 800 motu
1994 731 2144 818 poterit,
2169 757 2234 807 nec

196 830 333 913 nalium
346 839 495 921 tunicas,
513 848 553 906 ut
567 835 787 925 sanguinem,
807 831 985 923 spiritum,
1000 844 1060 901 aut
1072 835 1187 900 aeirem
1238 832 1314 900 sine
1337 844 1439 900 motu
1457 831 1576 922 aliquo
1595 831 1787 901 transmitti
1812 847 1938 922 potest.
1989 829 2088 902 Mira
2103 849 2154 907 est
2168 860 2233 908 au-

198 967 304 1040 quem
320 941 521 1023 continent,
548 939 694 1030 pellant.
1239 948 1311 1003 tem
1335 932 1513 1023 copulatio
1535 932 1626 1001 ae'ris
1648 956 1728 1001 cum
1752 934 1882 1002 nostris
1911 934 2129 1025 corporibus
2185 936 2235 1011 Ut

299 1043 385 1116 Dixi
400 1040 605 1112 brevissime
622 1041 667 1108 de
683 1035 842 1108 aedilicio
858 1031 997 1116 cordis,
1021 1031 1117 1124 quod
1137 1028 1186 1100 ira
1240 1035 1336 1102 enim
1357 1034 1539 1104 nutrimur
1561 1034 1666 1104 rebus
1688 1034 1781 1103 natis
1802 1058 1844 1104 ex
1862 1048 2015 1129 quatuor
2036 1036 2232 1124 elementis,

199 1147 310 1239 magis
330 1143 606 1226 admirabimur,
631 1165 710 1210 cum
728 1160 813 1208 usus
830 1149 864 1206 et
887 1148 1005 1204 motus
1028 1131 1188 1203 conside·
1240 1136 1324 1229 quia
1343 1134 1390 1204 ⁴ex
1413 1130 1470 1203 his
1497 1149 1531 1205 et
1554 1147 1674 1205 nostra
1696 1159 1843 1226 corpora
1867 1137 2020 1207 conflata
2046 1153 2146 1225 sunt,
2179 1141 2230 1213 ita

199 1250 368 1322 rabimus.
420 1244 565 1318 Utilitas
580 1257 631 1314 εει
645 1243 759 1332 prima
775 1253 810 1309 et
822 1259 971 1320 summa,
993 1236 1089 1327 quod
1103 1232 1190 1301 reli·
1240 1262 1320 1307 cum
1336 1238 1373 1305 in
1392 1252 1472 1308 aere
1486 1260 1683 1321 versemur,
1707 1238 1902 1326 plurimum
1925 1233 2113 1311 haurimus
2130 1242 2231 1329 aeris,

201 1377 272 1448 quo
288 1347 428 1441 corpori
442 1349 572 1417 lenset
586 1344 728 1414 initium
745 1354 794 1410 est
803 1343 894 1409 vitae
908 1351 941 1407 et
956 1336 1082 1406 caloris
1096 1333 1189 1402 vivi·
1241 1353 1275 1408 ει
1294 1335 1351 1408 bic
1373 1351 1545 1428 temperat
1567 1336 1820 1436 lucidissimam
1845 1340 2042 1431 flammam,
2070 1367 2164 1436 quae
2185 1359 2233 1416 εει

200 1454 278 1538 lici,
312 1452 385 1521 sive
418 1445 504 1518 haec
536 1447 714 1518 discernas
746 1444 820 1512 sive
851 1440 946 1508 idem
979 1461 1053 1506 esse
1084 1437 1189 1506 dicas.
1240 1441 1385 1532 spiritus
1403 1439 1530 1511 vitalis.
1580 1435 1647 1508 Est
1662 1453 1777 1509 autem
1799 1436 1857 1510 hic
1873 1442 2042 1512 motusin
2058 1447 2234 1516 cordele-

200 1552 338 1626 Deinde
356 1551 531 1644 spiritum,
557 1561 592 1618 et
603 1543 700 1615 hunc
715 1543 893 1612 vivificum
911 1540 1062 1610 calorem
1080 1538 1117 1606 in
1135 1552 1189 1607 to-
1240 1544 1334 1613 xatio
1353 1555 1387 1610 ει
1408 1540 1601 1610 contractio
1617 1542 1914 1627 ventriculorum,
1940 1567 2032 1638 quae
2044 1545 2097 1615 sic
2114 1547 2156 1618 fit
2171 1572 2235 1618 na-

201 1671 279 1730 tum
295 1676 423 1743 corpus
444 1650 594 1742 spargit,
621 1648 702 1716 ideo
718 1644 834 1737 inquit
850 1641 1072 1713 Aristoteles:
1097 1663 1190 1733 καρ-
1242 1659 1320 1714 tura
1337 1642 1473 1731 cordis,
1498 1665 1563 1711 nec
1582 1642 1717 1732 regitur
1732 1668 1751 1712 a
1768 1645 1912 1714 cerebro
1933 1660 1994 1717 aut
2008 1647 2148 1730 nervis,
2172 1651 2235 1720 sed

201 1754 268 1830 δία
291 1750 390 1826 ἐστὶν
411 1746 506 1846 ἀρχὴ
527 1745 617 1844 βίον
640 1752 731 1819 πᾶσι
745 1743 889 1840 μέρεσι,
913 1738 977 1814 καὶ
996 1735 1192 1834 μεταδιδοῖ
1241 1746 1349 1815 librae
1364 1757 1447 1814 sunt
1461 1744 1626 1835 propriae
1640 1745 1774 1828 cordis,
1800 1740 1906 1814 huius
1920 1759 2037 1817 motos
2055 1750 2232 1822 rectrices.

201 1851 417 1949 θερμασίαν
437 1848 617 1947 βιωτικὴν
638 1853 747 1932 πᾶσι,
771 1840 836 1920 καὶ
856 1848 1004 1937 πνεῦμα
1019 1849 1074 1937 τῷ
1089 1842 1190 1938 dyas-
1241 1847 1313 1916 Nec
1326 1847 1429 1937 plura
1447 1868 1543 1913 nunc
1560 1848 1603 1913 de
1618 1868 1660 1914 eo
1673 1845 1806 1930 dicam,
1832 1859 1965 1916 tantum
1979 1851 2156 1920 admoneo
2173 1853 2235 1922 iu·

202 1951 526 2054 perpusillum.
578 1951 740 2024 Secunda
758 1948 909 2031 utilitas,
934 1947 1030 2039 quod
1046 1945 1190 2034 spiritus
1243 1949 1378 2031 niores,
1404 1960 1442 2015 ut
1460 1945 1613 2034 cogitent
1629 1948 1843 2019 necessitatis
1858 1970 1919 2019 seu
1932 1949 2160 2036 vitaecausa,
2186 1955 2234 2024 ad

202 2059 311 2150 geniti
336 2059 373 2126 in
390 2056 511 2140 corde,
537 2077 617 2124 cum
641 2066 761 2144 postea
784 2048 918 2120 cerebri
934 2048 972 2116 ri
989 2060 1190 2135 temperan·
1242 2046 1307 2119 ltos
1329 2072 1412 2121 usus
1432 2048 1632 2118 institutum
1650 2071 1741 2138 esse,
1768 2045 1938 2141 quiahoc
1960 2067 2060 2123 motu
2083 2050 2234 2124 attrabi-

203 2174 279 2243 tur,
303 2159 393 2229 liunt
415 2159 648 2226 instrumenta
665 2153 822 2244 proxima
839 2150 1018 2219 actionum
1034 2149 1072 2215 in
1095 2170 1191 2217 cere-
1242 2166 1301 2221 tur
1326 2157 1404 2233 adr,
1446 2163 1480 2218 et
1511 2151 1701 2220 adiuvatur
1718 2152 1914 2240 'generatio
1944 2168 1979 2225 et
2011 2156 2233 2227 transmissio

201 2265 270 2332 bro
287 2273 321 2330 et
335 2260 372 2328 in
387 2258 526 2341 nervis,
552 2271 585 2328 ει
601 2256 694 2325 cient
710 2252 974 2342 cogitationem,
1001 2271 1142 2317 sensum
1157 2260 1191 2317 et
1242 2253 1446 2344 spirituum.

203 2376 351 2443 motum,
377 2360 462 2454 quid
480 2370 595 2428 autem
613 2370 699 2426 esset
716 2355 787 2424 vita
800 2353 876 2422 sine
890 2374 1005 2434 sensu,
1032 2364 1131 2420 motu
1156 2363 1190 2420 et
1344 2349 1445 2422 Alter
1456 2365 1574 2422 motus
1590 2351 1629 2419 in
1642 2354 1748 2422 corde
1762 2355 1969 2426 nominatur
1982 2357 2150 2443 adlectus,
2169 2359 2232 2450 qui

203 2464 424 2554 cogitatione.
476 2458 598 2531 Tertia
621 2456 757 2529 utilitas
777 2454 926 2524 maxime
948 2452 1092 2545 propria
1111 2473 1191 2519 cor·
1242 2455 1480 2545 cognitionem
1502 2453 1680 2546 sequitur,
1706 2470 1740 2526 et
1760 2458 1964 2527 accenditur
1980 2458 2130 2531 noticiis.
2186 2456 2232 2528 ld

203 2567 270 2650 dis,
293 2565 387 2658 quod
404 2586 480 2633 non
494 2562 608 2632 solum
626 2561 725 2629 sedes
740 2570 789 2627 est
806 2555 1008 2644 affectuum,
1034 2555 1094 2622 sed
1110 2554 1191 2620 fons
1242 2580 1326 2626 vero
1344 2559 1522 2648 quomodo
1537 2554 1619 2639 liet,
1639 2570 1701 2625 aut
1716 2579 1807 2649 quae
1820 2559 1872 2628 vis
1889 2559 1933 2629 sit
1951 2558 2087 2629 cerebri
2101 2572 2138 2629 et
2153 2557 2232 2650 spi·

201 2669 308 2739 etiam
325 2681 359 2737 ει
373 2688 497 2752 causa,
521 2677 562 2733 ut
577 2663 747 2731 sentimus
762 2658 871 2728 vitam
886 2655 1060 2726 laeticiam
1076 2676 1191 2748 quan·
1242 2658 1375 2728 rituum
1389 2657 1593 2726 ferientium
1608 2659 1725 2741 corda,
1739 2672 1859 2728 uttam
1873 2659 1964 2728 varii
1978 2673 2098 2731 motus
2111 2660 2233 2741 cican-

203 2773 284 2841 dam
306 2790 397 2853 esse,
423 2764 636 2835 moesticiam
654 2786 737 2830 vero
758 2775 908 2829 mortem
925 2771 959 2827 et
982 2755 1191 2827 destructio·
1242 2774 1320 2842 tur,
1345 2759 1462 2827 dicere
1478 2781 1553 2826 non
1569 2779 1724 2849 possum,
1751 2760 1819 2829 nisi
1834 2761 1914 2853 quia
1930 2761 1981 2829 sic
1999 2775 2128 2832 natura
2143 2786 2232 2832 con-

203 2873 259 2940 nis
274 2892 423 2940 causam.
468 2863 516 2937 Et
531 2885 733 2959 quanquam
747 2862 853 2931 sentit
868 2884 929 2929 cor
944 2881 1068 2928 suaves
1083 2870 1118 2926 et
1133 2856 1192 2924 in·
1241 2862 1315 2930 dita
1338 2872 1406 2939 est,
1430 2873 1471 2929 ut
1485 2858 1620 2928 cerebri
1642 2872 1677 2929 et
1692 2862 1809 2931 cordis
1825 2863 1905 2932 talis
1924 2863 1970 2931 sit
1984 2884 2177 2934 consensus
2195 2877 2232 2933 et

202 2995 325 3042 suaves
342 2971 514 3041 motiones
530 2988 593 3058 per
605 2987 753 3049 nervos,
778 2964 839 3056 qui
854 2986 874 3032 a
891 2975 987 3031 serto
1013 2959 1088 3050 pari
1107 2981 1191 3027 ner·
1242 2953 1475 3055 συμπάθεια.
1523 2959 1648 3030 Voluit
1672 2959 1767 3032 Deus
1794 2964 1912 3034 lucere
1936 2986 2016 3033 suae
2035 2963 2231 3054 sapientiae

204 3096 330 3141 vorum
361 3071 496 3141 cerebri
522 3069 560 3139 in
589 3092 650 3138 cor
678 3066 821 3137 deducti
847 3077 949 3147 sunt,
979 3075 1098 3132 tamen
1126 3082 1191 3130 sua
1242 3065 1360 3134 radios
1384 3062 1422 3130 in
1448 3063 1591 3132 cerebro
1615 3076 1757 3149 nostro,
1790 3061 1946 3136 cumbis
1965 3078 1999 3136 et
2021 3065 2230 3135 cordacon·

201 3174 374 3266 quaedam
393 3184 445 3240 est
465 3185 591 3240 natura
607 3169 742 3253 cordis,
766 3189 834 3259 qua
853 3166 923 3235 ciet
947 3164 1124 3246 adlectus,
1157 3173 1191 3229 et
1241 3189 1367 3256 gruere
1396 3164 1530 3246 voluit,
1565 3163 1731 3235 lactantia
1760 3168 1943 3254 agnitione
1969 3165 2054 3251 Dei,
2092 3179 2127 3237 et
2157 3167 2231 3259 ipse

203 3273 342 3343 laeticia
364 3270 513 3353 fruitur,
547 3284 582 3339 et
597 3267 810 3336 contabescit
827 3267 961 3336 dolore.
1014 3263 1108 3335 Sunt
1126 3287 1192 3332 au·
1242 3271 1362 3336 adesse
1378 3265 1923 3358 incordibusnostristanuam
1939 3268 1977 3336 in
1993 3270 2077 3338 sede
2093 3291 2231 3338 suavo·

203 3388 273 3446 tem
288 3369 374 3442 baec
387 3370 426 3441 in
440 3371 511 3440 vita
527 3369 726 3461 praecipua,
751 3387 884 3444 sensus,
911 3365 1088 3452 cogitatio,
1113 3387 1191 3432 mo-
1243 3369 1329 3450 luit,
1355 3381 1389 3437 et
1407 3367 1616 3457 perfundere
1630 3388 1694 3434 nos
1708 3389 1770 3435 sua
1787 3367 1865 3436 luce
1881 3381 1915 3436 et
1932 3369 2086 3442 laeticia.
2136 3367 2232 3439 llaec

201 3491 275 3557 tus,
302 3473 423 3545 laetari
444 3473 549 3542 rebus
567 3468 880 3550 convenientibus,
905 3479 967 3535 aut
988 3464 1109 3534 dolere
1127 3465 1192 3532 ad·
1244 3468 1361 3555 minus
1385 3468 1633 3558 intelligimus,
1663 3468 1748 3560 quia
1767 3468 1881 3558 prima
1905 3470 2046 3538 cerebri
2059 3483 2096 3540 et
2114 3470 2232 3540 cordis

202 3578 330 3660 versis,
356 3572 482 3646 horum
502 3574 627 3644 ultima
643 3569 784 3662 propria
803 3567 920 3636 cordis
939 3588 1013 3635 esse
1026 3566 1189 3636 latemur.
1241 3562 1670 3663 barmonia„quarnlleus
1684 3570 1856 3650 condidit,
1877 3571 2017 3640 turbata
2033 3585 2095 3644 εει
2127 3569 2232 3641 Nunc

199 3680 324 3774 ltaque
352 3679 397 3746 ad
424 3671 521 3745 hunc
545 3696 646 3744 usum
670 3669 912 3761 principaliter
936 3667 1117 3738 conditum
1140 3679 1191 3736 est
1242 3671 1351 3760 igitur
1368 3671 1415 3740 ita
1434 3670 1632 3761 disputant,
1656 3671 1812 3741 adlectus
1828 3672 2036 3741 comitantes
2050 3672 2234 3758 noticiam,

199 3805 278 3867 cor,
307 3794 349 3850 ut
372 3776 592 3848 domicilium
612 3771 680 3844 Dei
695 3774 758 3856 sit,
786 3784 820 3841 et
835 3770 955 3840 divina
980 3768 1116 3838 laeticia
1133 3793 1191 3838 rc-
1242 3773 1402 3855 uticam,
1429 3771 1592 3841 incendia
1610 3795 1783 3857 amorum,
1809 3773 1993 3858 laeticiam,
2016 3796 2126 3863 spem,
2152 3795 2232 3841 ιιιε-

200 3882 330 3953 sertum
346 3881 402 3954 sit.
1242 3888 1318 3956 tus,
1348 3868 1417 3942 hoc
1436 3875 1543 3942 modo
1568 3872 1728 3958 excitari,
1761 3874 1845 3967 quia
1870 3899 1932 3944 cor
1955 3875 2076 3943 feritur
2094 3871 2233 3961 spiritu

301 3981 403 4053 Hanc
432 3971 616 4048 mirificam
645 3975 763 4067 operis
787 3972 1014 4054 varietatem,
1047 3984 1081 4041 et
1105 3966 1191 4040 haec
1241 3976 1421 4045 acerebro
1437 3975 1554 4047 misso.
1597 3973 1665 4045 Sed
1684 3975 1822 4046 facilior
1837 3991 1888 4047 est
1904 3972 2085 4064 explicatio
2103 3971 2152 4042 iis
2168 3975 2232 4068 qui

199 4078 268 4156 Dei
290 4082 457 4170 consilia,
484 4079 569 4150 loris
586 4090 620 4147 et
637 4103 701 4170 per
718 4079 862 4145 densam
886 4074 1072 4162 caliginem
1096 4073 1191 4166 aspi·
1241 4077 1382 4161 dicunt,
1407 4100 1468 4146 cor
1485 4076 1704 4145 domicilium
1729 4100 1802 4147 esse
1818 4077 1996 4170 proprium
2011 4076 2231 4147 substantiae

200 4187 332 4257 cientes
353 4181 651 4274 obstupescimus,
675 4203 715 4248 ac
736 4178 897 4247 dolemus
919 4198 984 4244 nos
998 4198 1071 4243 non
1090 4174 1190 4265 peni·
1241 4178 1389 4248 animae.
1437 4176 1507 4249 Sed
1530 4179 1685 4247 contenti
1702 4178 1813 4248 simus
1835 4173 1899 4248 bac
1913 4176 2156 4271 qualicunque
2171 4202 2233 4248 ex-

200 4301 258 4355 tus
279 4284 507 4375 introspicere
530 4293 712 4361 naturam,
746 4292 779 4348 et
800 4300 919 4347 causas
937 4277 1056 4346 videre
1078 4299 1190 4368 posse.
1241 4278 1433 4371 positione,
1458 4280 1563 4348 talem
1578 4301 1651 4347 esse
1669 4280 1929 4371 copulationem
1945 4280 2080 4348 cerebri
2102 4292 2139 4349 et
2153 4304 2232 4350 cor·

199 4386 270 4459 Sed
302 4398 387 4456 tunc
411 4386 554 4454 demum
582 4404 661 4448 cum
688 4381 802 4451 ideam
828 4392 975 4447 naturae
1002 4378 1040 4446 in
1071 4391 1190 4448 mente
1240 4382 1315 4464 dis,
1340 4395 1381 4451 ut
1402 4383 1509 4450 corda
1528 4381 1584 4453 vel
1606 4395 1772 4471 appetant
1789 4381 1845 4451 vel
1863 4381 2000 4472 lugiant
2019 4405 2073 4450 res
2093 4383 2232 4454 oblatas

198 4489 321 4560 divin‘a
343 4506 542 4564 cernemus,
575 4481 774 4573 penitusuet
796 4475 887 4548 banc
908 4473 1127 4563 machinam,
1155 4492 1189 4549 et
1240 4482 1471 4571 cogitatione,
1505 4498 1539 4554 et
1560 4483 1642 4575 quia
1666 4506 1729 4552 cor
1751 4497 1845 4554 tenet
1866 4505 2033 4572 reguum,
2060 4495 2232 4554 ettamen

167 4614 318 4662 ¹causas
345 4586 506 4660 omnium
534 4607 682 4678 operum
709 4581 916 4651 divinorum
941 4580 1189 4670 intelligemus.
1240 4585 1486 4673 cogitationem
1509 4597 1706 4676 sequuntur
1726 4585 1900 4669 adiectus,
1931 4585 2232 4656 considerandum

197 4689 300 4765 Nunc
320 4687 485 4762 inchoata
509 4681 575 4757 hac
596 4684 895 4768 consideratione,
927 4679 1041 4751 Deum
1070 4677 1186 4751 archi·
1239 4698 1292 4755 est
1313 4687 1428 4779 qualis
1454 4686 1499 4755 sit
1521 4680 1606 4754 haec
1627 4687 1848 4775 gubernatio.
1907 4684 1977 4756 Hic
2000 4687 2120 4756 videte
2144 4689 2232 4760 duas

198 4805 327 4865 tectum
359 4813 605 4884 agnoscamus,
639 4802 674 4859 ει
697 4788 795 4856 illius
818 4786 989 4877 perlectae
1013 4784 1186 4854 desiderio
1239 4788 1370 4879 species
1392 4786 1658 4875 gubernationis
1681 4788 1719 4859 in
1742 4784 1904 4872 homine,
1935 4813 2087 4879 quanam
2113 4804 2233 4880 postes

197 4897 439 4971 accendamur.
503 4889 744 4963 Consideratis
772 4902 889 4958 autem
915 4886 1131 4957 utilitatibus
1152 4899 1188 4956 et
1238 4889 1394 4981 exempla
1413 4888 1452 4956 in
1474 4887 1634 4980 imperiis
1657 4890 1812 4964 cernitis.
1864 4885 1996 4960 Omnis
2018 4893 2232 4980 gubernatio

195 4994 321 5066 officiis
343 4996 478 5078 cordis,
510 4993 736 5063 discernendi
758 5003 840 5058 sunt
869 5000 903 5057 et
923 5003 1053 5061 motus.
1103 4986 1185 5059 Duo
1237 4989 1276 5060 lit
1303 5006 1363 5060 aut
1383 4992 1585 5074 suadendo,
1617 5006 1681 5062 aut
1708 4995 1885 5083 cogendo,
1917 5016 1978 5063 seu
2007 5006 2049 5064 ut
2080 4995 2233 5066 crassius

195 5110 314 5167 autem
340 5110 423 5165 sunt
443 5117 570 5184 genera
589 5107 771 5172 motuum,
798 5090 860 5185 qui
874 5090 972 5159 cordi
990 5093 1185 5160 secundum
1236 5091 1371 5176 dicam,
1389 5093 1466 5186 ,qui
1489 5094 1680 5174 obediunt,
1716 5117 1839 5164 omnes
1867 5107 1928 5165 aut
1957 5095 2070 5166 coacti
2098 5097 2232 5168 iaciunt

194 5213 359 5270 naturam
373 5207 597 5287 competunt,
623 5217 683 5263 seu
703 5194 765 5288 qui
780 5206 864 5263 sunt
878 5186 1073 5288 iaspysc'ot,
1101 5191 1185 5284 pul·
1236 5192 1424 5284 imperata,
1456 5207 1515 5264 aut
1537 5195 1764 5286 persuasione
1785 5196 1874 5266 moti
1896 5211 2023 5287 sponte
2045 5198 2234 5292 obtempe-

193 5322 252 5372 sus
281 5298 448 5370 videlicet
478 5312 511 5368 et
546 5294 707 5369 affectus,
747 5319 831 5365 nam
863 5307 995 5363 tremor
1026 5317 1099 5362 non
1131 5307 1185 5365 est
1234 5309 1325 5365 rant.
1379 5294 1427 5369 Ut
1443 5295 1666 5384 Magistratui
1685 5297 1722 5365 in
1738 5295 1881 5391 Repub.
1896 5299 1957 5368 alii
1974 5300 2154 5372 obediunt
2171 5326 2233 5372 vo-

192 5399 373 5501 laipyeta,
406 5414 440 5473 ει
463 5418 609 5494 prorsus
631 5396 775 5466 aliunde
802 5397 928 5467 oritur.
980 5393 1181 5465 Necessaria
1233 5397 1362 5481 lentes,
1388 5399 1503 5488 legum
1518 5400 1809 5484 marcescentia,
1833 5424 1896 5471 seu
1911 5414 2028 5484 metu,
2051 5401 2118 5471 alii
2136 5402 2232 5476 ducti

188 5515 243 5573 est
257 5518 380 5577 antem
401 5504 512 5578 motio
534 5522 626 5596 quae
644 5498 853 5569 nominatur
869 5497 1010 5606 pulsus,
1037 5509 1182 5591 propter
1232 5499 1271 5568 in
1284 5522 1458 5571 carcerem
1472 5501 1664 5589 obediunt,
1684 5503 1769 5596 quia
1786 5503 1856 5573 iarn
1872 5502 1985 5575 virtcti
1997 5526 2066 5575 nec
2081 5518 2234 5597 ponunt
