<?xml version="1.0" encoding="UTF-8"?>
<!DOCTYPE html PUBLIC "-//W3C//DTD XHTML 1.0 Transitional//EN"
    "http://www.w3.org/TR/xhtml1/DTD/xhtml1-transitional.dtd">
<html xmlns="http://www.w3.org/1999/xhtml" xml:lang="en" lang="en">
 <head>
  <title>
</title>
<meta http-equiv="Content-Type" content="text/html;charset=utf-8" />
  <meta name='ocr-system' content='tesseract 3.04.00' />
  <meta name='ocr-capabilities' content='ocr_page ocr_carea ocr_par ocr_line ocrx_word'/>
</head>
<body>
  <div class='ocr_page' id='page_1' title='image "./philippimelanth21melagoog/philippimelanth21melagoog_0331.png"; bbox 0 0 4732 6030; ppageno 0'>
   <div class='ocr_carea' id='block_1_1' title="bbox 207 1798 1266 1884">
    <p class='ocr_par' dir='ltr' id='par_1_1' title="bbox 207 1798 1266 1884">
     <span class='ocr_line' id='line_1_1' title="bbox 207 1798 1266 1884; baseline -0.02 1"><span class='ocrx_word' id='word_1_1' title='bbox 207 1798 210 1803; x_wconf 30' lang='lat'>⁸</span> <span class='ocrx_word' id='word_1_2' title='bbox 278 1835 352 1883; x_wconf 87' lang='lat' dir='ltr'><strong>esse</strong></span> <span class='ocrx_word' id='word_1_3' title='bbox 369 1809 461 1876; x_wconf 90' lang='lat' dir='ltr'><strong>vices</strong></span> <span class='ocrx_word' id='word_1_4' title='bbox 475 1804 613 1874; x_wconf 91' lang='lat' dir='ltr'><strong>dierum</strong></span> <span class='ocrx_word' id='word_1_5' title='bbox 629 1824 669 1870; x_wconf 90' lang='lat' dir='ltr'><strong>ac</strong></span> <span class='ocrx_word' id='word_1_6' title='bbox 685 1799 855 1884; x_wconf 89' lang='lat' dir='ltr'><strong>noctium,</strong></span> <span class='ocrx_word' id='word_1_7' title='bbox 879 1799 1020 1868; x_wconf 86' lang='lat' dir='ltr'><strong>aestatis</strong></span> <span class='ocrx_word' id='word_1_8' title='bbox 1035 1813 1069 1869; x_wconf 89' lang='lat' dir='ltr'><strong>et</strong></span> <span class='ocrx_word' id='word_1_9' title='bbox 1085 1811 1266 1867; x_wconf 76' lang='lat' dir='ltr'><strong>autumna:</strong></span> 
     </span>
    </p>
   </div>
   <div class='ocr_carea' id='block_1_2' title="bbox 271 193 2316 293">
    <p class='ocr_par' dir='ltr' id='par_1_2' title="bbox 271 193 2316 293">
     <span class='ocr_line' id='line_1_2' title="bbox 271 193 2316 293; baseline 0.014 -29"><span class='ocrx_word' id='word_1_10' title='bbox 271 211 347 289; x_wconf 58' lang='grc' dir='ltr'>ω</span> <span class='ocrx_word' id='word_1_11' title='bbox 851 196 1014 275; x_wconf 75' lang='lat' dir='ltr'><strong>naen</strong></span> <span class='ocrx_word' id='word_1_12' title='bbox 1048 195 1135 273; x_wconf 81' lang='lat' dir='ltr'><strong>nu</strong></span> <span class='ocrx_word' id='word_1_13' title='bbox 1164 193 1316 272; x_wconf 80' lang='lat' dir='ltr'><strong>tuan</strong></span> <span class='ocrx_word' id='word_1_14' title='bbox 1343 201 1722 284; x_wconf 71' lang='lat' dir='ltr'><strong>sessionum.</strong></span> <span class='ocrx_word' id='word_1_15' title='bbox 2236 217 2316 293; x_wconf 81' lang='lat' dir='ltr'><strong>sss</strong></span> 
     </span>
    </p>
   </div>
   <div class='ocr_carea' id='block_1_3' title="bbox 274 369 2320 788">
    <p class='ocr_par' dir='ltr' id='par_1_3' title="bbox 274 369 2320 788">
     <span class='ocr_line' id='line_1_3' title="bbox 274 369 2320 465; baseline 0.001 -6"><span class='ocrx_word' id='word_1_16' title='bbox 274 391 446 464; x_wconf 86' lang='lat' dir='ltr'><strong>luotates,</strong></span> <span class='ocrx_word' id='word_1_17' title='bbox 475 374 669 451; x_wconf 80' lang='lat' dir='ltr'><strong>Gennania</strong></span> <span class='ocrx_word' id='word_1_18' title='bbox 691 394 765 440; x_wconf 91' lang='lat' dir='ltr'><strong>non</strong></span> <span class='ocrx_word' id='word_1_19' title='bbox 793 369 1016 454; x_wconf 83' lang='lat' dir='ltr'><strong>defenditur,</strong></span> <span class='ocrx_word' id='word_1_20' title='bbox 1049 369 1124 437; x_wconf 90' lang='lat' dir='ltr'><strong>imo</strong></span> <span class='ocrx_word' id='word_1_21' title='bbox 1145 383 1179 438; x_wconf 88' lang='lat' dir='ltr'><strong>et</strong></span> <span class='ocrx_word' id='word_1_22' title='bbox 1198 371 1267 439; x_wconf 91' lang='lat' dir='ltr'><strong>do-</strong></span> <span class='ocrx_word' id='word_1_23' title='bbox 1320 391 1353 446; x_wconf 89' lang='lat' dir='ltr'><strong>et</strong></span> <span class='ocrx_word' id='word_1_24' title='bbox 1372 381 1417 446; x_wconf 81' lang='lat' dir='ltr'><strong>de</strong></span> <span class='ocrx_word' id='word_1_25' title='bbox 1437 379 1511 450; x_wconf 88' lang='lat' dir='ltr'><strong>lilio</strong></span> <span class='ocrx_word' id='word_1_26' title='bbox 1530 376 1617 465; x_wconf 86' lang='lat' dir='ltr'><strong>Dei,</strong></span> <span class='ocrx_word' id='word_1_27' title='bbox 1644 394 1681 454; x_wconf 79' lang='lat' dir='ltr'><strong>et</strong></span> <span class='ocrx_word' id='word_1_28' title='bbox 1697 398 1862 454; x_wconf 85' lang='lat' dir='ltr'><strong>mutuam</strong></span> <span class='ocrx_word' id='word_1_29' title='bbox 1885 385 2171 457; x_wconf 82' lang='lat' dir='ltr'><strong>benevolentiam</strong></span> <span class='ocrx_word' id='word_1_30' title='bbox 2193 405 2320 462; x_wconf 85' lang='lat' dir='ltr'><strong>osten-</strong></span> 
     </span>
     <span class='ocr_line' id='line_1_4' title="bbox 275 472 2319 578; baseline -0.003 -17"><span class='ocrx_word' id='word_1_31' title='bbox 275 488 461 560; x_wconf 84' lang='lat' dir='ltr'><strong>mesticum</strong></span> <span class='ocrx_word' id='word_1_32' title='bbox 478 479 610 550; x_wconf 84' lang='lat' dir='ltr'><strong>bellum</strong></span> <span class='ocrx_word' id='word_1_33' title='bbox 629 474 711 543; x_wconf 91' lang='lat' dir='ltr'><strong>satis</strong></span> <span class='ocrx_word' id='word_1_34' title='bbox 725 473 888 556; x_wconf 81' lang='lat' dir='ltr'><strong>crudele,</strong></span> <span class='ocrx_word' id='word_1_35' title='bbox 912 486 987 542; x_wconf 83' lang='lat' dir='ltr'><strong>tom</strong></span> <span class='ocrx_word' id='word_1_36' title='bbox 1001 472 1091 561; x_wconf 88' lang='lat' dir='ltr'><strong>gerit</strong></span> <span class='ocrx_word' id='word_1_37' title='bbox 1108 485 1183 541; x_wconf 92' lang='lat' dir='ltr'><strong>tum</strong></span> <span class='ocrx_word' id='word_1_38' title='bbox 1203 495 1267 562; x_wconf 82' lang='lat' dir='ltr'><strong>pa·</strong></span> <span class='ocrx_word' id='word_1_39' title='bbox 1319 481 1462 561; x_wconf 82' lang='lat' dir='ltr'><strong>damus,</strong></span> <span class='ocrx_word' id='word_1_40' title='bbox 1489 506 1625 577; x_wconf 87' lang='lat' dir='ltr'><strong>nosque</strong></span> <span class='ocrx_word' id='word_1_41' title='bbox 1649 487 1781 555; x_wconf 85' lang='lat' dir='ltr'><strong>mutuis</strong></span> <span class='ocrx_word' id='word_1_42' title='bbox 1804 488 1973 578; x_wconf 81' lang='lat' dir='ltr'><strong>exemplis</strong></span> <span class='ocrx_word' id='word_1_43' title='bbox 1993 491 2039 557; x_wconf 93' lang='lat' dir='ltr'><strong>ad</strong></span> <span class='ocrx_word' id='word_1_44' title='bbox 2061 490 2231 561; x_wconf 86' lang='lat' dir='ltr'><strong>virtutem</strong></span> <span class='ocrx_word' id='word_1_45' title='bbox 2256 518 2319 567; x_wconf 84' lang='lat' dir='ltr'><strong>ac..</strong></span> 
     </span>
     <span class='ocr_line' id='line_1_5' title="bbox 277 572 2319 687; baseline 0.002 -26"><span class='ocrx_word' id='word_1_46' title='bbox 277 594 335 663; x_wconf 85' lang='lat' dir='ltr'><strong>rit.</strong></span> <span class='ocrx_word' id='word_1_47' title='bbox 375 588 415 659; x_wconf 86' lang='lat' dir='ltr'><strong>Si</strong></span> <span class='ocrx_word' id='word_1_48' title='bbox 431 579 495 652; x_wconf 76' lang='lat' dir='ltr'><strong>hae</strong></span> <span class='ocrx_word' id='word_1_49' title='bbox 511 592 629 649; x_wconf 60' lang='lat' dir='ltr'><strong>laniae</strong></span> <span class='ocrx_word' id='word_1_50' title='bbox 645 599 768 646; x_wconf 62' lang='lat' dir='ltr'><strong>causae</strong></span> <span class='ocrx_word' id='word_1_51' title='bbox 785 599 858 644; x_wconf 78' lang='lat' dir='ltr'>¹10ss</span> <span class='ocrx_word' id='word_1_52' title='bbox 872 588 1017 644; x_wconf 65' lang='lat' dir='ltr'><strong>movent</strong></span> <span class='ocrx_word' id='word_1_53' title='bbox 1033 596 1096 643; x_wconf 76' lang='lat' dir='ltr'><strong>V0⁸</strong></span> <span class='ocrx_word' id='word_1_54' title='bbox 1113 572 1268 643; x_wconf 66' lang='lat' dir='ltr'><strong>ulviva·</strong></span> <span class='ocrx_word' id='word_1_55' title='bbox 1318 584 1521 655; x_wconf 78' lang='lat' dir='ltr'><strong>cendamus,</strong></span> <span class='ocrx_word' id='word_1_56' title='bbox 1573 585 1631 657; x_wconf 85' lang='lat' dir='ltr'><strong>Ad</strong></span> <span class='ocrx_word' id='word_1_57' title='bbox 1655 585 1739 658; x_wconf 88' lang='lat' dir='ltr'><strong>baec</strong></span> <span class='ocrx_word' id='word_1_58' title='bbox 1762 589 2014 674; x_wconf 88' lang='lat' dir='ltr'><strong>intelligenda,</strong></span> <span class='ocrx_word' id='word_1_59' title='bbox 2042 593 2201 681; x_wconf 87' lang='lat' dir='ltr'><strong>profecto</strong></span> <span class='ocrx_word' id='word_1_60' title='bbox 2225 621 2319 687; x_wconf 86' lang='lat' dir='ltr'><strong>opus</strong></span> 
     </span>
     <span class='ocr_line' id='line_1_6' title="bbox 277 676 2318 788; baseline 0.004 -26"><span class='ocrx_word' id='word_1_61' title='bbox 277 698 322 767; x_wconf 88' lang='lat' dir='ltr'><strong>tis</strong></span> <span class='ocrx_word' id='word_1_62' title='bbox 336 683 547 760; x_wconf 76' lang='lat' dir='ltr'><strong>modestius,</strong></span> <span class='ocrx_word' id='word_1_63' title='bbox 573 694 613 752; x_wconf 88' lang='lat' dir='ltr'><strong>ot</strong></span> <span class='ocrx_word' id='word_1_64' title='bbox 627 678 838 765; x_wconf 75' lang='lat' dir='ltr'><strong>confugiatis</strong></span> <span class='ocrx_word' id='word_1_65' title='bbox 859 678 903 746; x_wconf 90' lang='lat' dir='ltr'><strong>ad</strong></span> <span class='ocrx_word' id='word_1_66' title='bbox 918 676 1058 747; x_wconf 83' lang='lat' dir='ltr'><strong>Deum?</strong></span> <span class='ocrx_word' id='word_1_67' title='bbox 1085 676 1171 768; x_wconf 88' lang='lat' dir='ltr'><strong>quid</strong></span> <span class='ocrx_word' id='word_1_68' title='bbox 1189 699 1266 743; x_wconf 77' lang='lat' dir='ltr'><strong>mea</strong></span> <span class='ocrx_word' id='word_1_69' title='bbox 1318 701 1385 768; x_wconf 88' lang='lat' dir='ltr'><strong>est,</strong></span> <span class='ocrx_word' id='word_1_70' title='bbox 1411 699 1451 754; x_wconf 92' lang='lat' dir='ltr'><strong>ut</strong></span> <span class='ocrx_word' id='word_1_71' title='bbox 1474 686 1568 767; x_wconf 75' lang='lat' dir='ltr'><strong>dixi,</strong></span> <span class='ocrx_word' id='word_1_72' title='bbox 1594 692 1747 781; x_wconf 89' lang='lat' dir='ltr'><strong>quodam</strong></span> <span class='ocrx_word' id='word_1_73' title='bbox 1769 690 1888 760; x_wconf 88' lang='lat' dir='ltr'><strong>studio</strong></span> <span class='ocrx_word' id='word_1_74' title='bbox 1906 691 2066 778; x_wconf 89' lang='lat' dir='ltr'><strong>virtutis,</strong></span> <span class='ocrx_word' id='word_1_75' title='bbox 2093 695 2223 767; x_wconf 90' lang='lat' dir='ltr'><strong>timore</strong></span> <span class='ocrx_word' id='word_1_76' title='bbox 2235 695 2318 788; x_wconf 87' lang='lat' dir='ltr'><strong>Dei,</strong></span> 
     </span>
    </p>
   </div>
   <div class='ocr_carea' id='block_1_4' title="bbox 276 777 2316 981">
    <p class='ocr_par' dir='ltr' id='par_1_4' title="bbox 276 777 2316 981">
     <span class='ocr_line' id='line_1_7' title="bbox 277 777 2316 882; baseline 0.001 -20"><span class='ocrx_word' id='word_1_77' title='bbox 277 792 391 866; x_wconf 84' lang='lat' dir='ltr'><strong>oratio</strong></span> <span class='ocrx_word' id='word_1_78' title='bbox 412 784 581 878; x_wconf 84' lang='lat' dir='ltr'><strong>prolicere</strong></span> <span class='ocrx_word' id='word_1_79' title='bbox 601 781 740 875; x_wconf 85' lang='lat' dir='ltr'><strong>potest?</strong></span> <span class='ocrx_word' id='word_1_80' title='bbox 766 781 853 873; x_wconf 87' lang='lat' dir='ltr'><strong>qnid</strong></span> <span class='ocrx_word' id='word_1_81' title='bbox 871 803 936 848; x_wconf 87' lang='lat' dir='ltr'><strong>nos</strong></span> <span class='ocrx_word' id='word_1_82' title='bbox 952 780 996 848; x_wconf 92' lang='lat' dir='ltr'><strong>de</strong></span> <span class='ocrx_word' id='word_1_83' title='bbox 1011 780 1127 867; x_wconf 88' lang='lat' dir='ltr'><strong>legum</strong></span> <span class='ocrx_word' id='word_1_84' title='bbox 1146 777 1266 866; x_wconf 90' lang='lat' dir='ltr'><strong>digni-</strong></span> <span class='ocrx_word' id='word_1_85' title='bbox 1318 791 1502 869; x_wconf 65' lang='lat' dir='ltr'><strong>modestia,</strong></span> <span class='ocrx_word' id='word_1_86' title='bbox 1523 792 1756 882; x_wconf 75' lang='lat' dir='ltr'><strong>etdiligentia</strong></span> <span class='ocrx_word' id='word_1_87' title='bbox 1775 796 2010 881; x_wconf 87' lang='lat' dir='ltr'><strong>regendorum</strong></span> <span class='ocrx_word' id='word_1_88' title='bbox 2026 821 2180 870; x_wconf 87' lang='lat' dir='ltr'><strong>morum.</strong></span> <span class='ocrx_word' id='word_1_89' title='bbox 2219 799 2316 873; x_wconf 66' lang='lat' dir='ltr'><strong>Diri.</strong></span> 
     </span>
     <span class='ocr_line' id='line_1_8' title="bbox 276 878 1266 981; baseline -0.029 -17"><span class='ocrx_word' id='word_1_90' title='bbox 276 908 347 968; x_wconf 89' lang='lat' dir='ltr'><strong>tate</strong></span> <span class='ocrx_word' id='word_1_91' title='bbox 362 890 457 981; x_wconf 90' lang='lat' dir='ltr'><strong>apud</strong></span> <span class='ocrx_word' id='word_1_92' title='bbox 479 909 538 955; x_wconf 91' lang='lat' dir='ltr'><strong>eos</strong></span> <span class='ocrx_word' id='word_1_93' title='bbox 553 883 757 954; x_wconf 89' lang='lat' dir='ltr'><strong>concionari</strong></span> <span class='ocrx_word' id='word_1_94' title='bbox 774 905 976 971; x_wconf 84' lang='lat' dir='ltr'><strong>possumus,</strong></span> <span class='ocrx_word' id='word_1_95' title='bbox 1002 880 1065 973; x_wconf 92' lang='lat' dir='ltr'><strong>qui</strong></span> <span class='ocrx_word' id='word_1_96' title='bbox 1081 893 1122 948; x_wconf 90' lang='lat' dir='ltr'><strong>ut</strong></span> <span class='ocrx_word' id='word_1_97' title='bbox 1138 878 1266 973; x_wconf 80' lang='lat' dir='ltr'><strong>Cyclo.</strong></span> 
     </span>
    </p>
   </div>
   <div class='ocr_carea' id='block_1_5' title="bbox 275 981 1267 1090">
    <p class='ocr_par' dir='ltr' id='par_1_5' title="bbox 275 981 1267 1090">
     <span class='ocr_line' id='line_1_9' title="bbox 275 981 1267 1090; baseline -0.015 -25"><span class='ocrx_word' id='word_1_98' title='bbox 275 1020 357 1090; x_wconf 85' lang='lat' dir='ltr'>pes,</span> <span class='ocrx_word' id='word_1_99' title='bbox 383 1013 498 1084; x_wconf 88' lang='lat' dir='ltr'><strong>neque</strong></span> <span class='ocrx_word' id='word_1_100' title='bbox 511 986 626 1057; x_wconf 91' lang='lat' dir='ltr'><strong>Deum</strong></span> <span class='ocrx_word' id='word_1_101' title='bbox 640 1010 754 1078; x_wconf 90' lang='lat' dir='ltr'><strong>neque</strong></span> <span class='ocrx_word' id='word_1_102' title='bbox 776 985 870 1072; x_wconf 90' lang='lat' dir='ltr'><strong>leges</strong></span> <span class='ocrx_word' id='word_1_103' title='bbox 885 984 975 1052; x_wconf 91' lang='lat' dir='ltr'><strong>ullas</strong></span> <span class='ocrx_word' id='word_1_104' title='bbox 993 983 1142 1053; x_wconf 83' lang='lat' dir='ltr'><strong>curant?</strong></span> <span class='ocrx_word' id='word_1_105' title='bbox 1193 981 1267 1051; x_wconf 89' lang='lat' dir='ltr'><strong>Pu-</strong></span> 
     </span>
    </p>
   </div>
   <div class='ocr_carea' id='block_1_6' title="bbox 276 1083 2304 1213">
    <p class='ocr_par' dir='ltr' id='par_1_6' title="bbox 276 1083 2304 1213">
     <span class='ocr_line' id='line_1_10' title="bbox 276 1083 2304 1213; baseline 0.002 -43"><span class='ocrx_word' id='word_1_106' title='bbox 276 1102 336 1169; x_wconf 88' lang='lat' dir='ltr'><strong>det</strong></span> <span class='ocrx_word' id='word_1_107' title='bbox 351 1094 433 1166; x_wconf 89' lang='lat' dir='ltr'><strong>talia</strong></span> <span class='ocrx_word' id='word_1_108' title='bbox 448 1092 564 1161; x_wconf 78' lang='lat' dir='ltr'>dicere</span> <span class='ocrx_word' id='word_1_109' title='bbox 580 1090 617 1158; x_wconf 90' lang='lat' dir='ltr'><strong>in</strong></span> <span class='ocrx_word' id='word_1_110' title='bbox 633 1083 769 1172; x_wconf 89' lang='lat' dir='ltr'><strong>schola,</strong></span> <span class='ocrx_word' id='word_1_111' title='bbox 792 1109 881 1179; x_wconf 90' lang='lat' dir='ltr'><strong>quae</strong></span> <span class='ocrx_word' id='word_1_112' title='bbox 897 1086 1048 1156; x_wconf 80' lang='lat' dir='ltr'>debebat</span> <span class='ocrx_word' id='word_1_113' title='bbox 1059 1109 1134 1153; x_wconf 92' lang='lat' dir='ltr'><strong>non</strong></span> <span class='ocrx_word' id='word_1_114' title='bbox 1150 1084 1266 1155; x_wconf 89' lang='lat' dir='ltr'><strong>solum</strong></span> <span class='ocrx_word' id='word_1_115' title='bbox 1344 1133 1411 1207; x_wconf 44' lang='lat' dir='ltr'><strong>No·</strong></span> <span class='ocrx_word' id='word_1_116' title='bbox 1423 1133 1483 1206; x_wconf 46' lang='lat'><strong>76·</strong></span> <span class='ocrx_word' id='word_1_117' title='bbox 2141 1167 2187 1207; x_wconf 39' lang='lat' dir='ltr'><strong>n·</strong></span> <span class='ocrx_word' id='word_1_118' title='bbox 2205 1146 2304 1213; x_wconf 45' lang='lat'><strong>1543·</strong></span> 
     </span>
    </p>
   </div>
   <div class='ocr_carea' id='block_1_7' title="bbox 276 1184 2306 1444">
    <p class='ocr_par' dir='ltr' id='par_1_7' title="bbox 276 1184 2306 1444">
     <span class='ocr_line' id='line_1_11' title="bbox 276 1184 2306 1280; baseline -0.009 -8"><span class='ocrx_word' id='word_1_119' title='bbox 276 1199 418 1280; x_wconf 88' lang='lat' dir='ltr'><strong>audire,</strong></span> <span class='ocrx_word' id='word_1_120' title='bbox 450 1190 639 1263; x_wconf 87' lang='lat' dir='ltr'><strong>sedetiam</strong></span> <span class='ocrx_word' id='word_1_121' title='bbox 666 1189 781 1258; x_wconf 88' lang='lat' dir='ltr'><strong>colere</strong></span> <span class='ocrx_word' id='word_1_122' title='bbox 803 1188 944 1257; x_wconf 87' lang='lat' dir='ltr'><strong>virtutis</strong></span> <span class='ocrx_word' id='word_1_123' title='bbox 962 1186 1174 1258; x_wconf 70' lang='lat' dir='ltr'><strong>doctrinam.</strong></span> <span class='ocrx_word' id='word_1_124' title='bbox 1226 1184 1266 1256; x_wconf 86' lang='lat' dir='ltr'><strong>si</strong></span> <span class='ocrx_word' id='word_1_125' title='bbox 1324 1229 1497 1259; x_wconf 46' lang='lat' dir='ltr'><strong>ww</strong></span> <span class='ocrx_word' id='word_1_126' title='bbox 2133 1236 2306 1266; x_wconf 53' lang='grc' dir='ltr'>Μ</span> 
     </span>
     <span class='ocr_line' id='line_1_12' title="bbox 276 1288 2073 1444; baseline -0.012 -69"><span class='ocrx_word' id='word_1_127' title='bbox 276 1327 349 1374; x_wconf 87' lang='lat' dir='ltr'><strong>esse</strong></span> <span class='ocrx_word' id='word_1_128' title='bbox 366 1297 482 1368; x_wconf 88' lang='lat' dir='ltr'><strong>Deum</strong></span> <span class='ocrx_word' id='word_1_129' title='bbox 506 1293 728 1363; x_wconf 90' lang='lat' dir='ltr'><strong>conditorem</strong></span> <span class='ocrx_word' id='word_1_130' title='bbox 750 1313 890 1374; x_wconf 87' lang='lat' dir='ltr'><strong>rerum,</strong></span> <span class='ocrx_word' id='word_1_131' title='bbox 923 1304 958 1360; x_wconf 87' lang='lat' dir='ltr'><strong>ct</strong></span> <span class='ocrx_word' id='word_1_132' title='bbox 978 1288 1132 1358; x_wconf 91' lang='lat' dir='ltr'><strong>iudicem</strong></span> <span class='ocrx_word' id='word_1_133' title='bbox 1154 1288 1265 1358; x_wconf 85' lang='lat' dir='ltr'><strong>facto-</strong></span> <span class='ocrx_word' id='word_1_134' title='bbox 1558 1334 1634 1417; x_wconf 65' lang='lat' dir='ltr'><strong>De</strong></span> <span class='ocrx_word' id='word_1_135' title='bbox 1665 1334 1762 1419; x_wconf 62' lang='lat' dir='ltr'><strong><em>iure</em></strong></span> <span class='ocrx_word' id='word_1_136' title='bbox 1789 1330 2073 1444; x_wconf 50' lang='lat' dir='ltr'><strong>possidendi·</strong></span> 
     </span>
    </p>
   </div>
   <div class='ocr_carea' id='block_1_8' title="bbox 276 1389 2313 1554">
    <p class='ocr_par' dir='ltr' id='par_1_8' title="bbox 276 1389 2313 1554">
     <span class='ocr_line' id='line_1_13' title="bbox 276 1389 1418 1477; baseline -0.018 -1"><span class='ocrx_word' id='word_1_137' title='bbox 276 1429 356 1476; x_wconf 90' lang='lat' dir='ltr'><strong>rum</strong></span> <span class='ocrx_word' id='word_1_138' title='bbox 380 1411 584 1469; x_wconf 91' lang='lat' dir='ltr'><strong>nostrorum</strong></span> <span class='ocrx_word' id='word_1_139' title='bbox 610 1392 764 1477; x_wconf 89' lang='lat' dir='ltr'><strong>sentitis,</strong></span> <span class='ocrx_word' id='word_1_140' title='bbox 797 1391 1001 1461; x_wconf 85' lang='lat' dir='ltr'><strong>afficiamini</strong></span> <span class='ocrx_word' id='word_1_141' title='bbox 1023 1389 1170 1459; x_wconf 90' lang='lat' dir='ltr'><strong>monitis</strong></span> <span class='ocrx_word' id='word_1_142' title='bbox 1186 1413 1267 1458; x_wconf 87' lang='lat' dir='ltr'><strong>coe·</strong></span> <span class='ocrx_word' id='word_1_143' title='bbox 1412 1459 1418 1467; x_wconf 72' lang='grc'><em>,</em></span> 
     </span>
     <span class='ocr_line' id='line_1_14' title="bbox 1387 1473 2313 1554; baseline 0.002 -25"><span class='ocrx_word' id='word_1_144' title='bbox 1387 1477 1420 1529; x_wconf 91' lang='lat' dir='ltr'><strong>lo</strong></span> <span class='ocrx_word' id='word_1_145' title='bbox 1439 1473 1565 1528; x_wconf 83' lang='lat' dir='ltr'><strong>Declam.</strong></span> <span class='ocrx_word' id='word_1_146' title='bbox 1585 1475 1619 1529; x_wconf 83' lang='grc' dir='ltr'><strong>Τ.</strong></span> <span class='ocrx_word' id='word_1_147' title='bbox 1631 1475 1678 1527; x_wconf 86' lang='lat' dir='ltr'><strong>lV.</strong></span> <span class='ocrx_word' id='word_1_148' title='bbox 1696 1492 1724 1544; x_wconf 86' lang='lat' dir='ltr'><strong>p.</strong></span> <span class='ocrx_word' id='word_1_149' title='bbox 1738 1473 1770 1526; x_wconf 83' lang='lat'><strong>81</strong></span> <span class='ocrx_word' id='word_1_150' title='bbox 1788 1492 1863 1545; x_wconf 74' lang='lat' dir='ltr'><strong>sqq,</strong></span> <span class='ocrx_word' id='word_1_151' title='bbox 1885 1475 1956 1544; x_wconf 78' lang='lat' dir='ltr'><strong>epod</strong></span> <span class='ocrx_word' id='word_1_152' title='bbox 1971 1473 2103 1531; x_wconf 66' lang='lat' dir='ltr'><strong>nich-rt.</strong></span> <span class='ocrx_word' id='word_1_153' title='bbox 2123 1477 2157 1533; x_wconf 83' lang='lat' dir='ltr'><strong>T.</strong></span> <span class='ocrx_word' id='word_1_154' title='bbox 2169 1478 2202 1536; x_wconf 92' lang='lat' dir='ltr'><strong>ll.</strong></span> <span class='ocrx_word' id='word_1_155' title='bbox 2220 1480 2313 1554; x_wconf 62' lang='grc' dir='ltr'><strong>μεθῇ·</strong></span> 
     </span>
    </p>
   </div>
   <div class='ocr_carea' id='block_1_9' title="bbox 274 1493 2309 1690">
    <p class='ocr_par' dir='ltr' id='par_1_9' title="bbox 274 1493 2309 1690">
     <span class='ocr_line' id='line_1_15' title="bbox 274 1493 2309 1616; baseline 0.001 -20"><span class='ocrx_word' id='word_1_156' title='bbox 274 1507 443 1581; x_wconf 56' lang='lat' dir='ltr'><strong>lembus,</strong></span> <span class='ocrx_word' id='word_1_157' title='bbox 470 1500 585 1616; x_wconf 53' lang='lat' dir='ltr'><strong>imm</strong></span> <span class='ocrx_word' id='word_1_158' title='bbox 611 1510 771 1614; x_wconf 45' lang='lat' dir='ltr'><strong>mlorffnff</strong></span> <span class='ocrx_word' id='word_1_159' title='bbox 800 1518 938 1612; x_wconf 61' lang='lat' dir='ltr'>refum’</span> <span class='ocrx_word' id='word_1_160' title='bbox 967 1507 1001 1563; x_wconf 65' lang='lat' dir='ltr'><strong>el</strong></span> <span class='ocrx_word' id='word_1_161' title='bbox 1025 1493 1179 1562; x_wconf 62' lang='lat' dir='ltr'><strong>indicem</strong></span> <span class='ocrx_word' id='word_1_162' title='bbox 1205 1515 1267 1560; x_wconf 60' lang='lat' dir='ltr'><strong>ve*</strong></span> <span class='ocrx_word' id='word_1_163' title='bbox 1420 1554 1446 1597; x_wconf 79' lang='grc' dir='ltr'>ει</span> <span class='ocrx_word' id='word_1_164' title='bbox 1469 1546 1497 1599; x_wconf 86' lang='lat' dir='ltr'><strong>in</strong></span> <span class='ocrx_word' id='word_1_165' title='bbox 1521 1545 1642 1597; x_wconf 72' lang='lat' dir='ltr'><strong>Servent.</strong></span> <span class='ocrx_word' id='word_1_166' title='bbox 1661 1541 1694 1596; x_wconf 84' lang='grc' dir='ltr'><strong>Τ.</strong></span> <span class='ocrx_word' id='word_1_167' title='bbox 1710 1540 1759 1597; x_wconf 86' lang='lat' dir='ltr'><strong>lV.</strong></span> <span class='ocrx_word' id='word_1_168' title='bbox 1776 1560 1802 1610; x_wconf 89' lang='lat' dir='ltr'><strong>p.</strong></span> <span class='ocrx_word' id='word_1_169' title='bbox 1816 1545 1859 1596; x_wconf 68' lang='lat'><strong>74.</strong></span> <span class='ocrx_word' id='word_1_170' title='bbox 1903 1542 2009 1614; x_wconf 75' lang='lat' dir='ltr'><strong>Mylius</strong></span> <span class='ocrx_word' id='word_1_171' title='bbox 2033 1547 2063 1598; x_wconf 84' lang='grc' dir='ltr'><strong>ἱιι</strong></span> <span class='ocrx_word' id='word_1_172' title='bbox 2083 1545 2207 1604; x_wconf 74' lang='lat' dir='ltr'><strong>chronol</strong></span> <span class='ocrx_word' id='word_1_173' title='bbox 2240 1555 2309 1610; x_wconf 80' lang='lat' dir='ltr'><strong>scri.</strong></span> 
     </span>
     <span class='ocr_line' id='line_1_16' title="bbox 276 1589 2217 1690; baseline 0 -19"><span class='ocrx_word' id='word_1_174' title='bbox 276 1625 389 1680; x_wconf 71' lang='lat' dir='ltr'><strong>strum</strong></span> <span class='ocrx_word' id='word_1_175' title='bbox 415 1612 610 1690; x_wconf 78' lang='lat' dir='ltr'><strong>agnoscite,</strong></span> <span class='ocrx_word' id='word_1_176' title='bbox 641 1611 674 1667; x_wconf 93' lang='lat' dir='ltr'><strong>et</strong></span> <span class='ocrx_word' id='word_1_177' title='bbox 697 1621 728 1665; x_wconf 86' lang='lat' dir='ltr'><strong>er</strong></span> <span class='ocrx_word' id='word_1_178' title='bbox 753 1621 791 1664; x_wconf 91' lang='lat' dir='ltr'><strong>m</strong></span> <span class='ocrx_word' id='word_1_179' title='bbox 812 1590 868 1665; x_wconf 87' lang='lat' dir='ltr'><strong>brs</strong></span> <span class='ocrx_word' id='word_1_180' title='bbox 889 1594 1015 1665; x_wconf 85' lang='lat' dir='ltr'><strong>ollicns</strong></span> <span class='ocrx_word' id='word_1_181' title='bbox 1034 1617 1124 1688; x_wconf 86' lang='lat' dir='ltr'><strong>quae</strong></span> <span class='ocrx_word' id='word_1_182' title='bbox 1148 1593 1266 1683; x_wconf 89' lang='lat' dir='ltr'><strong>legum</strong></span> <span class='ocrx_word' id='word_1_183' title='bbox 1421 1624 1533 1686; x_wconf 75' lang='lat' dir='ltr'><strong>proru-</strong></span> <span class='ocrx_word' id='word_1_184' title='bbox 1552 1612 1621 1667; x_wconf 78' lang='lat' dir='ltr'><strong>Met.</strong></span> <span class='ocrx_word' id='word_1_185' title='bbox 1640 1610 1710 1666; x_wconf 77' lang='lat' dir='ltr'><strong>hnc</strong></span> <span class='ocrx_word' id='word_1_186' title='bbox 1726 1611 1883 1667; x_wconf 73' lang='lat' dir='ltr'><strong>oracionem</strong></span> <span class='ocrx_word' id='word_1_187' title='bbox 1901 1613 1995 1668; x_wconf 63' lang='lat' dir='ltr'><strong>sonu</strong></span> <span class='ocrx_word' id='word_1_188' title='bbox 2010 1614 2043 1668; x_wconf 79' lang='grc' dir='ltr'><strong>ιιι</strong></span> <span class='ocrx_word' id='word_1_189' title='bbox 2063 1589 2217 1677; x_wconf 69' lang='lat' dir='ltr'><strong>sn.15⁴s.⁰</strong></span> 
     </span>
    </p>
   </div>
   <div class='ocr_carea' id='block_1_10' title="bbox 276 1695 2312 1849">
    <p class='ocr_par' dir='ltr' id='par_1_10' title="bbox 276 1695 2312 1849">
     <span class='ocr_line' id='line_1_17' title="bbox 276 1695 2312 1849; baseline 0 -68"><span class='ocrx_word' id='word_1_190' title='bbox 276 1734 363 1781; x_wconf 85' lang='lat' dir='ltr'><strong>voce</strong></span> <span class='ocrx_word' id='word_1_191' title='bbox 382 1702 549 1796; x_wconf 86' lang='lat' dir='ltr'><strong>requirit,</strong></span> <span class='ocrx_word' id='word_1_192' title='bbox 575 1699 729 1771; x_wconf 83' lang='lat' dir='ltr'><strong>obedite.</strong></span> <span class='ocrx_word' id='word_1_193' title='bbox 780 1696 918 1766; x_wconf 91' lang='lat' dir='ltr'><strong>Videtis</strong></span> <span class='ocrx_word' id='word_1_194' title='bbox 943 1722 963 1766; x_wconf 90' lang='lat' dir='ltr'><strong>a</strong></span> <span class='ocrx_word' id='word_1_195' title='bbox 987 1695 1063 1766; x_wconf 88' lang='lat' dir='ltr'><strong>Deo</strong></span> <span class='ocrx_word' id='word_1_196' title='bbox 1086 1696 1268 1814; x_wconf 75' lang='lat' dir='ltr'><strong>ordinatas</strong></span> <span class='ocrx_word' id='word_1_197' title='bbox 1319 1754 1450 1823; x_wconf 51' lang='lat' dir='ltr'><strong>omno</strong></span> <span class='ocrx_word' id='word_1_198' title='bbox 1475 1749 1521 1822; x_wconf 60' lang='lat' dir='ltr'><strong>de</strong></span> <span class='ocrx_word' id='word_1_199' title='bbox 1541 1754 1789 1823; x_wconf 49' lang='lat' dir='ltr'><strong><em>sementiam</em></strong></span> <span class='ocrx_word' id='word_1_200' title='bbox 1802 1747 1984 1838; x_wconf 55' lang='lat' dir='ltr'><strong>dmm,</strong></span> <span class='ocrx_word' id='word_1_201' title='bbox 2009 1754 2312 1849; x_wconf 44' lang='lat' dir='ltr'><strong>malagm-</strong></span> 
     </span>
    </p>
   </div>
   <div class='ocr_carea' id='block_1_11' title="bbox 277 1849 2223 1988">
    <p class='ocr_par' dir='ltr' id='par_1_11' title="bbox 277 1849 2223 1988">
     <span class='ocr_line' id='line_1_18' title="bbox 277 1849 2223 1988; baseline -0.025 -5"><span class='ocrx_word' id='word_1_202' title='bbox 277 1911 343 1982; x_wconf 89' lang='lat' dir='ltr'><strong>has</strong></span> <span class='ocrx_word' id='word_1_203' title='bbox 359 1912 451 1978; x_wconf 87' lang='lat' dir='ltr'><strong>vices</strong></span> <span class='ocrx_word' id='word_1_204' title='bbox 466 1928 539 1975; x_wconf 89' lang='lat' dir='ltr'><strong>esse</strong></span> <span class='ocrx_word' id='word_1_205' title='bbox 555 1918 666 1974; x_wconf 88' lang='lat' dir='ltr'><strong>certas</strong></span> <span class='ocrx_word' id='word_1_206' title='bbox 682 1925 806 1972; x_wconf 84' lang='lat' dir='ltr'><strong>ornnes</strong></span> <span class='ocrx_word' id='word_1_207' title='bbox 817 1901 997 1985; x_wconf 78' lang='lat' dir='ltr'><strong>fatemini,</strong></span> <span class='ocrx_word' id='word_1_208' title='bbox 1017 1923 1081 1969; x_wconf 86' lang='lat' dir='ltr'><strong>cur</strong></span> <span class='ocrx_word' id='word_1_209' title='bbox 1099 1897 1209 1988; x_wconf 85' lang='lat' dir='ltr'><strong>igitur</strong></span> <span class='ocrx_word' id='word_1_210' title='bbox 1223 1902 1267 1968; x_wconf 90' lang='lat' dir='ltr'><strong>de</strong></span> <span class='ocrx_word' id='word_1_211' title='bbox 1403 1851 1517 1942; x_wconf 62' lang='lat' dir='ltr'><strong>‘lm’</strong></span> <span class='ocrx_word' id='word_1_212' title='bbox 1542 1875 1588 1924; x_wconf 72' lang='lat'><strong>⁰⁰</strong></span> <span class='ocrx_word' id='word_1_213' title='bbox 1605 1872 1700 1947; x_wconf 62' lang='lat' dir='ltr'><strong>‘lm</strong></span> <span class='ocrx_word' id='word_1_214' title='bbox 1710 1849 1929 1946; x_wconf 63' lang='lat' dir='ltr'><strong>1⁷⁰⁸⁸ld²ms</strong></span> <span class='ocrx_word' id='word_1_215' title='bbox 1953 1854 2036 1925; x_wconf 62' lang='lat' dir='ltr'><strong>lm</strong></span> <span class='ocrx_word' id='word_1_216' title='bbox 2048 1853 2223 1929; x_wconf 62' lang='lat' dir='ltr'><strong>humano·</strong></span> 
     </span>
    </p>
   </div>
   <div class='ocr_carea' id='block_1_12' title="bbox 266 1983 2313 5458">
    <p class='ocr_par' dir='ltr' id='par_1_12' title="bbox 266 1983 2313 5458">
     <span class='ocr_line' id='line_1_19' title="bbox 277 1983 2313 2109; baseline -0.001 -25"><span class='ocrx_word' id='word_1_217' title='bbox 277 2011 445 2109; x_wconf 89' lang='lat' dir='ltr'><strong>praemiis</strong></span> <span class='ocrx_word' id='word_1_218' title='bbox 456 2020 548 2077; x_wconf 85' lang='lat' dir='ltr'><strong>recte</strong></span> <span class='ocrx_word' id='word_1_219' title='bbox 562 2008 748 2086; x_wconf 82' lang='lat' dir='ltr'><strong>factorum,</strong></span> <span class='ocrx_word' id='word_1_220' title='bbox 768 2017 802 2074; x_wconf 92' lang='lat' dir='ltr'><strong>et</strong></span> <span class='ocrx_word' id='word_1_221' title='bbox 812 2005 858 2074; x_wconf 93' lang='lat' dir='ltr'><strong>de</strong></span> <span class='ocrx_word' id='word_1_222' title='bbox 870 2002 994 2095; x_wconf 86' lang='lat' dir='ltr'><strong>poenis</strong></span> <span class='ocrx_word' id='word_1_223' title='bbox 1004 2002 1266 2072; x_wconf 72' lang='lat' dir='ltr'><strong>malefactorum</strong></span> <span class='ocrx_word' id='word_1_224' title='bbox 1319 1983 1513 2092; x_wconf 85' lang='lat' dir='ltr'><strong>Principio</strong></span> <span class='ocrx_word' id='word_1_225' title='bbox 1533 2024 1677 2091; x_wconf 78' lang='lat' dir='ltr'><strong>agamus</strong></span> <span class='ocrx_word' id='word_1_226' title='bbox 1692 2001 1819 2089; x_wconf 79' lang='lat' dir='ltr'><strong>gratias</strong></span> <span class='ocrx_word' id='word_1_227' title='bbox 1834 1998 1913 2072; x_wconf 90' lang='lat' dir='ltr'><strong>Deo</strong></span> <span class='ocrx_word' id='word_1_228' title='bbox 1929 2005 2104 2075; x_wconf 90' lang='lat' dir='ltr'><strong>conditori</strong></span> <span class='ocrx_word' id='word_1_229' title='bbox 2120 2009 2313 2081; x_wconf 81' lang='lat' dir='ltr'><strong>universae</strong></span> 
     </span>
     <span class='ocr_line' id='line_1_20' title="bbox 277 2102 2312 2196; baseline -0.01 -7"><span class='ocrx_word' id='word_1_230' title='bbox 277 2110 474 2189; x_wconf 83' lang='lat' dir='ltr'><strong>dubitatis?</strong></span> <span class='ocrx_word' id='word_1_231' title='bbox 496 2107 600 2178; x_wconf 86' lang='lat' dir='ltr'><strong>Certa</strong></span> <span class='ocrx_word' id='word_1_232' title='bbox 614 2109 688 2196; x_wconf 89' lang='lat' dir='ltr'><strong>lege</strong></span> <span class='ocrx_word' id='word_1_233' title='bbox 702 2102 772 2176; x_wconf 90' lang='lat' dir='ltr'><strong>Dei</strong></span> <span class='ocrx_word' id='word_1_234' title='bbox 785 2106 990 2175; x_wconf 92' lang='lat' dir='ltr'><strong>obruuntur</strong></span> <span class='ocrx_word' id='word_1_235' title='bbox 1004 2103 1127 2192; x_wconf 87' lang='lat' dir='ltr'><strong>poenis</strong></span> <span class='ocrx_word' id='word_1_236' title='bbox 1143 2124 1267 2172; x_wconf 88' lang='lat' dir='ltr'><strong>omncs</strong></span> <span class='ocrx_word' id='word_1_237' title='bbox 1320 2119 1483 2188; x_wconf 85' lang='lat' dir='ltr'><strong>naturae,</strong></span> <span class='ocrx_word' id='word_1_238' title='bbox 1510 2104 1572 2196; x_wconf 90' lang='lat' dir='ltr'><strong>qui</strong></span> <span class='ocrx_word' id='word_1_239' title='bbox 1595 2102 1634 2170; x_wconf 89' lang='lat' dir='ltr'><strong>in</strong></span> <span class='ocrx_word' id='word_1_240' title='bbox 1651 2104 1758 2174; x_wconf 89' lang='lat' dir='ltr'><strong>tantis</strong></span> <span class='ocrx_word' id='word_1_241' title='bbox 1773 2104 2004 2191; x_wconf 83' lang='lat' dir='ltr'><strong>tumultibus,</strong></span> <span class='ocrx_word' id='word_1_242' title='bbox 2030 2120 2065 2177; x_wconf 91' lang='lat' dir='ltr'><strong>et</strong></span> <span class='ocrx_word' id='word_1_243' title='bbox 2078 2121 2178 2179; x_wconf 77' lang='lat' dir='ltr'><strong>tanta</strong></span> <span class='ocrx_word' id='word_1_244' title='bbox 2191 2105 2312 2182; x_wconf 70' lang='lat' dir='ltr'><strong>Euro.</strong></span> 
     </span>
     <span class='ocr_line' id='line_1_21' title="bbox 278 2201 2310 2300; baseline -0.006 -2"><span class='ocrx_word' id='word_1_245' title='bbox 278 2212 448 2289; x_wconf 67' lang='lat' dir='ltr'><strong>scelertll·</strong></span> <span class='ocrx_word' id='word_1_246' title='bbox 500 2208 559 2280; x_wconf 74' lang='grc' dir='ltr'>Λῐι</span> <span class='ocrx_word' id='word_1_247' title='bbox 584 2232 666 2279; x_wconf 74' lang='lat'><strong>⁶³⁸⁰</strong></span> <span class='ocrx_word' id='word_1_248' title='bbox 687 2208 820 2297; x_wconf 67' lang='grc' dir='ltr'><strong>Ρΰῑὸῑῑῦ</strong></span> <span class='ocrx_word' id='word_1_249' title='bbox 840 2205 968 2276; x_wconf 65' lang='grc' dir='ltr'><strong>81ιῦῑὶοἱ</strong></span> <span class='ocrx_word' id='word_1_250' title='bbox 994 2204 1064 2272; x_wconf 63' lang='lat' dir='ltr'><strong>iam</strong></span> <span class='ocrx_word' id='word_1_251' title='bbox 1092 2207 1268 2275; x_wconf 82' lang='lat' dir='ltr'><strong>mundum</strong></span> <span class='ocrx_word' id='word_1_252' title='bbox 1320 2232 1383 2300; x_wconf 88' lang='lat' dir='ltr'><strong>pae</strong></span> <span class='ocrx_word' id='word_1_253' title='bbox 1413 2206 1522 2276; x_wconf 88' lang='lat' dir='ltr'><strong>totius</strong></span> <span class='ocrx_word' id='word_1_254' title='bbox 1551 2205 1838 2296; x_wconf 82' lang='lat' dir='ltr'><strong>perturbatione,</strong></span> <span class='ocrx_word' id='word_1_255' title='bbox 1878 2201 1996 2277; x_wconf 89' lang='lat' dir='ltr'><strong>adbuc</strong></span> <span class='ocrx_word' id='word_1_256' title='bbox 2023 2210 2152 2280; x_wconf 88' lang='lat' dir='ltr'><strong>studiis</strong></span> <span class='ocrx_word' id='word_1_257' title='bbox 2180 2215 2310 2285; x_wconf 86' lang='lat' dir='ltr'><strong>nostris</strong></span> 
     </span>
     <span class='ocr_line' id='line_1_22' title="bbox 277 2305 2310 2404; baseline -0.004 -13"><span class='ocrx_word' id='word_1_258' title='bbox 277 2316 482 2392; x_wconf 87' lang='lat' dir='ltr'><strong>barbaricae</strong></span> <span class='ocrx_word' id='word_1_259' title='bbox 498 2309 680 2404; x_wconf 82' lang='lat' dir='ltr'><strong>tyrannidi</strong></span> <span class='ocrx_word' id='word_1_260' title='bbox 697 2307 915 2392; x_wconf 87' lang='lat' dir='ltr'><strong>Turcarum,</strong></span> <span class='ocrx_word' id='word_1_261' title='bbox 940 2306 1055 2400; x_wconf 86' lang='lat' dir='ltr'><strong>qualis</strong></span> <span class='ocrx_word' id='word_1_262' title='bbox 1079 2305 1147 2375; x_wconf 90' lang='lat' dir='ltr'><strong>alia</strong></span> <span class='ocrx_word' id='word_1_263' title='bbox 1168 2305 1268 2375; x_wconf 89' lang='lat' dir='ltr'><strong>nulla</strong></span> <span class='ocrx_word' id='word_1_264' title='bbox 1319 2308 1547 2401; x_wconf 76' lang='lat' dir='ltr'><strong>tranquillam</strong></span> <span class='ocrx_word' id='word_1_265' title='bbox 1566 2309 1683 2377; x_wconf 83' lang='lat' dir='ltr'><strong>sedem</strong></span> <span class='ocrx_word' id='word_1_266' title='bbox 1701 2306 1880 2396; x_wconf 88' lang='lat' dir='ltr'><strong>praebuit:</strong></span> <span class='ocrx_word' id='word_1_267' title='bbox 1906 2322 1941 2378; x_wconf 89' lang='lat' dir='ltr'><strong>et</strong></span> <span class='ocrx_word' id='word_1_268' title='bbox 1957 2323 2039 2380; x_wconf 89' lang='lat' dir='ltr'><strong>vota</strong></span> <span class='ocrx_word' id='word_1_269' title='bbox 2056 2311 2244 2399; x_wconf 82' lang='lat' dir='ltr'><strong>faciamus,</strong></span> <span class='ocrx_word' id='word_1_270' title='bbox 2269 2330 2310 2386; x_wconf 91' lang='lat' dir='ltr'><strong>ut</strong></span> 
     </span>
     <span class='ocr_line' id='line_1_23' title="bbox 277 2405 2308 2521; baseline -0.004 -28"><span class='ocrx_word' id='word_1_271' title='bbox 277 2420 403 2494; x_wconf 87' lang='lat' dir='ltr'><strong>similis</strong></span> <span class='ocrx_word' id='word_1_272' title='bbox 426 2437 585 2507; x_wconf 90' lang='lat' dir='ltr'><strong>unquam</strong></span> <span class='ocrx_word' id='word_1_273' title='bbox 602 2411 694 2482; x_wconf 86' lang='lat' dir='ltr'><strong>fuit?</strong></span> <span class='ocrx_word' id='word_1_274' title='bbox 725 2409 957 2504; x_wconf 84' lang='lat' dir='ltr'><strong>Nequaquam</strong></span> <span class='ocrx_word' id='word_1_275' title='bbox 980 2405 1046 2477; x_wconf 90' lang='lat' dir='ltr'><strong>boc</strong></span> <span class='ocrx_word' id='word_1_276' title='bbox 1070 2429 1152 2477; x_wconf 90' lang='lat' dir='ltr'><strong>casu</strong></span> <span class='ocrx_word' id='word_1_277' title='bbox 1176 2407 1269 2477; x_wconf 86' lang='lat' dir='ltr'><strong>acci·</strong></span> <span class='ocrx_word' id='word_1_278' title='bbox 1320 2408 1406 2480; x_wconf 87' lang='lat' dir='ltr'><strong>haec</strong></span> <span class='ocrx_word' id='word_1_279' title='bbox 1426 2410 1531 2521; x_wconf 72' lang='lat' dir='ltr'><strong>nobis</strong></span> <span class='ocrx_word' id='word_1_280' title='bbox 1544 2408 1784 2500; x_wconf 88' lang='lat' dir='ltr'><strong>tranquillitas</strong></span> <span class='ocrx_word' id='word_1_281' title='bbox 1799 2408 1846 2477; x_wconf 89' lang='lat' dir='ltr'><strong>sit</strong></span> <span class='ocrx_word' id='word_1_282' title='bbox 1859 2409 2045 2482; x_wconf 89' lang='lat' dir='ltr'><strong>diuturna:</strong></span> <span class='ocrx_word' id='word_1_283' title='bbox 2073 2437 2188 2483; x_wconf 84' lang='lat' dir='ltr'><strong>mores</strong></span> <span class='ocrx_word' id='word_1_284' title='bbox 2202 2419 2308 2486; x_wconf 90' lang='lat' dir='ltr'><strong>etiam</strong></span> 
     </span>
     <span class='ocr_line' id='line_1_24' title="bbox 276 2496 2309 2600; baseline -0.005 -5"><span class='ocrx_word' id='word_1_285' title='bbox 276 2525 339 2596; x_wconf 83' lang='lat' dir='ltr'><strong>dit.</strong></span> <span class='ocrx_word' id='word_1_286' title='bbox 378 2519 450 2591; x_wconf 85' lang='lat' dir='ltr'><strong>Sed</strong></span> <span class='ocrx_word' id='word_1_287' title='bbox 465 2512 533 2586; x_wconf 93' lang='lat' dir='ltr'><strong>boc</strong></span> <span class='ocrx_word' id='word_1_288' title='bbox 548 2515 640 2584; x_wconf 87' lang='lat' dir='ltr'><strong>tristi</strong></span> <span class='ocrx_word' id='word_1_289' title='bbox 654 2535 802 2597; x_wconf 78' lang='lat' dir='ltr'><strong>carcere,</strong></span> <span class='ocrx_word' id='word_1_290' title='bbox 827 2507 1013 2579; x_wconf 91' lang='lat' dir='ltr'><strong>bominum</strong></span> <span class='ocrx_word' id='word_1_291' title='bbox 1027 2511 1129 2578; x_wconf 88' lang='lat' dir='ltr'><strong>furor</strong></span> <span class='ocrx_word' id='word_1_292' title='bbox 1143 2496 1269 2577; x_wconf 78' lang='lat' dir='ltr'><strong>cbber·</strong></span> <span class='ocrx_word' id='word_1_293' title='bbox 1320 2525 1460 2583; x_wconf 88' lang='lat' dir='ltr'><strong>nostros</strong></span> <span class='ocrx_word' id='word_1_294' title='bbox 1475 2535 1514 2580; x_wconf 88' lang='lat' dir='ltr'><strong>ca</strong></span> <span class='ocrx_word' id='word_1_295' title='bbox 1531 2510 1703 2581; x_wconf 84' lang='lat' dir='ltr'><strong>modestia</strong></span> <span class='ocrx_word' id='word_1_296' title='bbox 1718 2532 1897 2600; x_wconf 87' lang='lat' dir='ltr'><strong>regamus,</strong></span> <span class='ocrx_word' id='word_1_297' title='bbox 1922 2525 1963 2581; x_wconf 91' lang='lat' dir='ltr'><strong>ut</strong></span> <span class='ocrx_word' id='word_1_298' title='bbox 1979 2514 2147 2584; x_wconf 85' lang='lat' dir='ltr'><strong>beneficio</strong></span> <span class='ocrx_word' id='word_1_299' title='bbox 2164 2515 2230 2586; x_wconf 88' lang='lat' dir='ltr'><strong>Dei</strong></span> <span class='ocrx_word' id='word_1_300' title='bbox 2247 2519 2309 2586; x_wconf 86' lang='lat' dir='ltr'><strong>vi-</strong></span> 
     </span>
     <span class='ocr_line' id='line_1_25' title="bbox 276 2611 2310 2709; baseline -0.004 -14"><span class='ocrx_word' id='word_1_301' title='bbox 276 2625 409 2696; x_wconf 89' lang='lat' dir='ltr'><strong>cendus</strong></span> <span class='ocrx_word' id='word_1_302' title='bbox 439 2633 474 2689; x_wconf 89' lang='lat' dir='ltr'><strong>et</strong></span> <span class='ocrx_word' id='word_1_303' title='bbox 501 2616 775 2709; x_wconf 85' lang='lat' dir='ltr'><strong>compescendus</strong></span> <span class='ocrx_word' id='word_1_304' title='bbox 800 2626 872 2695; x_wconf 85' lang='lat' dir='ltr'><strong>est,</strong></span> <span class='ocrx_word' id='word_1_305' title='bbox 904 2613 966 2706; x_wconf 90' lang='lat' dir='ltr'><strong>qui</strong></span> <span class='ocrx_word' id='word_1_306' title='bbox 994 2612 1104 2679; x_wconf 90' lang='lat' dir='ltr'><strong>nullis</strong></span> <span class='ocrx_word' id='word_1_307' title='bbox 1131 2611 1267 2700; x_wconf 84' lang='lat' dir='ltr'><strong>legibus</strong></span> <span class='ocrx_word' id='word_1_308' title='bbox 1319 2616 1467 2684; x_wconf 76' lang='lat' dir='ltr'><strong>deantur</strong></span> <span class='ocrx_word' id='word_1_309' title='bbox 1481 2637 1554 2683; x_wconf 86' lang='lat' dir='ltr'><strong>non</strong></span> <span class='ocrx_word' id='word_1_310' title='bbox 1569 2611 1742 2701; x_wconf 83' lang='lat' dir='ltr'><strong>flagitiose</strong></span> <span class='ocrx_word' id='word_1_311' title='bbox 1756 2612 1867 2684; x_wconf 85' lang='lat' dir='ltr'><strong>abuti.</strong></span> <span class='ocrx_word' id='word_1_312' title='bbox 1916 2611 2005 2683; x_wconf 88' lang='lat' dir='ltr'><strong>Nam</strong></span> <span class='ocrx_word' id='word_1_313' title='bbox 2018 2638 2132 2709; x_wconf 91' lang='lat' dir='ltr'><strong>neque</strong></span> <span class='ocrx_word' id='word_1_314' title='bbox 2146 2623 2310 2708; x_wconf 89' lang='lat' dir='ltr'><strong>petenda,</strong></span> 
     </span>
     <span class='ocr_line' id='line_1_26' title="bbox 276 2711 2310 2808; baseline -0.01 -11"><span class='ocrx_word' id='word_1_315' title='bbox 276 2723 410 2798; x_wconf 83' lang='lat' dir='ltr'><strong>frenari</strong></span> <span class='ocrx_word' id='word_1_316' title='bbox 428 2743 511 2792; x_wconf 89' lang='lat' dir='ltr'><strong>suos</strong></span> <span class='ocrx_word' id='word_1_317' title='bbox 530 2740 646 2787; x_wconf 92' lang='lat' dir='ltr'><strong>mores</strong></span> <span class='ocrx_word' id='word_1_318' title='bbox 662 2716 802 2798; x_wconf 87' lang='lat' dir='ltr'><strong>sinunt,</strong></span> <span class='ocrx_word' id='word_1_319' title='bbox 826 2714 889 2807; x_wconf 92' lang='lat' dir='ltr'><strong>qui</strong></span> <span class='ocrx_word' id='word_1_320' title='bbox 906 2713 1054 2783; x_wconf 91' lang='lat' dir='ltr'><strong>concedi</strong></span> <span class='ocrx_word' id='word_1_321' title='bbox 1070 2711 1140 2782; x_wconf 88' lang='lat' dir='ltr'><strong>sibi</strong></span> <span class='ocrx_word' id='word_1_322' title='bbox 1156 2713 1268 2781; x_wconf 88' lang='lat' dir='ltr'><strong>licen·</strong></span> <span class='ocrx_word' id='word_1_323' title='bbox 1320 2740 1434 2808; x_wconf 87' lang='lat' dir='ltr'><strong>neque</strong></span> <span class='ocrx_word' id='word_1_324' title='bbox 1453 2716 1625 2806; x_wconf 85' lang='lat' dir='ltr'><strong>speranda</strong></span> <span class='ocrx_word' id='word_1_325' title='bbox 1640 2727 1692 2783; x_wconf 87' lang='lat' dir='ltr'><strong>est</strong></span> <span class='ocrx_word' id='word_1_326' title='bbox 1708 2714 1964 2806; x_wconf 82' lang='lat' dir='ltr'><strong>tranquillitas,</strong></span> <span class='ocrx_word' id='word_1_327' title='bbox 1990 2718 2173 2788; x_wconf 82' lang='lat' dir='ltr'><strong>sitantum</strong></span> <span class='ocrx_word' id='word_1_328' title='bbox 2192 2721 2310 2790; x_wconf 69' lang='lat' dir='ltr'><strong>ocium</strong></span> 
     </span>
     <span class='ocr_line' id='line_1_27' title="bbox 277 2814 2310 2914; baseline -0.006 -15"><span class='ocrx_word' id='word_1_329' title='bbox 277 2832 382 2911; x_wconf 91' lang='lat' dir='ltr'><strong>tiam,</strong></span> <span class='ocrx_word' id='word_1_330' title='bbox 408 2839 448 2895; x_wconf 87' lang='lat' dir='ltr'><strong>nt</strong></span> <span class='ocrx_word' id='word_1_331' title='bbox 462 2822 586 2892; x_wconf 88' lang='lat' dir='ltr'><strong>beluae</strong></span> <span class='ocrx_word' id='word_1_332' title='bbox 601 2820 746 2901; x_wconf 87' lang='lat' dir='ltr'><strong>volunt,</strong></span> <span class='ocrx_word' id='word_1_333' title='bbox 772 2816 984 2885; x_wconf 84' lang='lat' dir='ltr'><strong>exercendae</strong></span> <span class='ocrx_word' id='word_1_334' title='bbox 1000 2814 1214 2905; x_wconf 90' lang='lat' dir='ltr'><strong>petulantiae</strong></span> <span class='ocrx_word' id='word_1_335' title='bbox 1229 2827 1269 2883; x_wconf 91' lang='lat' dir='ltr'><strong>ut</strong></span> <span class='ocrx_word' id='word_1_336' title='bbox 1319 2817 1479 2911; x_wconf 85' lang='lat' dir='ltr'><strong>pecuinis</strong></span> <span class='ocrx_word' id='word_1_337' title='bbox 1495 2815 1738 2906; x_wconf 81' lang='lat' dir='ltr'><strong>voluptatibus</strong></span> <span class='ocrx_word' id='word_1_338' title='bbox 1752 2816 1898 2887; x_wconf 83' lang='lat' dir='ltr'><strong>concedi</strong></span> <span class='ocrx_word' id='word_1_339' title='bbox 1914 2817 2088 2891; x_wconf 82' lang='lat' dir='ltr'><strong>volumus.</strong></span> <span class='ocrx_word' id='word_1_340' title='bbox 2138 2817 2214 2889; x_wconf 90' lang='lat' dir='ltr'><strong>Nos</strong></span> <span class='ocrx_word' id='word_1_341' title='bbox 2229 2824 2310 2914; x_wconf 82' lang='lat' dir='ltr'><strong>qui--</strong></span> 
     </span>
     <span class='ocr_line' id='line_1_28' title="bbox 276 2916 2310 3015; baseline -0.007 -11"><span class='ocrx_word' id='word_1_342' title='bbox 276 2933 375 3004; x_wconf 72' lang='lat' dir='ltr'><strong>libet</strong></span> <span class='ocrx_word' id='word_1_343' title='bbox 426 2920 462 2995; x_wconf 95' lang='grc' dir='ltr'>Ο</span> <span class='ocrx_word' id='word_1_344' title='bbox 490 2922 745 3015; x_wconf 84' lang='lat' dir='ltr'><strong>deplorandam</strong></span> <span class='ocrx_word' id='word_1_345' title='bbox 771 2917 973 3009; x_wconf 88' lang='lat' dir='ltr'><strong>principum</strong></span> <span class='ocrx_word' id='word_1_346' title='bbox 1004 2916 1268 3006; x_wconf 84' lang='lat' dir='ltr'><strong>negligentiam:</strong></span> <span class='ocrx_word' id='word_1_347' title='bbox 1320 2923 1401 2990; x_wconf 90' lang='lat' dir='ltr'><strong>dem</strong></span> <span class='ocrx_word' id='word_1_348' title='bbox 1426 2919 1488 3011; x_wconf 88' lang='lat' dir='ltr'><strong>qui</strong></span> <span class='ocrx_word' id='word_1_349' title='bbox 1511 2918 1710 2989; x_wconf 86' lang='lat' dir='ltr'><strong>doctrinam</strong></span> <span class='ocrx_word' id='word_1_350' title='bbox 1735 2917 1878 2989; x_wconf 88' lang='lat' dir='ltr'><strong>virtutis</strong></span> <span class='ocrx_word' id='word_1_351' title='bbox 1898 2918 2130 3010; x_wconf 76' lang='lat' dir='ltr'><strong>inquirimus,</strong></span> <span class='ocrx_word' id='word_1_352' title='bbox 2165 2923 2310 3012; x_wconf 85' lang='lat' dir='ltr'><strong>longius</strong></span> 
     </span>
     <span class='ocr_line' id='line_1_29' title="bbox 276 3013 2309 3113; baseline -0.005 -8"><span class='ocrx_word' id='word_1_353' title='bbox 276 3031 335 3108; x_wconf 86' lang='lat' dir='ltr'><strong>bis</strong></span> <span class='ocrx_word' id='word_1_354' title='bbox 356 3029 460 3099; x_wconf 74' lang='lat' dir='ltr'><strong>mall⁸</strong></span> <span class='ocrx_word' id='word_1_355' title='bbox 474 3024 610 3096; x_wconf 70' lang='lat' dir='ltr'><strong>mederi</strong></span> <span class='ocrx_word' id='word_1_356' title='bbox 630 3046 689 3093; x_wconf 69' lang='lat'><strong>⁸⁰⁸</strong></span> <span class='ocrx_word' id='word_1_357' title='bbox 705 3021 908 3111; x_wconf 69' lang='lat' dir='ltr'><strong>⁰P0rleb³t2</strong></span> <span class='ocrx_word' id='word_1_358' title='bbox 934 3035 974 3091; x_wconf 77' lang='lat' dir='ltr'><strong>ul</strong></span> <span class='ocrx_word' id='word_1_359' title='bbox 999 3013 1090 3087; x_wconf 67' lang='lat' dir='ltr'><strong>hanc</strong></span> <span class='ocrx_word' id='word_1_360' title='bbox 1111 3017 1269 3090; x_wconf 81' lang='lat' dir='ltr'><strong>indomi-</strong></span> <span class='ocrx_word' id='word_1_361' title='bbox 1320 3021 1519 3113; x_wconf 89' lang='lat' dir='ltr'><strong>prospicere</strong></span> <span class='ocrx_word' id='word_1_362' title='bbox 1539 3041 1641 3089; x_wconf 84' lang='lat' dir='ltr'><strong>veros</strong></span> <span class='ocrx_word' id='word_1_363' title='bbox 1665 3019 1751 3089; x_wconf 80' lang='lat' dir='ltr'><strong>fines</strong></span> <span class='ocrx_word' id='word_1_364' title='bbox 1771 3021 1867 3109; x_wconf 81' lang='lat' dir='ltr'><strong>pacis</strong></span> <span class='ocrx_word' id='word_1_365' title='bbox 1885 3022 2002 3105; x_wconf 87' lang='lat' dir='ltr'><strong>decet,</strong></span> <span class='ocrx_word' id='word_1_366' title='bbox 2027 3045 2093 3091; x_wconf 90' lang='lat' dir='ltr'><strong>nec</strong></span> <span class='ocrx_word' id='word_1_367' title='bbox 2107 3035 2244 3092; x_wconf 89' lang='lat' dir='ltr'><strong>tantum</strong></span> <span class='ocrx_word' id='word_1_368' title='bbox 2264 3029 2309 3094; x_wconf 90' lang='lat' dir='ltr'><strong>de</strong></span> 
     </span>
     <span class='ocr_line' id='line_1_30' title="bbox 277 3119 2310 3215; baseline -0.009 -12"><span class='ocrx_word' id='word_1_369' title='bbox 277 3149 351 3203; x_wconf 91' lang='lat' dir='ltr'><strong>tam</strong></span> <span class='ocrx_word' id='word_1_370' title='bbox 368 3132 508 3199; x_wconf 87' lang='lat' dir='ltr'><strong>turbam</strong></span> <span class='ocrx_word' id='word_1_371' title='bbox 525 3124 755 3196; x_wconf 87' lang='lat' dir='ltr'><strong>severissimis</strong></span> <span class='ocrx_word' id='word_1_372' title='bbox 778 3123 901 3212; x_wconf 86' lang='lat' dir='ltr'><strong>poenis</strong></span> <span class='ocrx_word' id='word_1_373' title='bbox 921 3124 964 3190; x_wconf 90' lang='lat' dir='ltr'><strong>ad</strong></span> <span class='ocrx_word' id='word_1_374' title='bbox 988 3120 1197 3189; x_wconf 90' lang='lat' dir='ltr'><strong>modestiam</strong></span> <span class='ocrx_word' id='word_1_375' title='bbox 1211 3143 1268 3188; x_wconf 88' lang='lat' dir='ltr'><strong>re·</strong></span> <span class='ocrx_word' id='word_1_376' title='bbox 1319 3121 1477 3215; x_wconf 86' lang='lat' dir='ltr'><strong>corporis</strong></span> <span class='ocrx_word' id='word_1_377' title='bbox 1500 3120 1745 3214; x_wconf 82' lang='lat' dir='ltr'><strong>voluptatibus</strong></span> <span class='ocrx_word' id='word_1_378' title='bbox 1765 3123 1931 3211; x_wconf 86' lang='lat' dir='ltr'><strong>cogitare.</strong></span> <span class='ocrx_word' id='word_1_379' title='bbox 1981 3119 2088 3212; x_wconf 83' lang='lat' dir='ltr'><strong>Quod</strong></span> <span class='ocrx_word' id='word_1_380' title='bbox 2107 3137 2158 3195; x_wconf 80' lang='lat' dir='ltr'><strong>est</strong></span> <span class='ocrx_word' id='word_1_381' title='bbox 2173 3124 2310 3195; x_wconf 74' lang='lat' dir='ltr'><strong>tristius</strong></span> 
     </span>
     <span class='ocr_line' id='line_1_31' title="bbox 279 3219 2309 3318; baseline -0.009 -17"><span class='ocrx_word' id='word_1_382' title='bbox 279 3243 467 3312; x_wconf 89' lang='lat' dir='ltr'><strong>vocarent,</strong></span> <span class='ocrx_word' id='word_1_383' title='bbox 489 3229 585 3318; x_wconf 89' lang='lat' dir='ltr'><strong>quod</strong></span> <span class='ocrx_word' id='word_1_384' title='bbox 609 3226 678 3292; x_wconf 85' lang='lat' dir='ltr'><strong>nisi</strong></span> <span class='ocrx_word' id='word_1_385' title='bbox 699 3227 844 3292; x_wconf 87' lang='lat' dir='ltr'><strong>tandem</strong></span> <span class='ocrx_word' id='word_1_386' title='bbox 866 3222 1015 3304; x_wconf 84' lang='lat' dir='ltr'><strong>facient,</strong></span> <span class='ocrx_word' id='word_1_387' title='bbox 1039 3219 1136 3291; x_wconf 92' lang='lat' dir='ltr'><strong>Deus</strong></span> <span class='ocrx_word' id='word_1_388' title='bbox 1157 3222 1269 3290; x_wconf 87' lang='lat' dir='ltr'><strong>iratus</strong></span> <span class='ocrx_word' id='word_1_389' title='bbox 1319 3224 1576 3318; x_wconf 71' lang='lat' dir='ltr'><strong>spectaculum,</strong></span> <span class='ocrx_word' id='word_1_390' title='bbox 1600 3233 1707 3317; x_wconf 82' lang='lat' dir='ltr'><strong>qua&#39;m</strong></span> <span class='ocrx_word' id='word_1_391' title='bbox 1728 3223 1813 3293; x_wconf 89' lang='lat' dir='ltr'><strong>inde</strong></span> <span class='ocrx_word' id='word_1_392' title='bbox 1833 3247 1945 3316; x_wconf 90' lang='lat' dir='ltr'><strong>usque</strong></span> <span class='ocrx_word' id='word_1_393' title='bbox 1965 3226 2013 3295; x_wconf 82' lang='lat' dir='ltr'><strong>ab</strong></span> <span class='ocrx_word' id='word_1_394' title='bbox 2037 3225 2141 3295; x_wconf 92' lang='lat' dir='ltr'><strong>initio</strong></span> <span class='ocrx_word' id='word_1_395' title='bbox 2162 3240 2240 3318; x_wconf 76' lang='lat' dir='ltr'><strong>post</strong></span> <span class='ocrx_word' id='word_1_396' title='bbox 2255 3227 2309 3295; x_wconf 67' lang='lat' dir='ltr'><strong>la.</strong></span> 
     </span>
     <span class='ocr_line' id='line_1_32' title="bbox 277 3322 2308 3422; baseline -0.007 -16"><span class='ocrx_word' id='word_1_397' title='bbox 277 3332 344 3406; x_wconf 90' lang='lat' dir='ltr'><strong>has</strong></span> <span class='ocrx_word' id='word_1_398' title='bbox 365 3345 485 3422; x_wconf 88' lang='lat' dir='ltr'><strong>gentes</strong></span> <span class='ocrx_word' id='word_1_399' title='bbox 502 3326 670 3396; x_wconf 87' lang='lat' dir='ltr'><strong>servitute</strong></span> <span class='ocrx_word' id='word_1_400' title='bbox 686 3322 837 3392; x_wconf 78' lang='lat' dir='ltr'><strong>&#39;l&#39;urcica</strong></span> <span class='ocrx_word' id='word_1_401' title='bbox 857 3325 1053 3414; x_wconf 88' lang='lat' dir='ltr'><strong>opprimet,</strong></span> <span class='ocrx_word' id='word_1_402' title='bbox 1077 3326 1139 3392; x_wconf 84' lang='lat' dir='ltr'><strong>sed</strong></span> <span class='ocrx_word' id='word_1_403' title='bbox 1162 3326 1267 3392; x_wconf 85' lang='lat' dir='ltr'><strong>redeo</strong></span> <span class='ocrx_word' id='word_1_404' title='bbox 1319 3348 1423 3418; x_wconf 84' lang='lat' dir='ltr'><strong>psum</strong></span> <span class='ocrx_word' id='word_1_405' title='bbox 1445 3325 1640 3417; x_wconf 89' lang='lat' dir='ltr'><strong>primorum</strong></span> <span class='ocrx_word' id='word_1_406' title='bbox 1660 3328 1845 3415; x_wconf 83' lang='lat' dir='ltr'><strong>parentum</strong></span> <span class='ocrx_word' id='word_1_407' title='bbox 1863 3337 1983 3393; x_wconf 86' lang='lat' dir='ltr'><strong>mente</strong></span> <span class='ocrx_word' id='word_1_408' title='bbox 1997 3327 2132 3397; x_wconf 86' lang='lat' dir='ltr'><strong>intueri</strong></span> <span class='ocrx_word' id='word_1_409' title='bbox 2148 3329 2308 3398; x_wconf 83' lang='lat' dir='ltr'><strong>omnium</strong></span> 
     </span>
     <span class='ocr_line' id='line_1_33' title="bbox 278 3421 2308 3521; baseline -0.006 -11"><span class='ocrx_word' id='word_1_410' title='bbox 278 3440 321 3509; x_wconf 87' lang='lat' dir='ltr'><strong>ad</strong></span> <span class='ocrx_word' id='word_1_411' title='bbox 342 3431 587 3513; x_wconf 85' lang='lat' dir='ltr'><strong>scholasticos,</strong></span> <span class='ocrx_word' id='word_1_412' title='bbox 613 3428 811 3497; x_wconf 88' lang='lat' dir='ltr'><strong>obtestatur</strong></span> <span class='ocrx_word' id='word_1_413' title='bbox 825 3446 888 3492; x_wconf 86' lang='lat' dir='ltr'><strong>vos</strong></span> <span class='ocrx_word' id='word_1_414' title='bbox 905 3421 964 3493; x_wconf 91' lang='lat' dir='ltr'><strong>bic</strong></span> <span class='ocrx_word' id='word_1_415' title='bbox 987 3425 1173 3492; x_wconf 84' lang='lat' dir='ltr'><strong>universus</strong></span> <span class='ocrx_word' id='word_1_416' title='bbox 1188 3449 1268 3492; x_wconf 89' lang='lat' dir='ltr'><strong>coe-</strong></span> <span class='ocrx_word' id='word_1_417' title='bbox 1320 3442 1473 3498; x_wconf 88' lang='lat' dir='ltr'><strong>aetatum</strong></span> <span class='ocrx_word' id='word_1_418' title='bbox 1501 3422 1702 3497; x_wconf 84' lang='lat' dir='ltr'><strong>historiam:</strong></span> <span class='ocrx_word' id='word_1_419' title='bbox 1739 3437 1778 3493; x_wconf 86' lang='lat' dir='ltr'><strong>et</strong></span> <span class='ocrx_word' id='word_1_420' title='bbox 1805 3446 1880 3491; x_wconf 92' lang='lat' dir='ltr'><strong>non</strong></span> <span class='ocrx_word' id='word_1_421' title='bbox 1907 3423 2026 3493; x_wconf 84' lang='lat' dir='ltr'><strong>solnm</strong></span> <span class='ocrx_word' id='word_1_422' title='bbox 2058 3431 2180 3499; x_wconf 83' lang='lat' dir='ltr'><strong>caedes</strong></span> <span class='ocrx_word' id='word_1_423' title='bbox 2208 3431 2308 3521; x_wconf 87' lang='lat' dir='ltr'><strong>ipsas,</strong></span> 
     </span>
     <span class='ocr_line' id='line_1_34' title="bbox 278 3524 2307 3630; baseline -0.009 -20"><span class='ocrx_word' id='word_1_424' title='bbox 278 3554 336 3613; x_wconf 90' lang='lat' dir='ltr'><strong>tus</strong></span> <span class='ocrx_word' id='word_1_425' title='bbox 349 3546 617 3630; x_wconf 86' lang='lat' dir='ltr'><strong>praeceptorum</strong></span> <span class='ocrx_word' id='word_1_426' title='bbox 633 3541 851 3610; x_wconf 82' lang='lat' dir='ltr'><strong>vestrorum,</strong></span> <span class='ocrx_word' id='word_1_427' title='bbox 876 3539 910 3596; x_wconf 90' lang='lat' dir='ltr'><strong>et</strong></span> <span class='ocrx_word' id='word_1_428' title='bbox 928 3525 1097 3617; x_wconf 86' lang='lat' dir='ltr'><strong>praecipit</strong></span> <span class='ocrx_word' id='word_1_429' title='bbox 1114 3548 1197 3594; x_wconf 89' lang='lat' dir='ltr'><strong>voce</strong></span> <span class='ocrx_word' id='word_1_430' title='bbox 1210 3526 1269 3594; x_wconf 87' lang='lat' dir='ltr'><strong>di·</strong></span> <span class='ocrx_word' id='word_1_431' title='bbox 1319 3530 1433 3613; x_wconf 83' lang='lat' dir='ltr'><strong>bella,</strong></span> <span class='ocrx_word' id='word_1_432' title='bbox 1471 3529 1607 3605; x_wconf 78' lang='lat' dir='ltr'><strong>excidia</strong></span> <span class='ocrx_word' id='word_1_433' title='bbox 1638 3524 1784 3597; x_wconf 86' lang='lat' dir='ltr'><strong>urbium</strong></span> <span class='ocrx_word' id='word_1_434' title='bbox 1817 3550 1858 3594; x_wconf 90' lang='lat' dir='ltr'><strong>ac</strong></span> <span class='ocrx_word' id='word_1_435' title='bbox 1886 3526 2070 3613; x_wconf 81' lang='lat' dir='ltr'><strong>gentitun:</strong></span> <span class='ocrx_word' id='word_1_436' title='bbox 2111 3533 2172 3599; x_wconf 81' lang='lat' dir='ltr'><strong>scd</strong></span> <span class='ocrx_word' id='word_1_437' title='bbox 2202 3533 2307 3601; x_wconf 69' lang='lat' dir='ltr'><strong>etiam</strong></span> 
     </span>
     <span class='ocr_line' id='line_1_35' title="bbox 276 3624 2309 3724; baseline -0.009 -13"><span class='ocrx_word' id='word_1_438' title='bbox 276 3644 382 3724; x_wconf 71' lang='lat' dir='ltr'><strong>trina,</strong></span> <span class='ocrx_word' id='word_1_439' title='bbox 406 3650 447 3708; x_wconf 88' lang='lat' dir='ltr'><strong>ut</strong></span> <span class='ocrx_word' id='word_1_440' title='bbox 468 3629 757 3705; x_wconf 84' lang='lat' dir='ltr'><strong>et’re&#39;vereamini</strong></span> <span class='ocrx_word' id='word_1_441' title='bbox 777 3624 912 3712; x_wconf 89' lang='lat' dir='ltr'><strong>Deum,</strong></span> <span class='ocrx_word' id='word_1_442' title='bbox 938 3640 971 3696; x_wconf 89' lang='lat' dir='ltr'><strong>et</strong></span> <span class='ocrx_word' id='word_1_443' title='bbox 998 3626 1124 3696; x_wconf 85' lang='lat' dir='ltr'><strong>vivatis</strong></span> <span class='ocrx_word' id='word_1_444' title='bbox 1146 3629 1267 3697; x_wconf 87' lang='lat' dir='ltr'><strong>mode-</strong></span> <span class='ocrx_word' id='word_1_445' title='bbox 1320 3655 1439 3702; x_wconf 90' lang='lat' dir='ltr'><strong>causas</strong></span> <span class='ocrx_word' id='word_1_446' title='bbox 1463 3644 1644 3701; x_wconf 90' lang='lat' dir='ltr'><strong>tantorum</strong></span> <span class='ocrx_word' id='word_1_447' title='bbox 1666 3627 1841 3699; x_wconf 87' lang='lat' dir='ltr'><strong>malorum</strong></span> <span class='ocrx_word' id='word_1_448' title='bbox 1862 3627 2123 3697; x_wconf 86' lang='lat' dir='ltr'><strong>considerare?·</strong></span> <span class='ocrx_word' id='word_1_449' title='bbox 2159 3630 2309 3722; x_wconf 76' lang='lat' dir='ltr'><strong>Semper</strong></span> 
     </span>
     <span class='ocr_line' id='line_1_36' title="bbox 278 3727 2310 3831; baseline -0.007 -16"><span class='ocrx_word' id='word_1_450' title='bbox 278 3745 383 3825; x_wconf 78' lang='lat' dir='ltr'><strong>stine,</strong></span> <span class='ocrx_word' id='word_1_451' title='bbox 410 3760 517 3831; x_wconf 84' lang='lat' dir='ltr'><strong>eaque</strong></span> <span class='ocrx_word' id='word_1_452' title='bbox 541 3736 578 3803; x_wconf 87' lang='lat' dir='ltr'><strong>in</strong></span> <span class='ocrx_word' id='word_1_453' title='bbox 601 3757 639 3803; x_wconf 85' lang='lat' dir='ltr'><strong>re</strong></span> <span class='ocrx_word' id='word_1_454' title='bbox 664 3755 744 3801; x_wconf 82' lang='lat' dir='ltr'><strong>cttm</strong></span> <span class='ocrx_word' id='word_1_455' title='bbox 765 3742 901 3799; x_wconf 80' lang='lat' dir='ltr'><strong>vestrae</strong></span> <span class='ocrx_word' id='word_1_456' title='bbox 922 3727 1047 3813; x_wconf 84' lang='lat' dir='ltr'><strong>saluti,</strong></span> <span class='ocrx_word' id='word_1_457' title='bbox 1072 3742 1146 3798; x_wconf 91' lang='lat' dir='ltr'><strong>tum</strong></span> <span class='ocrx_word' id='word_1_458' title='bbox 1171 3755 1269 3799; x_wconf 92' lang='lat' dir='ltr'><strong>com·</strong></span> <span class='ocrx_word' id='word_1_459' title='bbox 1322 3734 1415 3803; x_wconf 87' lang='lat' dir='ltr'><strong>enim</strong></span> <span class='ocrx_word' id='word_1_460' title='bbox 1432 3730 1701 3823; x_wconf 87' lang='lat' dir='ltr'><strong>sapientes-viri</strong></span> <span class='ocrx_word' id='word_1_461' title='bbox 1723 3729 1840 3799; x_wconf 85' lang='lat' dir='ltr'><strong>mirati</strong></span> <span class='ocrx_word' id='word_1_462' title='bbox 1864 3742 1966 3814; x_wconf 85' lang='lat' dir='ltr'><strong>sunt,</strong></span> <span class='ocrx_word' id='word_1_463' title='bbox 1989 3731 2084 3799; x_wconf 90' lang='lat' dir='ltr'><strong>unde</strong></span> <span class='ocrx_word' id='word_1_464' title='bbox 2100 3732 2191 3799; x_wconf 89' lang='lat' dir='ltr'><strong>tanti</strong></span> <span class='ocrx_word' id='word_1_465' title='bbox 2205 3734 2310 3803; x_wconf 87' lang='lat' dir='ltr'><strong>furo-</strong></span> 
     </span>
     <span class='ocr_line' id='line_1_37' title="bbox 277 3825 2311 3925; baseline -0.013 -8"><span class='ocrx_word' id='word_1_466' title='bbox 277 3846 380 3916; x_wconf 87' lang='lat' dir='ltr'><strong>muni</strong></span> <span class='ocrx_word' id='word_1_467' title='bbox 409 3837 613 3912; x_wconf 85' lang='lat' dir='ltr'><strong>consulatis.</strong></span> <span class='ocrx_word' id='word_1_468' title='bbox 674 3832 754 3903; x_wconf 84' lang='lat' dir='ltr'><strong>Nisi</strong></span> <span class='ocrx_word' id='word_1_469' title='bbox 785 3833 881 3900; x_wconf 92' lang='lat' dir='ltr'><strong>enim</strong></span> <span class='ocrx_word' id='word_1_470' title='bbox 910 3844 1014 3901; x_wconf 90' lang='lat' dir='ltr'><strong>erunt</strong></span> <span class='ocrx_word' id='word_1_471' title='bbox 1037 3832 1268 3915; x_wconf 85' lang='lat' dir='ltr'><strong>modestiores</strong></span> <span class='ocrx_word' id='word_1_472' title='bbox 1321 3859 1375 3905; x_wconf 70' lang='lat' dir='ltr'><strong>res</strong></span> <span class='ocrx_word' id='word_1_473' title='bbox 1392 3836 1463 3904; x_wconf 85' lang='lat' dir='ltr'><strong>sint</strong></span> <span class='ocrx_word' id='word_1_474' title='bbox 1479 3835 1517 3902; x_wconf 81' lang='lat' dir='ltr'><strong>in</strong></span> <span class='ocrx_word' id='word_1_475' title='bbox 1535 3848 1606 3904; x_wconf 76' lang='lat' dir='ltr'><strong>tam</strong></span> <span class='ocrx_word' id='word_1_476' title='bbox 1620 3831 1813 3925; x_wconf 76' lang='lat' dir='ltr'><strong>praestanti</strong></span> <span class='ocrx_word' id='word_1_477' title='bbox 1826 3843 1969 3914; x_wconf 76' lang='lat' dir='ltr'><strong>natura,</strong></span> <span class='ocrx_word' id='word_1_478' title='bbox 1993 3844 2034 3900; x_wconf 86' lang='lat' dir='ltr'><strong>ut</strong></span> <span class='ocrx_word' id='word_1_479' title='bbox 2046 3825 2208 3900; x_wconf 78' lang='lat' dir='ltr'><strong>homines</strong></span> <span class='ocrx_word' id='word_1_480' title='bbox 2224 3836 2311 3923; x_wconf 80' lang='lat' dir='ltr'><strong>qui.</strong></span> 
     </span>
     <span class='ocr_line' id='line_1_38' title="bbox 276 3932 2309 4034; baseline -0.013 -3"><span class='ocrx_word' id='word_1_481' title='bbox 276 3963 414 4028; x_wconf 66' lang='lat' dir='ltr'><strong>mom,</strong></span> <span class='ocrx_word' id='word_1_482' title='bbox 447 3943 603 4034; x_wconf 66' lang='lat' dir='ltr'><strong>Pr⁰fecl⁰</strong></span> <span class='ocrx_word' id='word_1_483' title='bbox 627 3933 713 4007; x_wconf 61' lang='lat' dir='ltr'><strong>haec</strong></span> <span class='ocrx_word' id='word_1_484' title='bbox 737 3936 850 4016; x_wconf 65' lang='lat' dir='ltr'><strong>lma,</strong></span> <span class='ocrx_word' id='word_1_485' title='bbox 880 3934 996 4002; x_wconf 74' lang='lat' dir='ltr'><strong>lucem</strong></span> <span class='ocrx_word' id='word_1_486' title='bbox 1018 3933 1201 4029; x_wconf 84' lang='lat' dir='ltr'><strong>doctrinae</strong></span> <span class='ocrx_word' id='word_1_487' title='bbox 1223 3935 1268 4002; x_wconf 89' lang='lat' dir='ltr'><strong>de</strong></span> <span class='ocrx_word' id='word_1_488' title='bbox 1319 3939 1386 4007; x_wconf 90' lang='lat' dir='ltr'><strong>bus</strong></span> <span class='ocrx_word' id='word_1_489' title='bbox 1408 3936 1535 4007; x_wconf 87' lang='lat' dir='ltr'><strong>insitus</strong></span> <span class='ocrx_word' id='word_1_490' title='bbox 1557 3951 1609 4008; x_wconf 90' lang='lat' dir='ltr'><strong>est</strong></span> <span class='ocrx_word' id='word_1_491' title='bbox 1630 3957 1731 4004; x_wconf 90' lang='lat' dir='ltr'><strong>amor</strong></span> <span class='ocrx_word' id='word_1_492' title='bbox 1751 3932 1950 4003; x_wconf 87' lang='lat' dir='ltr'><strong>communis</strong></span> <span class='ocrx_word' id='word_1_493' title='bbox 1971 3932 2160 4012; x_wconf 86' lang='lat' dir='ltr'><strong>societatis,</strong></span> <span class='ocrx_word' id='word_1_494' title='bbox 2187 3935 2309 4004; x_wconf 89' lang='lat' dir='ltr'><strong>ausint</strong></span> 
     </span>
     <span class='ocr_line' id='line_1_39' title="bbox 274 4033 2308 4134; baseline -0.009 -11"><span class='ocrx_word' id='word_1_495' title='bbox 274 4049 372 4134; x_wconf 91' lang='lat' dir='ltr'><strong>Deo,</strong></span> <span class='ocrx_word' id='word_1_496' title='bbox 394 4044 590 4125; x_wconf 77' lang='lat' dir='ltr'><strong>Ecclesiae,</strong></span> <span class='ocrx_word' id='word_1_497' title='bbox 615 4041 718 4129; x_wconf 68' lang='lat' dir='ltr'><strong>leges,</strong></span> <span class='ocrx_word' id='word_1_498' title='bbox 743 4039 879 4117; x_wconf 62' lang='lat' dir='ltr'><strong>literas,</strong></span> <span class='ocrx_word' id='word_1_499' title='bbox 903 4050 938 4105; x_wconf 89' lang='lat' dir='ltr'><strong>et</strong></span> <span class='ocrx_word' id='word_1_500' title='bbox 953 4048 1086 4105; x_wconf 88' lang='lat' dir='ltr'><strong>caetera</strong></span> <span class='ocrx_word' id='word_1_501' title='bbox 1102 4036 1193 4105; x_wconf 88' lang='lat' dir='ltr'><strong>vitae</strong></span> <span class='ocrx_word' id='word_1_502' title='bbox 1208 4060 1268 4105; x_wconf 87' lang='lat' dir='ltr'><strong>or·</strong></span> <span class='ocrx_word' id='word_1_503' title='bbox 1319 4053 1439 4109; x_wconf 86' lang='lat' dir='ltr'><strong>tamen</strong></span> <span class='ocrx_word' id='word_1_504' title='bbox 1458 4033 1525 4106; x_wconf 90' lang='lat' dir='ltr'><strong>hoc</strong></span> <span class='ocrx_word' id='word_1_505' title='bbox 1549 4037 1666 4129; x_wconf 90' lang='lat' dir='ltr'><strong>ipsum</strong></span> <span class='ocrx_word' id='word_1_506' title='bbox 1688 4036 1814 4106; x_wconf 86' lang='lat' dir='ltr'><strong>foedus</strong></span> <span class='ocrx_word' id='word_1_507' title='bbox 1835 4033 2073 4103; x_wconf 84' lang='lat' dir='ltr'><strong>crudelissime</strong></span> <span class='ocrx_word' id='word_1_508' title='bbox 2096 4034 2254 4119; x_wconf 87' lang='lat' dir='ltr'><strong>violare,</strong></span> <span class='ocrx_word' id='word_1_509' title='bbox 2274 4048 2308 4105; x_wconf 89' lang='lat' dir='ltr'><strong>et</strong></span> 
     </span>
     <span class='ocr_line' id='line_1_40' title="bbox 274 4133 2305 4227; baseline -0.01 -2"><span class='ocrx_word' id='word_1_510' title='bbox 274 4161 442 4224; x_wconf 81' lang='lat' dir='ltr'><strong>tramenta</strong></span> <span class='ocrx_word' id='word_1_511' title='bbox 458 4142 621 4215; x_wconf 84' lang='lat' dir='ltr'><strong>amissuri</strong></span> <span class='ocrx_word' id='word_1_512' title='bbox 636 4140 727 4210; x_wconf 87' lang='lat' dir='ltr'><strong>estis.</strong></span> <span class='ocrx_word' id='word_1_513' title='bbox 761 4137 902 4223; x_wconf 88' lang='lat' dir='ltr'><strong>Quanta</strong></span> <span class='ocrx_word' id='word_1_514' title='bbox 918 4139 1009 4205; x_wconf 90' lang='lat' dir='ltr'><strong>bona</strong></span> <span class='ocrx_word' id='word_1_515' title='bbox 1025 4134 1267 4206; x_wconf 87' lang='lat' dir='ltr'><strong>amisitAdam</strong></span> <span class='ocrx_word' id='word_1_516' title='bbox 1320 4141 1465 4210; x_wconf 84' lang='lat' dir='ltr'><strong>exitium</strong></span> <span class='ocrx_word' id='word_1_517' title='bbox 1492 4134 1700 4227; x_wconf 86' lang='lat' dir='ltr'><strong>bominibus</strong></span> <span class='ocrx_word' id='word_1_518' title='bbox 1728 4134 1859 4208; x_wconf 89' lang='lat' dir='ltr'><strong>moliri.</strong></span> <span class='ocrx_word' id='word_1_519' title='bbox 1912 4133 1994 4204; x_wconf 90' lang='lat' dir='ltr'><strong>Non</strong></span> <span class='ocrx_word' id='word_1_520' title='bbox 2015 4135 2190 4205; x_wconf 88' lang='lat' dir='ltr'><strong>dimicant</strong></span> <span class='ocrx_word' id='word_1_521' title='bbox 2216 4135 2305 4206; x_wconf 90' lang='lat' dir='ltr'><strong>inter</strong></span> 
     </span>
     <span class='ocr_line' id='line_1_41' title="bbox 275 4232 2306 4340; baseline -0.009 -16"><span class='ocrx_word' id='word_1_522' title='bbox 275 4278 349 4326; x_wconf 90' lang='lat' dir='ltr'><strong>uno</strong></span> <span class='ocrx_word' id='word_1_523' title='bbox 365 4247 492 4340; x_wconf 83' lang='lat' dir='ltr'><strong>lapsu?</strong></span> <span class='ocrx_word' id='word_1_524' title='bbox 533 4241 715 4330; x_wconf 83' lang='lat' dir='ltr'><strong>Quamdiu</strong></span> <span class='ocrx_word' id='word_1_525' title='bbox 732 4232 864 4306; x_wconf 81' lang='lat' dir='ltr'><strong>ethnici</strong></span> <span class='ocrx_word' id='word_1_526' title='bbox 882 4238 920 4305; x_wconf 83' lang='lat' dir='ltr'><strong>in</strong></span> <span class='ocrx_word' id='word_1_527' title='bbox 939 4238 1108 4320; x_wconf 82' lang='lat' dir='ltr'><strong>tenebris,</strong></span> <span class='ocrx_word' id='word_1_528' title='bbox 1130 4251 1165 4308; x_wconf 85' lang='lat' dir='ltr'><strong>et</strong></span> <span class='ocrx_word' id='word_1_529' title='bbox 1182 4235 1268 4309; x_wconf 91' lang='lat' dir='ltr'><strong>bor-</strong></span> <span class='ocrx_word' id='word_1_530' title='bbox 1319 4265 1392 4312; x_wconf 88' lang='lat' dir='ltr'><strong>sese</strong></span> <span class='ocrx_word' id='word_1_531' title='bbox 1409 4242 1549 4328; x_wconf 84' lang='lat' dir='ltr'><strong>leones,</strong></span> <span class='ocrx_word' id='word_1_532' title='bbox 1572 4242 1679 4331; x_wconf 92' lang='lat' dir='ltr'><strong>lupus</strong></span> <span class='ocrx_word' id='word_1_533' title='bbox 1693 4263 1713 4307; x_wconf 91' lang='lat' dir='ltr'><strong>a</strong></span> <span class='ocrx_word' id='word_1_534' title='bbox 1728 4237 2001 4326; x_wconf 84' lang='lat' dir='ltr'><strong>lupo-abstinet,</strong></span> <span class='ocrx_word' id='word_1_535' title='bbox 2021 4237 2112 4307; x_wconf 85' lang='lat' dir='ltr'><strong>ursis</strong></span> <span class='ocrx_word' id='word_1_536' title='bbox 2125 4237 2222 4307; x_wconf 87' lang='lat' dir='ltr'><strong>inter</strong></span> <span class='ocrx_word' id='word_1_537' title='bbox 2234 4261 2306 4307; x_wconf 84' lang='lat' dir='ltr'><strong>sese</strong></span> 
     </span>
     <span class='ocr_line' id='line_1_42' title="bbox 275 4336 2306 4431; baseline -0.009 -6"><span class='ocrx_word' id='word_1_538' title='bbox 275 4353 396 4426; x_wconf 87' lang='lat' dir='ltr'><strong>rendis</strong></span> <span class='ocrx_word' id='word_1_539' title='bbox 413 4345 605 4418; x_wconf 85' lang='lat' dir='ltr'><strong>sceleribus</strong></span> <span class='ocrx_word' id='word_1_540' title='bbox 621 4340 806 4409; x_wconf 81' lang='lat' dir='ltr'><strong>vixerunt?</strong></span> <span class='ocrx_word' id='word_1_541' title='bbox 832 4352 1013 4428; x_wconf 88' lang='lat' dir='ltr'><strong>propterea</strong></span> <span class='ocrx_word' id='word_1_542' title='bbox 1030 4340 1125 4430; x_wconf 90' lang='lat' dir='ltr'><strong>quod</strong></span> <span class='ocrx_word' id='word_1_543' title='bbox 1143 4364 1266 4410; x_wconf 89' lang='lat' dir='ltr'><strong>eorum</strong></span> <span class='ocrx_word' id='word_1_544' title='bbox 1315 4345 1443 4415; x_wconf 79' lang='lat' dir='ltr'><strong>foedus</strong></span> <span class='ocrx_word' id='word_1_545' title='bbox 1464 4359 1527 4416; x_wconf 87' lang='lat' dir='ltr'><strong>est.</strong></span> <span class='ocrx_word' id='word_1_546' title='bbox 1577 4341 1652 4415; x_wconf 90' lang='lat' dir='ltr'><strong>Cur</strong></span> <span class='ocrx_word' id='word_1_547' title='bbox 1670 4336 1849 4419; x_wconf 86' lang='lat' dir='ltr'><strong>homines,</strong></span> <span class='ocrx_word' id='word_1_548' title='bbox 1876 4352 1910 4408; x_wconf 92' lang='lat' dir='ltr'><strong>et</strong></span> <span class='ocrx_word' id='word_1_549' title='bbox 1926 4339 2070 4431; x_wconf 88' lang='lat' dir='ltr'><strong>quidem</strong></span> <span class='ocrx_word' id='word_1_550' title='bbox 2088 4339 2249 4428; x_wconf 88' lang='lat' dir='ltr'><strong>cognati,</strong></span> <span class='ocrx_word' id='word_1_551' title='bbox 2274 4352 2306 4408; x_wconf 90' lang='lat' dir='ltr'><strong>et</strong></span> 
     </span>
     <span class='ocr_line' id='line_1_43' title="bbox 274 4439 2307 4540; baseline -0.009 -14"><span class='ocrx_word' id='word_1_552' title='bbox 274 4457 427 4527; x_wconf 88' lang='lat' dir='ltr'><strong>maiores</strong></span> <span class='ocrx_word' id='word_1_553' title='bbox 449 4456 656 4540; x_wconf 88' lang='lat' dir='ltr'><strong>spreverant</strong></span> <span class='ocrx_word' id='word_1_554' title='bbox 677 4441 874 4510; x_wconf 90' lang='lat' dir='ltr'><strong>doctrinam</strong></span> <span class='ocrx_word' id='word_1_555' title='bbox 899 4439 1094 4529; x_wconf 89' lang='lat' dir='ltr'><strong>primorum</strong></span> <span class='ocrx_word' id='word_1_556' title='bbox 1115 4455 1266 4535; x_wconf 83' lang='lat' dir='ltr'><strong>patrum.</strong></span> <span class='ocrx_word' id='word_1_557' title='bbox 1317 4447 1439 4517; x_wconf 85' lang='lat' dir='ltr'><strong>multis</strong></span> <span class='ocrx_word' id='word_1_558' title='bbox 1468 4447 1562 4516; x_wconf 85' lang='lat' dir='ltr'><strong>inter</strong></span> <span class='ocrx_word' id='word_1_559' title='bbox 1590 4468 1626 4514; x_wconf 87' lang='lat' dir='ltr'><strong>se</strong></span> <span class='ocrx_word' id='word_1_560' title='bbox 1657 4441 1880 4512; x_wconf 87' lang='lat' dir='ltr'><strong>naturalibus</strong></span> <span class='ocrx_word' id='word_1_561' title='bbox 1907 4454 1941 4509; x_wconf 92' lang='lat' dir='ltr'><strong>et</strong></span> <span class='ocrx_word' id='word_1_562' title='bbox 1969 4439 2135 4509; x_wconf 85' lang='lat' dir='ltr'><strong>civilibus</strong></span> <span class='ocrx_word' id='word_1_563' title='bbox 2157 4440 2307 4508; x_wconf 83' lang='lat' dir='ltr'><strong>vinculis</strong></span> 
     </span>
     <span class='ocr_line' id='line_1_44' title="bbox 274 4541 2306 4646; baseline -0.015 -17"><span class='ocrx_word' id='word_1_564' title='bbox 274 4557 341 4629; x_wconf 91' lang='lat' dir='ltr'><strong>His</strong></span> <span class='ocrx_word' id='word_1_565' title='bbox 364 4551 533 4646; x_wconf 81' lang='lat' dir='ltr'><strong>exemplis</strong></span> <span class='ocrx_word' id='word_1_566' title='bbox 557 4569 620 4616; x_wconf 90' lang='lat' dir='ltr'><strong>vos</strong></span> <span class='ocrx_word' id='word_1_567' title='bbox 643 4547 687 4613; x_wconf 92' lang='lat' dir='ltr'><strong>ad</strong></span> <span class='ocrx_word' id='word_1_568' title='bbox 710 4542 874 4633; x_wconf 88' lang='lat' dir='ltr'><strong>pietatem</strong></span> <span class='ocrx_word' id='word_1_569' title='bbox 898 4557 931 4611; x_wconf 89' lang='lat' dir='ltr'><strong>et</strong></span> <span class='ocrx_word' id='word_1_570' title='bbox 948 4542 1154 4611; x_wconf 86' lang='lat' dir='ltr'><strong>modestiam</strong></span> <span class='ocrx_word' id='word_1_571' title='bbox 1173 4546 1265 4613; x_wconf 85' lang='lat' dir='ltr'><strong>exci-</strong></span> <span class='ocrx_word' id='word_1_572' title='bbox 1319 4548 1521 4632; x_wconf 90' lang='lat' dir='ltr'><strong>coniuncti,</strong></span> <span class='ocrx_word' id='word_1_573' title='bbox 1558 4547 1597 4616; x_wconf 90' lang='lat' dir='ltr'><strong>in</strong></span> <span class='ocrx_word' id='word_1_574' title='bbox 1625 4558 1787 4615; x_wconf 89' lang='lat' dir='ltr'><strong>mutuam</strong></span> <span class='ocrx_word' id='word_1_575' title='bbox 1820 4542 1961 4610; x_wconf 87' lang='lat' dir='ltr'><strong>caedem</strong></span> <span class='ocrx_word' id='word_1_576' title='bbox 1993 4541 2129 4613; x_wconf 83' lang='lat' dir='ltr'><strong>ruunt?</strong></span> <span class='ocrx_word' id='word_1_577' title='bbox 2180 4541 2306 4612; x_wconf 75' lang='lat' dir='ltr'><strong>Statim</strong></span> 
     </span>
     <span class='ocr_line' id='line_1_45' title="bbox 273 4642 2307 4752; baseline -0.011 -19"><span class='ocrx_word' id='word_1_578' title='bbox 273 4676 354 4741; x_wconf 75' lang='lat' dir='ltr'><strong>tate,</strong></span> <span class='ocrx_word' id='word_1_579' title='bbox 381 4659 476 4752; x_wconf 76' lang='lat' dir='ltr'><strong>quod</strong></span> <span class='ocrx_word' id='word_1_580' title='bbox 494 4655 524 4724; x_wconf 67' lang='lat' dir='ltr'><strong>ti</strong></span> <span class='ocrx_word' id='word_1_581' title='bbox 538 4649 685 4731; x_wconf 49' lang='lat' dir='ltr'><strong>faciest&amp;</strong></span> <span class='ocrx_word' id='word_1_582' title='bbox 710 4668 782 4714; x_wconf 78' lang='lat'>¹¹⁰0</span> <span class='ocrx_word' id='word_1_583' title='bbox 798 4645 912 4714; x_wconf 68' lang='lat' dir='ltr'><strong>Solum</strong></span> <span class='ocrx_word' id='word_1_584' title='bbox 925 4645 1131 4733; x_wconf 89' lang='lat' dir='ltr'><strong>dignitatem</strong></span> <span class='ocrx_word' id='word_1_585' title='bbox 1147 4644 1264 4742; x_wconf 89' lang='lat' dir='ltr'><strong>legum</strong></span> <span class='ocrx_word' id='word_1_586' title='bbox 1317 4651 1421 4719; x_wconf 85' lang='lat' dir='ltr'><strong>initio</strong></span> <span class='ocrx_word' id='word_1_587' title='bbox 1442 4644 1590 4738; x_wconf 65' lang='lat' dir='ltr'><strong>&#39;generis</strong></span> <span class='ocrx_word' id='word_1_588' title='bbox 1621 4642 1770 4715; x_wconf 87' lang='lat' dir='ltr'><strong>humani</strong></span> <span class='ocrx_word' id='word_1_589' title='bbox 1800 4644 1909 4712; x_wconf 85' lang='lat' dir='ltr'><strong>frater</strong></span> <span class='ocrx_word' id='word_1_590' title='bbox 1940 4643 2130 4712; x_wconf 87' lang='lat' dir='ltr'><strong>trucidavit</strong></span> <span class='ocrx_word' id='word_1_591' title='bbox 2151 4644 2307 4734; x_wconf 82' lang='lat' dir='ltr'><strong>fratrem.</strong></span> 
     </span>
     <span class='ocr_line' id='line_1_46' title="bbox 272 4739 2309 4848; baseline -0.012 -13"><span class='ocrx_word' id='word_1_592' title='bbox 272 4788 355 4834; x_wconf 90' lang='lat' dir='ltr'><strong>vere</strong></span> <span class='ocrx_word' id='word_1_593' title='bbox 378 4759 602 4848; x_wconf 84' lang='lat' dir='ltr'><strong>intelligetis,</strong></span> <span class='ocrx_word' id='word_1_594' title='bbox 629 4752 688 4820; x_wconf 89' lang='lat' dir='ltr'><strong>sed</strong></span> <span class='ocrx_word' id='word_1_595' title='bbox 714 4749 817 4818; x_wconf 85' lang='lat' dir='ltr'><strong>etiam</strong></span> <span class='ocrx_word' id='word_1_596' title='bbox 834 4749 872 4816; x_wconf 90' lang='lat' dir='ltr'><strong>in</strong></span> <span class='ocrx_word' id='word_1_597' title='bbox 897 4748 1152 4838; x_wconf 88' lang='lat' dir='ltr'><strong>gubernatione</strong></span> <span class='ocrx_word' id='word_1_598' title='bbox 1168 4749 1264 4818; x_wconf 89' lang='lat' dir='ltr'><strong>eritis</strong></span> <span class='ocrx_word' id='word_1_599' title='bbox 1316 4739 1364 4822; x_wconf 77' lang='lat' dir='ltr'><strong>Et</strong></span> <span class='ocrx_word' id='word_1_600' title='bbox 1386 4742 1630 4842; x_wconf 57' lang='lat' dir='ltr'><strong>statim&#39;multa</strong></span> <span class='ocrx_word' id='word_1_601' title='bbox 1644 4761 1758 4818; x_wconf 85' lang='lat' dir='ltr'><strong>secuta</strong></span> <span class='ocrx_word' id='word_1_602' title='bbox 1775 4759 1858 4816; x_wconf 90' lang='lat' dir='ltr'><strong>sunt</strong></span> <span class='ocrx_word' id='word_1_603' title='bbox 1872 4745 2039 4837; x_wconf 84' lang='lat' dir='ltr'><strong>exempla.</strong></span> <span class='ocrx_word' id='word_1_604' title='bbox 2093 4742 2244 4832; x_wconf 86' lang='lat' dir='ltr'><strong>Quoties</strong></span> <span class='ocrx_word' id='word_1_605' title='bbox 2258 4745 2309 4813; x_wconf 86' lang='lat' dir='ltr'><strong>le-</strong></span> 
     </span>
     <span class='ocr_line' id='line_1_47' title="bbox 271 4842 2308 4944; baseline -0.012 -7"><span class='ocrx_word' id='word_1_606' title='bbox 271 4865 432 4937; x_wconf 80' lang='lat' dir='ltr'><strong>foelices:</strong></span> <span class='ocrx_word' id='word_1_607' title='bbox 464 4860 562 4930; x_wconf 85' lang='lat' dir='ltr'><strong>Deus</strong></span> <span class='ocrx_word' id='word_1_608' title='bbox 580 4857 677 4926; x_wconf 89' lang='lat' dir='ltr'><strong>enim</strong></span> <span class='ocrx_word' id='word_1_609' title='bbox 702 4850 879 4943; x_wconf 91' lang='lat' dir='ltr'><strong>promittit</strong></span> <span class='ocrx_word' id='word_1_610' title='bbox 904 4851 976 4918; x_wconf 88' lang='lat' dir='ltr'><strong>suis</strong></span> <span class='ocrx_word' id='word_1_611' title='bbox 1000 4850 1207 4940; x_wconf 85' lang='lat' dir='ltr'><strong>sapientiam</strong></span> <span class='ocrx_word' id='word_1_612' title='bbox 1231 4865 1265 4922; x_wconf 90' lang='lat' dir='ltr'><strong>et</strong></span> <span class='ocrx_word' id='word_1_613' title='bbox 1316 4853 1396 4944; x_wconf 88' lang='lat' dir='ltr'><strong>gitis</strong></span> <span class='ocrx_word' id='word_1_614' title='bbox 1420 4854 1457 4921; x_wconf 92' lang='lat' dir='ltr'><strong>in</strong></span> <span class='ocrx_word' id='word_1_615' title='bbox 1474 4851 1724 4926; x_wconf 85' lang='lat' dir='ltr'><strong>obsidionibus</strong></span> <span class='ocrx_word' id='word_1_616' title='bbox 1740 4849 1830 4918; x_wconf 86' lang='lat' dir='ltr'><strong>forte</strong></span> <span class='ocrx_word' id='word_1_617' title='bbox 1846 4849 1970 4917; x_wconf 88' lang='lat' dir='ltr'><strong>ductos</strong></span> <span class='ocrx_word' id='word_1_618' title='bbox 1985 4842 2146 4915; x_wconf 87' lang='lat' dir='ltr'><strong>homines</strong></span> <span class='ocrx_word' id='word_1_619' title='bbox 2161 4847 2227 4937; x_wconf 90' lang='lat' dir='ltr'><strong>qni</strong></span> <span class='ocrx_word' id='word_1_620' title='bbox 2246 4870 2308 4915; x_wconf 88' lang='lat' dir='ltr'><strong>ne-</strong></span> 
     </span>
     <span class='ocr_line' id='line_1_48' title="bbox 272 4947 2309 5045; baseline -0.012 -6"><span class='ocrx_word' id='word_1_621' title='bbox 272 4962 460 5039; x_wconf 80' lang='lat' dir='ltr'><strong>snccessus.</strong></span> <span class='ocrx_word' id='word_1_622' title='bbox 503 4965 554 5031; x_wconf 91' lang='lat' dir='ltr'><strong>lta</strong></span> <span class='ocrx_word' id='word_1_623' title='bbox 572 4955 776 5045; x_wconf 87' lang='lat' dir='ltr'><strong>intelligetis</strong></span> <span class='ocrx_word' id='word_1_624' title='bbox 795 4954 888 5042; x_wconf 88' lang='lat' dir='ltr'><strong>leges</strong></span> <span class='ocrx_word' id='word_1_625' title='bbox 901 4975 975 5021; x_wconf 88' lang='lat' dir='ltr'><strong>esse</strong></span> <span class='ocrx_word' id='word_1_626' title='bbox 990 4953 1056 5023; x_wconf 89' lang='lat' dir='ltr'><strong>Dei</strong></span> <span class='ocrx_word' id='word_1_627' title='bbox 1071 4977 1204 5037; x_wconf 88' lang='lat' dir='ltr'><strong>vocem,</strong></span> <span class='ocrx_word' id='word_1_628' title='bbox 1229 4967 1264 5024; x_wconf 88' lang='lat' dir='ltr'><strong>et</strong></span> <span class='ocrx_word' id='word_1_629' title='bbox 1315 4969 1498 5033; x_wconf 84' lang='lat' dir='ltr'><strong>careatur,</strong></span> <span class='ocrx_word' id='word_1_630' title='bbox 1524 4968 1565 5026; x_wconf 92' lang='lat' dir='ltr'><strong>ut</strong></span> <span class='ocrx_word' id='word_1_631' title='bbox 1585 4952 1712 5024; x_wconf 90' lang='lat' dir='ltr'><strong>caeteri</strong></span> <span class='ocrx_word' id='word_1_632' title='bbox 1733 4947 1890 5019; x_wconf 92' lang='lat' dir='ltr'><strong>humana</strong></span> <span class='ocrx_word' id='word_1_633' title='bbox 1913 4972 2016 5018; x_wconf 91' lang='lat' dir='ltr'><strong>carne</strong></span> <span class='ocrx_word' id='word_1_634' title='bbox 2031 4948 2126 5040; x_wconf 90' lang='lat' dir='ltr'><strong>pasci</strong></span> <span class='ocrx_word' id='word_1_635' title='bbox 2141 4948 2309 5038; x_wconf 79' lang='lat' dir='ltr'><strong>possent?</strong></span> 
     </span>
     <span class='ocr_line' id='line_1_49' title="bbox 269 5049 2311 5158; baseline -0.011 -17"><span class='ocrx_word' id='word_1_636' title='bbox 269 5069 368 5142; x_wconf 89' lang='lat' dir='ltr'><strong>hunc</strong></span> <span class='ocrx_word' id='word_1_637' title='bbox 407 5065 591 5158; x_wconf 89' lang='lat' dir='ltr'><strong>politicum</strong></span> <span class='ocrx_word' id='word_1_638' title='bbox 629 5061 793 5129; x_wconf 90' lang='lat' dir='ltr'><strong>ordinem</strong></span> <span class='ocrx_word' id='word_1_639' title='bbox 828 5079 846 5123; x_wconf 92' lang='lat' dir='ltr'><strong>a</strong></span> <span class='ocrx_word' id='word_1_640' title='bbox 881 5052 958 5124; x_wconf 91' lang='lat' dir='ltr'><strong>Deo</strong></span> <span class='ocrx_word' id='word_1_641' title='bbox 994 5069 1026 5123; x_wconf 93' lang='lat' dir='ltr'><strong>et</strong></span> <span class='ocrx_word' id='word_1_642' title='bbox 1061 5055 1261 5126; x_wconf 88' lang='lat' dir='ltr'><strong>institutum</strong></span> <span class='ocrx_word' id='word_1_643' title='bbox 1316 5057 1455 5127; x_wconf 83' lang='lat' dir='ltr'><strong>Accidit</strong></span> <span class='ocrx_word' id='word_1_644' title='bbox 1471 5053 1539 5127; x_wconf 94' lang='lat' dir='ltr'><strong>boc</strong></span> <span class='ocrx_word' id='word_1_645' title='bbox 1555 5081 1629 5124; x_wconf 89' lang='lat' dir='ltr'><strong>non</strong></span> <span class='ocrx_word' id='word_1_646' title='bbox 1646 5067 1783 5125; x_wconf 92' lang='lat' dir='ltr'><strong>tantum</strong></span> <span class='ocrx_word' id='word_1_647' title='bbox 1801 5049 2044 5144; x_wconf 86' lang='lat' dir='ltr'><strong>ierosolymis,</strong></span> <span class='ocrx_word' id='word_1_648' title='bbox 2069 5051 2131 5119; x_wconf 90' lang='lat' dir='ltr'><strong>sed</strong></span> <span class='ocrx_word' id='word_1_649' title='bbox 2147 5050 2255 5120; x_wconf 89' lang='lat' dir='ltr'><strong>etiam</strong></span> <span class='ocrx_word' id='word_1_650' title='bbox 2271 5051 2311 5118; x_wconf 90' lang='lat' dir='ltr'><strong>in</strong></span> 
     </span>
     <span class='ocr_line' id='line_1_50' title="bbox 270 5151 2312 5260; baseline -0.012 -15"><span class='ocrx_word' id='word_1_651' title='bbox 270 5197 362 5254; x_wconf 88' lang='lat' dir='ltr'><strong>esse,</strong></span> <span class='ocrx_word' id='word_1_652' title='bbox 390 5184 425 5239; x_wconf 89' lang='lat' dir='ltr'><strong>et</strong></span> <span class='ocrx_word' id='word_1_653' title='bbox 446 5167 565 5260; x_wconf 90' lang='lat' dir='ltr'><strong>aliqua</strong></span> <span class='ocrx_word' id='word_1_654' title='bbox 588 5189 628 5233; x_wconf 83' lang='lat' dir='ltr'><strong>ex</strong></span> <span class='ocrx_word' id='word_1_655' title='bbox 652 5175 767 5254; x_wconf 92' lang='lat' dir='ltr'><strong>parte,</strong></span> <span class='ocrx_word' id='word_1_656' title='bbox 796 5156 1014 5240; x_wconf 89' lang='lat' dir='ltr'><strong>conservari,</strong></span> <span class='ocrx_word' id='word_1_657' title='bbox 1040 5158 1263 5227; x_wconf 88' lang='lat' dir='ltr'><strong>utinsocie-</strong></span> <span class='ocrx_word' id='word_1_658' title='bbox 1316 5158 1437 5245; x_wconf 88' lang='lat' dir='ltr'><strong>Utica,</strong></span> <span class='ocrx_word' id='word_1_659' title='bbox 1470 5159 1693 5240; x_wconf 87' lang='lat' dir='ltr'><strong>inPotidea,</strong></span> <span class='ocrx_word' id='word_1_660' title='bbox 1720 5154 1856 5229; x_wconf 85' lang='lat' dir='ltr'><strong>etaliis</strong></span> <span class='ocrx_word' id='word_1_661' title='bbox 1878 5153 1999 5222; x_wconf 86' lang='lat' dir='ltr'><strong>multis</strong></span> <span class='ocrx_word' id='word_1_662' title='bbox 2020 5153 2117 5224; x_wconf 89' lang='lat' dir='ltr'><strong>locis.</strong></span> <span class='ocrx_word' id='word_1_663' title='bbox 2171 5151 2312 5221; x_wconf 87' lang='lat' dir='ltr'><strong>Mirum</strong></span> 
     </span>
     <span class='ocr_line' id='line_1_51' title="bbox 267 5251 2312 5357; baseline -0.015 -10"><span class='ocrx_word' id='word_1_664' title='bbox 267 5290 339 5350; x_wconf 89' lang='lat' dir='ltr'><strong>tate</strong></span> <span class='ocrx_word' id='word_1_665' title='bbox 355 5270 510 5342; x_wconf 90' lang='lat' dir='ltr'><strong>bumana</strong></span> <span class='ocrx_word' id='word_1_666' title='bbox 530 5270 725 5338; x_wconf 86' lang='lat' dir='ltr'><strong>innotescat</strong></span> <span class='ocrx_word' id='word_1_667' title='bbox 748 5266 842 5357; x_wconf 86' lang='lat' dir='ltr'><strong>ipse,</strong></span> <span class='ocrx_word' id='word_1_668' title='bbox 869 5273 981 5329; x_wconf 88' lang='lat' dir='ltr'><strong>ctnos</strong></span> <span class='ocrx_word' id='word_1_669' title='bbox 1004 5260 1159 5349; x_wconf 92' lang='lat' dir='ltr'><strong>copulati</strong></span> <span class='ocrx_word' id='word_1_670' title='bbox 1183 5283 1263 5328; x_wconf 86' lang='lat' dir='ltr'><strong>mn·</strong></span> <span class='ocrx_word' id='word_1_671' title='bbox 1315 5276 1366 5331; x_wconf 88' lang='lat' dir='ltr'><strong>est</strong></span> <span class='ocrx_word' id='word_1_672' title='bbox 1396 5264 1573 5353; x_wconf 88' lang='lat' dir='ltr'><strong>prolecto,</strong></span> <span class='ocrx_word' id='word_1_673' title='bbox 1605 5273 1742 5329; x_wconf 90' lang='lat' dir='ltr'><strong>tantum</strong></span> <span class='ocrx_word' id='word_1_674' title='bbox 1770 5255 2008 5325; x_wconf 89' lang='lat' dir='ltr'><strong>calamitatum</strong></span> <span class='ocrx_word' id='word_1_675' title='bbox 2033 5256 2071 5323; x_wconf 90' lang='lat' dir='ltr'><strong>in</strong></span> <span class='ocrx_word' id='word_1_676' title='bbox 2093 5251 2159 5323; x_wconf 89' lang='lat' dir='ltr'><strong>hac</strong></span> <span class='ocrx_word' id='word_1_677' title='bbox 2180 5268 2312 5325; x_wconf 78' lang='lat' dir='ltr'><strong>natura</strong></span> 
     </span>
     <span class='ocr_line' id='line_1_52' title="bbox 266 5357 2312 5458; baseline -0.012 -6"><span class='ocrx_word' id='word_1_678' title='bbox 266 5380 337 5451; x_wconf 91' lang='lat' dir='ltr'><strong>tuis</strong></span> <span class='ocrx_word' id='word_1_679' title='bbox 351 5374 487 5458; x_wconf 83' lang='lat' dir='ltr'><strong>officiis,</strong></span> <span class='ocrx_word' id='word_1_680' title='bbox 513 5371 716 5444; x_wconf 85' lang='lat' dir='ltr'><strong>testimonia</strong></span> <span class='ocrx_word' id='word_1_681' title='bbox 733 5381 877 5436; x_wconf 85' lang='lat' dir='ltr'><strong>nostrae</strong></span> <span class='ocrx_word' id='word_1_682' title='bbox 896 5361 1099 5446; x_wconf 87' lang='lat' dir='ltr'><strong>sententiae,</strong></span> <span class='ocrx_word' id='word_1_683' title='bbox 1125 5363 1168 5430; x_wconf 89' lang='lat' dir='ltr'><strong>de</strong></span> <span class='ocrx_word' id='word_1_684' title='bbox 1186 5361 1262 5431; x_wconf 87' lang='lat' dir='ltr'><strong>Deo</strong></span> <span class='ocrx_word' id='word_1_685' title='bbox 1315 5386 1407 5449; x_wconf 89' lang='lat' dir='ltr'><strong>esse,</strong></span> <span class='ocrx_word' id='word_1_686' title='bbox 1434 5390 1522 5457; x_wconf 87' lang='lat' dir='ltr'><strong>quae</strong></span> <span class='ocrx_word' id='word_1_687' title='bbox 1543 5375 1690 5454; x_wconf 91' lang='lat' dir='ltr'><strong>propter</strong></span> <span class='ocrx_word' id='word_1_688' title='bbox 1709 5357 1884 5427; x_wconf 83' lang='lat' dir='ltr'><strong>rationem</strong></span> <span class='ocrx_word' id='word_1_689' title='bbox 1905 5357 2101 5427; x_wconf 82' lang='lat' dir='ltr'><strong>divinitatis</strong></span> <span class='ocrx_word' id='word_1_690' title='bbox 2125 5358 2312 5449; x_wconf 90' lang='lat' dir='ltr'><strong>particeps,</strong></span> 
     </span>
    </p>
   </div>
   <div class='ocr_carea' id='block_1_13' title="bbox 0 0 2370 6024">
    <p class='ocr_par' dir='ltr' id='par_1_13' title="bbox 0 0 2370 6024">
     <span class='ocr_line' id='line_1_53' title="bbox 0 0 2370 6024; baseline 0 0"><span class='ocrx_word' id='word_1_691' title='bbox 0 0 2370 6024; x_wconf 95' lang='lat' dir='ltr'><strong> </strong></span> 
     </span>
    </p>
   </div>
  </div>
 </body>
</html>
