4732 6030
54 3314 57 3319 ¹
177 3324 354 3394 calumnia
383 3321 568 3391 manifeste
595 3322 682 3390 falsa
716 3337 782 3392 est:
825 3326 941 3395 sciunt
966 3326 1060 3394 enim
1088 3327 1169 3418 ipsi,

179 280 250 355 851
527 265 689 342 DECL·
724 265 796 339 DE
830 266 1028 341 DlCTO:
1070 268 1309 347 PROBET
1343 279 1761 372 UNUSQUISQUE
1787 302 1871 359 nuc.
2148 286 2228 362 852

184 450 305 519 aticiae
328 445 567 517 Ecclesiarum
590 454 624 510 et
645 439 900 525 imbecillitati,
939 464 1030 534 quae
1051 464 1177 533 magna
1230 448 1427 520 subtilitate
1462 454 1653 522 verborum
1689 467 1723 523 et
1757 456 1955 546 praestigiis
1989 459 2244 530 calumniato-'

188 565 258 632 est,
285 550 380 619 etin
403 546 508 617 bonis
532 542 733 627 mentibus,
757 542 874 634 parci,
906 555 941 613 el
959 543 1040 613 ideo
1063 568 1177 637 quan-
1229 573 1308 618 rnm
1333 553 1478 639 turbor,
1501 558 1560 623 sed
1580 578 1736 645 provoco
1757 560 1802 627 ad
1826 572 1919 627 recta
1940 571 1975 627 et
1996 559 2149 630 candida
2171 562 2234 632 iu-

187 668 264 725 tum
278 651 356 721 fieri
369 648 479 741 possit
493 671 513 716 a
528 669 602 717 non
618 644 1178 717 necessariismutationibusabs-
1228 652 1341 737 dicia,
1367 678 1458 748 quae
1480 670 1551 726 tam
1580 660 1688 727 duras
1713 660 1906 730 sententias
1928 662 1972 729 de
1997 657 2063 732 hac
2084 685 2123 731 re
2149 687 2229 734 „011

188 753 314 836 tineri,
348 764 467 821 tamen
490 749 553 818 ubi
577 745 764 841 Principes
786 747 830 816 ad
857 748 1051 818 tollendam
1072 750 1177 818 dissi·
1228 755 1354 827 ferent.

187 853 428 927 militudinem
450 852 584 921 rituum
607 849 942 939 ecclesiasticorum,
968 850 1089 942 quiin
1110 852 1177 920 ali-

89 978 94 1001 ¹
188 955 318 1051 quibus
332 951 501 1024 Ecclesiis
522 950 733 1036 intermissi,
764 951 803 1018 in
826 951 906 1020 aliis
930 953 1177 1039 observantur,

188 1074 224 1131 et
240 1059 286 1128 ad
303 1056 530 1147 disciplinam
546 1053 824 1138 restituendam,
849 1056 1021 1146 quaedam
1037 1055 1175 1125 decreta

189 1160 421 1254 proponenda
444 1160 640 1240 duxerunt,
668 1168 861 1248 quaesunt
885 1155 963 1224 sine
985 1156 1176 1247 impietate,

186 1263 341 1332 fatemur
355 1284 421 1329 nos
438 1262 604 1339 suadere,
629 1281 674 1326 ne
694 1270 840 1347 propter
861 1280 900 1326 ea
919 1253 1098 1327 Ecclesiae
1112 1260 1176 1327 de-

186 1376 361 1437 scrantur.
412 1359 655 1430 Intelleximus
683 1359 816 1427 alicubi
845 1358 884 1426 in
907 1356 1036 1428 Suevia
1065 1372 1102 1429 et
1130 1363 1175 1430 ad

1331 888 1514 962 Praeterea
1544 917 1626 962 cum
1650 894 1798 964 omnino
1824 897 1944 965 deceat
1967 900 2131 969 ordinem
2159 903 2230 971 ali-

1229 1016 1333 1084 quem
1351 1016 1425 1062 esse
1441 990 1625 1064 Feriarum
1639 1008 1673 1063 et
1688 994 1899 1067 Lectionum
1925 999 1964 1067 in
1988 1003 2150 1093 templis,
2186 1022 2226 1076 ut

1227 1092 1363 1163 Natalis
1387 1090 1543 1181 Christi,
1573 1092 1748 1183 Pascatis,
1775 1095 2025 1188 Ascensionis,
2051 1103 2223 1177 Penteco-

1228 1208 1309 1280 stes,
1335 1220 1399 1266 cur
1413 1221 1487 1265 non
1502 1198 1695 1268 fateremur
1710 1223 1775 1269 nos
1792 1201 1946 1273 libenter
1960 1206 2115 1276 retinere
2132 1224 2222 1277 tem-

1227 1321 1326 1390 pora,
1354 1323 1506 1391 quorum
1521 1300 1640 1393 aliqua
1648 1300 1744 1372 Deus
1759 1302 1834 1393 ipse
1849 1304 1997 1377 retinuit
2010 1308 2093 1379 inde
2110 1336 2225 1404 usque

186 1458 356 1537 Rhenum
380 1464 419 1532 in
447 1462 588 1553 templis
616 1481 761 1551 prorsus
791 1460 1019 1530 solitudinem
1048 1462 1175 1531 factam
1228 1397 1586 1489 aprumpmhate?
1611 1400 1774 1496 cumque
1793 1400 1922 1476 h⁰¹¹¹¹¹¹
1939 1422 2140 1501 t‘²¹¹¹P0r11ffi
2158 1416 2225 1482 ⁰b·

88 1646 92 1655 ,
186 1589 278 1649 esse,
310 1565 446 1635 nullam
471 1563 589 1633 audiri
611 1584 733 1629 vocem
755 1562 957 1648 doctrinae,
994 1563 1117 1633 multis
1137 1564 1175 1631 in
1227 1500 1931 1680 mgis?:ietfflfflffiissspffllcqnilff
1947 1535 2020 1580 ⁰⁰¹¹
2042 1530 2077 1585 ‘l
2102 1517 2149 1583 ‘l‘
2173 1540 2223 1584 ⁸¹·

137 1728 142 1737 .
183 1668 273 1739 locis
288 1668 352 1737 diu
368 1690 441 1736 non
461 1664 743 1734 administratam
762 1686 838 1733 esse
854 1686 999 1732 coenam
1015 1661 1174 1739 Domini.
1902 1664 1910 1677 ·

184 1766 282 1839 Haec
298 1768 456 1837 accidere
470 1766 664 1850 nollemus,
695 1778 728 1834 et
749 1789 830 1834 vere
852 1766 1071 1851 iudicamus,
1103 1765 1174 1836 Ne-
1327 1756 1424 1829 Dum
1444 1759 1718 1829 sundamesslum
1738 1762 1881 1855 Ulrlque
1903 1779 2079 1846 tenemus,
2119 1774 2218 1861 quod

186 1871 334 1940 cessaria
352 1870 578 1938 anteferenda
594 1889 667 1935 esse
682 1890 756 1934 non
771 1867 990 1951 necessariis,
1016 1868 1173 1937 retinen·
1227 1874 1279 1929 est
1293 1855 1476 1946 Christus,
1502 1875 1536 1931 et
1554 1862 1697 1952 utrique
1712 1886 1835 1933 sumus
1859 1867 1978 1935 eadem
1994 1861 2127 1940 Christi
2142 1867 2215 1939 Ec-

184 1973 266 2042 dam
289 1994 363 2041 esse
386 1994 505 2039 vocem
527 1965 732 2057 Evangelii,
757 1964 936 2037 Ecclesiae
958 1992 1174 2060 congressus,
1226 1962 1351 2046 clesia,
1379 1965 1606 2032 concordiam
1626 1988 1690 2032 nos
1705 1966 1875 2059 utrinque
1895 1970 1985 2038 tueri
2008 1970 2105 2059 pium
2129 1987 2215 2042 erat.

183 2072 492 2143 Sacramentorum
519 2093 643 2153 usum,
676 2070 780 2139 etiam
811 2069 842 2137 si
872 2095 940 2162 qua
975 2070 1173 2160 imponitur
1225 2058 1279 2131 Ac
1300 2078 1339 2134 ut
1366 2089 1431 2134 nos
1455 2065 1655 2135 libertatem
1678 2065 1728 2135 eis
1751 2069 1989 2158 gratulamur,
2014 2073 2063 2141 ita
2077 2073 2144 2162 ipsi
2163 2077 2218 2141 vi-

182 2175 324 2265 corpori
346 2174 506 2242 servitus.
558 2169 670 2240 Dulce
693 2183 745 2239 est
768 2195 898 2239 nomen
922 2172 1112 2256 libertatis,
1140 2187 1173 2243 et
1225 2163 1342 2233 tlstlm
1368 2167 1571 2237 setvllulem
1605 2181 1782 2253 1¹⁰⁸lf³¹¹¹‚
1815 2196 1921 2263 quam
1952 2189 2100 2260 V0⁶²¹¹¹ls
2133 2179 2218 2245 b⁰¹¹l

182 2269 346 2345 homines
368 2274 538 2368 inquieti,
576 2297 656 2341 cum
681 2272 864 2361 religionis
887 2285 1067 2363 praetextu
1095 2298 1171 2343 eam
1225 2269 1409 2338 consulere
1445 2271 1633 2343 debebant·
1698 2268 1769 2340 Nec
1802 2288 1945 2364 propter
1976 2276 2072 2345 leves
2097 2302 2219 2347 causas

182 2377 398 2461 defendunt,
437 2370 681 2444 vehementius
712 2387 856 2443 movent
880 2368 1067 2446 hominum
1094 2376 1172 2445 ani.
1225 2370 1307 2438 odia
1325 2373 1547 2440 accendenda
1565 2386 1684 2457 erant,
1709 2385 1744 2441 et
1758 2374 1940 2446 faciendae
1959 2378 2216 2465 distractiones,

182 2502 271 2548 mos.
327 2475 450 2570 ltaque
464 2500 538 2546 non
555 2476 684 2544 mirum
701 2489 752 2545 est
774 2477 878 2546 nobis
904 2477 1009 2546 irasci
1031 2478 1173 2563 multos,
1224 2473 1428 2560 praesertim
1444 2473 1627 2542 cumaliue
1643 2488 1776 2546 restent
1791 2481 2051 2549 controversiae
2073 2485 2212 2571 gravio-

182 2602 223 2649 ρο
249 2580 345 2674 quod
371 2580 572 2649 libertatem
606 2600 680 2646 non
716 2579 826 2667 magis
864 2577 969 2647 etiam
1004 2580 1171 2653 laxamus,
1223 2596 1298 2658 res,
1339 2587 1484 2667 propter
1517 2598 1604 2670 quas
1637 2600 1693 2644 res
1727 2580 1878 2648 maxime
1913 2584 2107 2672 prodesset,
2146 2609 2213 2655 nos

182 2678 290 2770 Quod
313 2684 362 2768 ita
386 2681 542 2751 obtineri
567 2679 721 2770 potuisse
745 2680 864 2764 aiunt,
893 2680 922 2747 si
944 2678 1172 2772 Principibus
1223 2698 1329 2767 quam
1362 2677 1669 2747 coniunctissimos
1696 2703 1788 2765 esse,
1818 2708 1864 2751 ne
1888 2685 1982 2754 odiis
2003 2702 2064 2757 ant
2087 2688 2214 2757 studiis

179 2798 311 2854 metum
337 2784 554 2854 seditionum
577 2780 709 2852 nostris
734 2782 951 2852 clamoribus
981 2795 1015 2852 et
1045 2784 1169 2875 populi
1222 2776 1433 2863 facll⁰n1¹ffl2
1466 2793 1507 2849 ¹¹1
1530 2803 1631 2869 8ὃθΡθ
1654 2782 1799 2867 accidit,
1839 2802 2122 2876 ‘Orrumpssssltlss
2176 2786 2213 2857 0

179 2908 352 2956 consensu
370 2886 621 2957 incuteremus.
1221 2902 1295 2946 rem
1309 2881 1474 2949 miseram
1492 2897 1526 2953 et
1538 2882 1813 2972 deplorandam!
1868 2888 2015 2976 Quoties
2030 2890 2066 2957 in
2083 2885 2209 2957 Eccle-

1222 2980 1272 3049 sia
1305 2983 1506 3052 voluntates
1539 2978 1725 3054 hominum
1756 2986 1943 3059 levissimis
1968 2991 2209 3061 occasionibus

1220 3082 1406 3154 distractae
1421 3098 1522 3171 sunt,
1549 3100 1667 3177 postea
1684 3087 1877 3160 factionum
1898 3094 2015 3163 studia
2036 3109 2070 3164 et
2090 3118 2210 3162 sternu-

1220 3183 1369 3257 lationes
1391 3188 1622 3258 mutationem
1647 3190 1849 3277 dogmatum
1876 3211 2104 3284 pepererunt.
2159 3194 2211 3266 lta

1219 3280 1346 3357 Arium
1365 3290 1469 3358 dolor
1485 3292 1645 3383 repulsae
1668 3292 1844 3375 accendit,
1869 3307 1910 3360 ut
1929 3310 2002 3363 tam
2020 3299 2121 3368 triste
2136 3299 2211 3371 bel-

1218 3388 1294 3456 lum
1308 3404 1478 3460 moveret.

279 3020 353 3090 Nos
376 3044 461 3090 veto
484 3044 600 3113 neque
621 3019 837 3090 factionibus
861 3032 1013 3106 certare,
1054 3044 1169 3115 neque

179 3121 400 3190 inflammare
423 3121 523 3208 vulgi
542 3122 681 3191 animos
704 3136 827 3192 contra
842 3120 1042 3212 Principes,
1065 3125 1169 3193 volu-

176 3245 272 3293 mus:
313 3245 397 3291 nam
423 3222 518 3312 quod
542 3222 660 3305 aiunt,
699 3247 764 3292 nos
786 3224 1021 3295 assentatione
1042 3239 1168 3305 tacere,

176 3448 242 3496 nos
260 3426 298 3494 in
312 3427 417 3496 rebus
431 3423 635 3493 necessariis
652 3446 827 3516 nusquam
845 3426 890 3492 de
904 3427 1076 3495 sententia
1094 3450 1167 3495 ces-

174 3527 270 3600 sisse.
337 3526 495 3597 Labores
521 3541 555 3596 et
577 3526 734 3616 pericula
757 3542 878 3598 nostra
900 3527 1042 3611 vident,
1086 3552 1166 3599 cum
1320 3522 1481 3595 Primum
1498 3540 1614 3597 autem
1628 3550 1691 3596 oro
1709 3525 1824 3595 filium
1841 3523 1909 3596 Dei
1924 3524 2123 3601 Dominum
2141 3560 2208 3604 no-

116 3656 119 3661 ·
176 3630 322 3724 quidem
337 3629 406 3720 ipsi
424 3629 501 3697 sine
517 3629 591 3697 ullo
610 3628 766 3717 periculo
788 3628 882 3699 inter
904 3629 1092 3719 applausus
1111 3630 1165 3699 sui
1217 3624 1460 3713 strumlesum
1476 3624 1677 3714 Christum,
1702 3642 1741 3697 ut
1765 3627 1840 3719 ipse
1861 3625 1946 3700 haec
1967 3634 2114 3705 vulnera
2133 3634 2207 3705 Ec-

173 3726 302 3802 theatri
317 3731 574 3815 vociferentur,
593 3742 733 3801 tantum
759 3732 803 3799 de
824 3732 931 3801 rebus
952 3756 1025 3799 non
1045 3756 1166 3801 neces-
1218 3727 1405 3799 clesiarum
1419 3744 1536 3811 sanet,
1563 3744 1597 3800 et
1612 3731 1729 3800 flectat
1745 3743 1883 3801 nostras
1895 3746 2027 3803 mentes
2048 3738 2091 3802 ad
2114 3761 2202 3803 con-

174 3834 286 3918 sariis,
309 3837 354 3904 de
370 3834 502 3927 quibus
517 3846 634 3901 tamen
652 3857 749 3902 nunc
763 3828 942 3924 sophisma
958 3835 1166 3923 excogitant,
1217 3831 1388 3917 cordiam,
1413 3832 1542 3901 deinde
1559 3833 1641 3901 illos
1659 3834 1753 3924 ipsos
1767 3848 1900 3903 veteres
1916 3835 2044 3905 amicos
2059 3850 2199 3905 nostros

172 3935 369 4006 necessario
398 3935 502 4004 vitari
524 3934 655 4004 lineam
686 3949 837 4020 vestem,
877 3936 960 4029 quia
994 3936 1165 4026 significet
1216 3932 1375 4003 obtestor
1388 3947 1531 4023 propter
1554 3934 1665 4004 lilium
1682 3931 1770 4019 Dei,
1793 3949 1833 4005 ut
1854 3937 1960 4005 nobis
1987 3951 2020 4007 et
2036 3934 2202 4007 Ecclesiis

170 4039 281 4127 recipi
298 4052 432 4109 veteres
447 4060 594 4111 errores.
628 4032 678 4108 At
694 4051 785 4108 extat
801 4053 923 4108 nostra
943 4062 1010 4107 vox
1028 4053 1061 4109 et
1078 4064 1163 4108 con·
1216 4035 1347 4103 nostris
1362 4049 1524 4127 parcant,
1545 4061 1624 4106 cum
1648 4036 1785 4130 alioqui
1805 4059 1933 4126 magno
1957 4037 1995 4106 in
2019 4038 2143 4110 dolore
2168 4052 2206 4108 et

169 4139 275 4212 fessio
291 4144 335 4211 de
350 4139 501 4230 singulis
516 4139 686 4211 articulis.
1214 4135 1311 4206 luctu
1331 4137 1459 4222 simus,
1484 4161 1588 4232 quem
1605 4138 1715 4208 levari
1730 4139 1884 4209 aliorum
1899 4139 2147 4212 benevolentia
2170 4154 2206 4209 et

272 4274 630 4351 C⁰n⁰l⁰11⁰⁸l³lrlltt⁸
653 4275 719 4365 ipsi
742 4276 902 4367 quotidie
920 4275 1161 4345 testimonium
1215 4238 1458 4310 ⁰⁰⁰⁸⁰l³ll⁰¹¹⁸
1472 4242 1668 4332 ⁰P⁰¹¹²h²¹l⁴

171 4379 257 4447 dant
274 4375 490 4444 confessioni
507 4388 666 4443 nostrae:
693 4377 782 4445 falso
806 4377 916 4465 igitur
939 4375 1064 4446 dicunt
1085 4401 1160 4446 eam
1314 4373 1389 4444 Nos
1408 4376 1570 4468 quidem,
1596 4376 1679 4470 quia
1694 4376 1803 4447 totius
1816 4377 1933 4449 nostri
1947 4378 2086 4448 consilii
2104 4400 2205 4447 sum-

168 4493 264 4551 veste
280 4477 342 4547 illa
359 4476 509 4549 involvi.
1212 4498 1269 4544 ma
1286 4471 1372 4547 haec
1387 4477 1476 4564 fuit,
1500 4502 1547 4547 ne
1570 4480 1815 4548 desererentur
1830 4474 2027 4566 Ecclesiae,
2048 4479 2119 4549 nisi
2138 4503 2205 4548 ne-

270 4596 387 4687 Quam
403 4609 681 4687 magnosmogug
697 4591 753 4664 his
775 4595 861 4685 ipsis
879 4595 1000 4676 annis,
1035 4611 1074 4667 ug
1100 4622 1160 4667 ve,
1212 4579 1380 4648 cessariae
1395 4604 1519 4649 causae
1535 4582 1667 4664 essent,
1692 4580 1907 4651 conscientia
1930 4581 2009 4672 piae
2034 4581 2204 4651 volunta-

167 4712 241 4769 tera
257 4701 415 4793 exemplo
438 4700 622 4784 omittam,
644 4700 811 4769 'videmus
833 4714 930 4770 ortos
956 4722 1030 4770 esse
1053 4721 1158 4789 argu·
1202 4678 1258 4791 ¹5⁸
1276 4696 1611 4765 ¹¹⁰⁸³l¹⁸lessl³¹¹¹⁰⁸2
1646 4704 1686 4749 ²¹⁶
1708 4705 1754 4751 ¹¹⁰
1776 4706 1872 4752 ”⁰¹¹⁰
1895 4683 2041 4775 quidem
2062 4705 2203 4776 P⁰⁸⁸²¹¹¹

167 4803 296 4872 menn,
311 4804 420 4872 ,gmffi
439 4801 631 4877 calliditate
645 4802 783 4872 fucatis,
1210 4781 1308 4852 aliud
1325 4784 1514 4854 consilium
1533 4785 1617 4853 dare
1634 4779 1707 4868 his,
1739 4785 1802 4879 qui
1818 4784 1904 4855 alibi
1919 4784 2071 4855 similem
2087 4785 2202 4856 servi-

266 4914 343 5008 Ego
366 4921 519 5011 ingenue
540 4922 670 5002 fateor,
704 4919 767 4990 etsi
793 4920 964 5010 optarim,
1000 4935 1157 4993 utante-
1210 4896 1318 4954 mmm
1335 4885 1524 4958 ⁸⁰⁸ll¹¹⁸¹¹l·

163 5022 260 5107 dixi,
284 5021 382 5090 nulla
398 5046 436 5089 re
449 5045 593 5113 prorsus
608 5022 744 5092 turbari
760 5018 954 5105 Ecclesia,
985 5036 1101 5093 tamen
1125 5026 1155 5095 si
1307 5018 1381 5091 Nec
1397 5033 1488 5090 errat
1504 5019 1719 5092 conscientia
1741 5022 1942 5111 praeferens
1964 5022 2201 5093 necessariam

162 5121 248 5197 haec
260 5136 342 5194 vota
359 5124 460 5192 irrita
478 5138 577 5208 sunt,
602 5125 711 5192 mein
728 5117 794 5193 hae
809 5124 982 5194 sententia
997 5148 1154 5207 manere,
1205 5123 1508 5192 conservationem
1525 5121 1713 5192 ministerii
1728 5117 1955 5213 Evangelici,
1978 5148 2051 5192 non
2074 5148 2204 5196 neces-

160 5220 227 5299 ltac
243 5227 345 5322 quasi
360 5224 548 5309 servitute,
573 5227 709 5295 etiamsi
727 5227 875 5296 molesta
892 5241 926 5295 et
948 5227 1072 5296 odiosa
1097 5250 1152 5296 es-
1204 5225 1317 5295 sariae
1330 5225 1443 5314 fugae.
1494 5221 1541 5296 Et
1556 5225 1759 5315 saepissime
1777 5221 1944 5316 prohibet
1959 5221 2200 5317 Evangelium

160 5343 232 5415 set,
258 5355 349 5425 quae
369 5330 464 5423 apud
488 5327 570 5396 illos
591 5327 764 5397 libertatis
788 5328 989 5399 defensores
1010 5328 1151 5422 vitupe-
1173 5349 1178 5421 t
1203 5327 1296 5396 rixas
1312 5329 1357 5396 de
1370 5327 1478 5413 cibis,
1504 5328 1651 5410 vestitu,
1677 5341 1712 5396 et
1732 5326 1910 5397 similibus
1936 5330 2061 5409 rebus,
2087 5330 2119 5398 si
2143 5344 2200 5402 ta-

99 5466 106 5481 =
158 5444 273 5503 ratur:
305 5449 422 5505 tamen
455 5454 529 5501 non
557 5428 672 5523 pollui
700 5431 953 5517 conscientias,
987 5454 1052 5503 nec
1083 5433 1148 5505 ista
1170 5428 1176 5511 l
1201 5452 1284 5497 men
1299 5454 1368 5499 vox
1384 5431 1568 5501 doctrinae
1585 5442 1726 5499 maneat
1741 5428 1961 5519 incorrupta.
