4732 6030
179 250 315 330 πον
505 325 510 335 ,
723 196 1678 323 onenouuncduronnoromsn
2141 248 2218 321 eos

283 421 431 512 Quoties
454 433 557 512 putas
579 421 725 506 accidit,
749 421 955 513 praesertim
978 421 1016 489 in
1041 420 1084 489 iis
1104 443 1170 490 no·
1225 415 1367 490 Etcum
1384 414 1478 489 nihil
1495 420 1540 489 sit
1556 418 1698 504 melius,
1725 435 1785 491 ant
1801 415 1996 501 honestius,
2021 434 2079 489 ant
2097 420 2214 509 splen·

182 527 263 599 stris
286 525 464 606 moribus,
488 537 529 593 ut
550 537 713 611 aegrotus
736 537 903 616 tanquam
922 547 986 593 suo
1003 547 1038 592 se
1053 522 1171 612 gladio
1225 521 1361 614 didius,
1397 544 1502 616 quam
1533 521 1639 590 vitam
1667 545 1805 609 servare
1828 546 1867 590 ac
1891 522 2001 607 tueri,
2035 522 2212 614 praeclare

183 628 331 718 iugulet,
355 650 434 695 curn
452 626 621 694 detrectat
632 623 775 693 Medico
791 648 934 716 parere,
960 649 1040 694 eum
1055 624 1171 693 noxiis
1224 622 1372 709 faciunt,
1395 625 1456 716 qui
1474 623 1560 692 artis
1576 618 1683 692 huius
1696 623 1831 694 fructus
1847 623 1925 691 aliis
1941 623 2122 714 impartire
2137 634 2211 691 stu-

182 728 436 821 cupiditatibus
474 725 688 795 alienissimo
720 740 879 814 tempore
908 725 1049 796 frenum
1077 726 1170 795 laxat
1223 727 1327 810 dent,
1350 739 1548 819 atqueeam
1567 726 1767 793 obcausam
1785 719 1873 793 mihi
1890 722 2067 793 Homerus
2084 724 2211 794 dixisse

181 847 214 901 et
230 827 470 901 obsecundat?
518 823 585 899 Est
599 840 716 896 autem
733 827 1018 917 indignissimum
1035 827 1171 896 alienae
1221 827 1379 912 videtur,
1414 826 1596 898 Medicum
1625 825 1741 896 virum
1770 825 1890 894 multis
1920 823 1999 896 aliis
2021 838 2209 916 praestare.

181 933 304 1024 culpae
333 929 516 999 Medicum
551 952 650 998 reum
676 951 786 1018 agere.
845 925 1013 999 Attamen
1042 928 1088 998 ita
1121 929 1170 1012 fit,
1222 926 1310 996 Nam
1334 953 1414 997 cerm
1436 929 1687 1011 arbitraretur,
1715 922 1852 996 homini
1872 927 2116 1016 dignissimum
2137 950 2209 995 esse

179 1049 221 1102 ut
243 1032 410 1126 quicquid
431 1031 580 1121 peccarit
598 1045 778 1116 aegrotus,
805 1029 947 1099 Medico
964 1032 1168 1121 imputetur.
1221 1031 1311 1098 bene
1332 1030 1459 1100 mereri
1477 1032 1520 1099 de
1539 1029 1637 1114 aliis,
1662 1043 1779 1098 tamen
1797 1030 1900 1098 illum
1918 1029 2064 1098 eximiae
2080 1028 2206 1096 mereri

179 1134 251 1206 Sed
276 1135 360 1202 nolo
381 1131 593 1201 commorari
610 1131 647 1199 in
663 1133 833 1202 diluendo
850 1127 916 1200 boc
932 1132 1169 1201 convitiorum
1221 1132 1409 1211 sentiebat,
1436 1156 1475 1200 ac
1496 1131 1763 1222 praeferendum
1790 1154 1863 1199 esse
1888 1130 2033 1223 reliquis
2049 1130 2209 1199 mortali·

178 1259 328 1325 genere,
360 1258 554 1326 quaecum
585 1232 668 1302 vino
698 1236 858 1318 madent,
891 1235 982 1302 bene
1002 1235 1095 1325 poti,
1129 1234 1168 1301 in
1220 1235 1304 1311 bus,
1337 1222 1400 1326 qui
1430 1232 1535 1301 vitam
1566 1255 1705 1300 servare
1728 1232 1872 1316 soleret,
1904 1245 1966 1302 ant
1988 1245 2080 1301 certe
2106 1231 2144 1299 in
2169 1255 2208 1299 re

179 1337 345 1407 convitiis
364 1335 506 1406 barbari
529 1333 673 1427 quidam
694 1334 731 1403 in
746 1334 965 1405 Medicinam
988 1348 1167 1407 evomunt.
1219 1347 1313 1403 tanta
1331 1358 1474 1426 operam
1495 1345 1656 1405 sumeret.
1708 1328 1771 1403 Est
1786 1333 1881 1401 enim
1899 1332 1938 1400 in
1956 1333 2091 1422 magnis
2105 1356 2207 1423 saepe

180 1437 271 1509 Nam
296 1454 330 1508 et
351 1437 404 1504 illi
429 1437 495 1526 ipsi
520 1431 604 1505 haec
629 1451 830 1521 recantant,
854 1437 961 1526 paulo
981 1450 1078 1526 post,
1102 1436 1167 1506 ubi
1219 1437 1322 1506 etiam
1341 1436 1512 1518 voluisse,
1538 1434 1726 1503 laudabile.

180 1539 322 1629 crapula
352 1537 592 1608 contraxerint
615 1538 674 1606 alii
698 1540 784 1607 alias
805 1551 930 1631 pestes.
984 1535 1032 1608 Et
1053 1563 1177 1630 quan-¹
1318 1536 1441 1631 Neque
1465 1535 1530 1605 nlli
1551 1536 1616 1605 arti
1641 1535 1801 1605 omnium
1823 1536 2020 1605 seculorum
2038 1536 2207 1603 memoria

180 1666 285 1733 qnam
308 1664 385 1708 sero
409 1641 501 1708 malo
526 1639 653 1719 coacti,
678 1641 833 1709 fatentur
853 1641 889 1708 id
912 1642 1008 1733 quod
1030 1664 1085 1709 res·
1104 1652 1166 1723 est,
1218 1638 1389 1731 ampliora
1421 1638 1573 1729 praemia
1597 1639 1715 1711 fuere:
1751 1637 1813 1729 qui
1835 1636 1993 1726 gentium
2017 1660 2207 1705 consensus

114 1815 116 1819 ,
181 1742 314 1833 optime
329 1745 373 1810 de
390 1764 516 1831 genere
531 1735 689 1809 humano
707 1737 797 1811 banc
813 1755 923 1811 artem
939 1741 1079 1814 mereri.
1218 1741 1322 1808 fidem
1344 1741 1456 1809 iacere
1477 1752 1631 1828 poterat,
1657 1733 1750 1808 banc
1770 1755 1879 1809 artem
1897 1752 1930 1807 et
1947 1737 2098 1806 maxime
2112 1737 2207 1805 salu·

280 1841 403 1936 Neque
420 1866 502 1910 vero
522 1841 673 1911 utilitate
690 1856 826 1913 tanturn
844 1842 1009 1910 ducimur
1024 1842 1066 1909 ad
1084 1839 1167 1909 Me·
1218 1853 1328 1909 tarem
1349 1836 1582 1921 hominibus,
1614 1854 1646 1909 et
1668 1836 1950 1908 honestissimam
1976 1863 2113 1930 semper
2135 1860 2208 1907 esse

177 1944 317 2015 dicinae
339 1944 600 2032 cognoscendae
621 1943 799 2025 studium,
824 1944 884 2010 sed
907 1966 948 2010 ex
970 1941 1167 2031 ipsanatu·
1218 1941 1421 2015 indicatam.
1479 1939 1569 2010 Nam
1599 1954 1632 2010 et
1660 1939 1817 2021 Romani
1848 1965 1927 2010 cum
1960 1937 2105 2010 Graecis
2136 1953 2206 2009 tota

176 2069 238 2115 rae
261 2042 578 2134 contemplatione,
617 2043 655 2110 in
678 2067 747 2135 qua
771 2055 930 2113 versatur
951 2056 1025 2112 tota
1048 2041 1166 2111 Medi·
1216 2043 1320 2112 ltalia
1342 2042 1621 2123 interdixerunt,
1654 2044 1781 2112 diserte
1804 2040 1964 2111 Medicos
1986 2057 2208 2132 exceperunt,

176 2148 278 2226 cina,
306 2144 549 2213 incredibilem
567 2144 802 2234 voluptatem,
828 2169 972 2236 earnque
990 2140 1166 2213 honestis·
1217 2144 1309 2213 etin
1332 2143 1432 2215 ltalia
1453 2143 1656 2214 retinendos
1679 2168 1751 2229 esse
1774 2144 1935 2235 publicae
1958 2143 2081 2212 salutis
2103 2167 2206 2212 cansa

176 2249 303 2317 simam
326 2246 464 2314 animus
482 2247 570 2312 bene
587 2245 851 2337 liberaliterque
866 2245 1047 2315 institutus
1063 2244 1166 2337 capit.
1217 2246 1411 2316 drrxerunt:
1439 2244 1518 2334 Qua
1536 2247 1572 2314 in
1588 2271 1626 2316 re
1640 2270 1817 2318 summum
1833 2241 2005 2316 honorem
2019 2246 2086 2316 arti
2103 2241 2205 2314 habi-

177 2348 284 2436 Quod
303 2347 396 2416 enim
413 2346 669 2437 spectaculum,
695 2347 758 2438 qui
773 2347 847 2416 ludi
866 2346 975 2435 magis
992 2347 1165 2416 delectare
1215 2363 1290 2418 tum
1308 2371 1381 2416 esse
1399 2347 1555 2439 cernitis.

176 2472 243 2518 nos
268 2461 431 2537 possunt,
466 2470 570 2539 qnam
597 2462 741 2517 naturae
766 2450 933 2533 varietas,
967 2449 994 2517 si
1019 2449 1165 2540 propius
1318 2448 1437 2537 Quare
1469 2472 1529 2517 vos
1560 2443 1749 2530 adhortor,
1790 2448 1915 2538 optimi
1943 2445 2206 2534 Adolescentes,

175 2550 371 2620 intuearis?
421 2547 542 2641 Neque
571 2561 708 2618 tanturn
734 2549 772 2617 in
799 2549 935 2638 magnis
955 2550 1165 2641 corporibus
1216 2547 1390 2639 primum,
1416 2563 1454 2619 ut
1471 2549 1595 2618 ametis
1611 2563 1645 2619 et
1662 2549 1825 2636 religiose
1840 2549 1963 2617 colatis
1978 2549 2205 2634 Medicinam,

176 2666 407 2735 structuram,
441 2651 604 2719 ordinem
635 2674 675 2719 ac
707 2651 800 2719 vires
826 2652 979 2742 partium
1003 2651 1163 2720 omniurn
1215 2666 1249 2721 et
1264 2651 1347 2744 quia
1362 2650 1556 2721 valetudini
1573 2663 1706 2720 vestrae
1722 2651 1921 2747 prospicere
1935 2653 2043 2738 solet,
2069 2667 2104 2723 et
2121 2651 2204 2745 quia

175 2767 329 2845 spectare
345 2753 462 2832 ineat,
484 2754 544 2820 sed
561 2751 817 2822 minutissimae
831 2775 885 2821 res
901 2752 959 2820 vel
973 2753 1163 2822 maximam
1215 2753 1347 2823 divinis
1362 2753 1527 2830 laudibus
1542 2753 1581 2820 in
1596 2752 1703 2822 sacris
1718 2752 1831 2823 literis
1845 2765 1970 2821 ornata
1988 2768 2056 2839 est,
2081 2754 2205 2822 nobis-

174 2855 445 2925 admisationem
469 2853 631 2941 pariunt,
657 2876 737 2918 enm
762 2853 1004 2921 animadverto
1026 2853 1162 2920 nullam
1215 2877 1283 2946 qne
1305 2855 1564 2936 commendata3
1599 2854 1745 2936 deinde,
1786 2868 1826 2924 ut
1853 2867 2025 2945 quantum
2054 2856 2204 2947 quisque

174 2981 247 3026 esse
277 2955 387 3026 totins
411 2965 560 3019 naturae
587 2963 739 3036 partem,
774 2968 844 3017 tam
870 2945 1060 3033 humilem,
1091 2965 1161 3021 tam
1203 2968 1328 3046 'potest
1357 2956 1394 3024 in
1425 2980 1464 3024 ea
1494 2977 1620 3046 operae
1649 2966 1768 3044 ponat.
1821 2952 2007 3046 Siquidem
2033 2980 2106 3024 non
2133 2955 2201 3024 alia

173 3069 435 3144 contemptam,
475 3072 565 3142 quae
593 3071 668 3115 non
697 3073 859 3138 magnam
883 3050 960 3116 *vim
996 3053 1161 3121 medendi
1215 3080 1288 3140 res,
1316 3080 1422 3149 quam
1443 3068 1590 3124 naturae
1612 3054 1859 3145 pervestigatio
1878 3079 1967 3147 quae
1983 3057 2130 3126 liberale
2146 3058 2203 3126 in-

172 3156 315 3227 babeat.
367 3148 416 3221 Et
437 3173 510 3217 non
527 3150 633 3217 modo
649 3149 686 3216 in
706 3151 819 3218 malva
835 3162 871 3219 et
886 3145 1079 3240 asphodelo
1096 3149 1162 3248 (si-
1214 3156 1376 3245 genium,
1401 3170 1461 3227 aut
1482 3157 1593 3246 magis
1611 3158 1727 3238 decet,
1754 3171 1813 3228 aut
1830 3156 2003 3247 ampliore
2020 3156 2202 3250 voluptate

172 3272 235 3327 cut
251 3253 427 3325 Hesiodus
449 3247 572 3341 dixit),
601 3251 663 3318 sed
686 3251 724 3318 in
744 3264 896 3320 stercore
918 3253 1024 3323 etiam
1041 3254 1162 3339 suillo,
1213 3259 1424 3347 perfundere
1445 3270 1568 3350 potest.
1617 3254 1701 3327 Non
1720 3256 1818 3328 aurei
1838 3272 1993 3346 montes,
2019 3261 2081 3353 qui
2098 3261 2202 3329 insa.

171 3371 235 3428 atrt
259 3358 287 3424 si
309 3353 395 3448 quid
420 3347 488 3420 boc
503 3349 609 3420 vilius
623 3366 692 3432 est,
716 3374 861 3442 magnas
875 3353 989 3423 inesse
1003 3378 1161 3424 commo-
1213 3360 1307 3427 bulis
1322 3382 1395 3428 esse
1409 3360 1595 3444 dicuntur,
1619 3372 1757 3430 tantum
1770 3360 1888 3430 valent
1903 3353 2085 3431 honestam
2101 3340 2201 3430 men-⁸

145 3458 310 3528 ditatos.
362 3450 438 3544 Ego
469 3452 624 3542 profecto
655 3453 869 3525 mirabiliter
891 3455 1042 3540 afficior,
1078 3480 1158 3526 cum
1214 3477 1282 3531 tem
1311 3460 1506 3547 oblectare,
1540 3475 1711 3553 quantum
1741 3484 1860 3529 earum
1890 3485 2009 3530 rerum
2040 3463 2201 3533 tractatio

170 3556 234 3630 has
247 3581 368 3627 rernm
382 3568 526 3623 naturas
541 3554 745 3639 considero,
768 3568 803 3626 et
820 3579 898 3624 eum
915 3556 1025 3646 ipsam
1043 3552 1160 3626 archi·
1212 3563 1454 3655 cognitioque,
1487 3585 1574 3654 quas
1595 3562 1751 3631 continet
1774 3559 1966 3636 Medicina.
2017 3562 2200 3635 Postremo

168 3670 341 3734 tecturam
371 3654 497 3727 mundi
519 3655 696 3738 admiror,
719 3669 796 3724 tum
820 3655 944 3726 videor
967 3652 1055 3726 mihi
1079 3671 1159 3727 tan·
1211 3688 1290 3733 curn
1314 3664 1435 3732 invare
1460 3656 1623 3734 homines
1645 3663 1691 3732 sit
1708 3676 1742 3733 et
1759 3662 2017 3732 sanctissimum
2034 3667 2201 3746 officium,

170 3790 276 3864 qnam
298 3783 408 3830 mann
432 3756 602 3847 prendere
618 3755 753 3838 Deum,
778 3757 840 3849 qui
857 3780 929 3826 sese
945 3759 1102 3828 infundit
1119 3759 1156 3827 in
1209 3778 1244 3833 et
1263 3760 1407 3832 homine
1423 3763 1689 3852 dignissimum,
1715 3767 1795 3832 date
1813 3786 1976 3850 operam,
2003 3777 2044 3833 ut
2060 3759 2126 3831 boc
2144 3764 2200 3831 in·
2252 3820 2261 3830 ,

170 3888 294 3942 omnes
313 3885 387 3950 τοῦ,
415 3870 551 3946 vegetat
574 3870 608 3926 el
629 3858 690 3925 ⁸¹5¹
714 3860 852 3942 Omnia,
878 3872 913 3929 ‘t
935 3861 1158 3952 ⁸¹¹ascuique
1210 3878 1444 3934 strumentum
1474 3863 1687 3951 amplissime
1711 3862 1870 3928 merendi
1899 3862 1943 3928 de
1964 3862 2064 3954 aliis,
2097 3864 2200 3934 vobis

168 3971 224 4044 rei
243 3968 336 4038 vires
359 3977 528 4052 tanquam
550 3981 764 4027 oeconomus
785 3959 964 4028 distribuit
981 3976 1013 4030 et
1034 3961 1156 4032 volvit.
1208 3952 1427 4053 co'mparetis.
1470 3959 1560 4029 Nam
1576 3959 1636 4027 ille
1650 3963 1899 4030 demumrecte
1913 3960 2064 4034 instituit
2079 3965 2200 4052 vitam,

169 4069 316 4161 Opiuor
332 4065 370 4133 in
388 4076 484 4132 tanta
501 4083 620 4128 rerum
637 4059 804 4129 varietate
822 4060 917 4127 cerni
936 4083 1024 4127 sese:
1051 4072 1156 4151 atque
1209 4064 1271 4156 qui
1286 4065 1330 4132 ad
1346 4059 1526 4153 publicam
1542 4061 1733 4132 utilitatem
1748 4085 1810 4133 sua
1827 4064 1945 4134 studia
1962 4077 1995 4135 et
2010 4068 2102 4136 vitae
2117 4092 2199 4137 cur-

171 4169 243 4244 boc
268 4166 422 4238 studium
451 4161 742 4250 contemplandae
774 4173 919 4230 naturae
951 4161 997 4229 ita
1023 4161 1155 4229 multos
1208 4189 1285 4235 sum
1298 4160 1420 4236 befert.
1471 4160 1568 4238 Dixi.

169 4270 303 4354 tenuit,
327 4279 366 4335 nt
388 4287 590 4359 quanquam
607 4259 824 4330 Medicinam
847 4285 921 4331 non
944 4277 1155 4343 exercerent,

130 4384 137 4397 '
167 4391 289 4449 hornen
319 4368 385 4440 toti
415 4365 548 4434 fuerint
578 4362 617 4430 in
648 4386 687 4432 ea
722 4363 961 4454 perdiscenda.
1020 4360 1153 4431 Versum

165 4472 259 4549 mihi
281 4467 472 4542 humanius
489 4465 646 4545 videtur,
671 4466 767 4556 qnod
787 4465 972 4549 didiceris,
994 4464 1030 4531 id
1049 4465 1153 4534 etiarn
1231 4499 1298 4570 No·
1314 4495 1364 4569 25

164 4595 373 4670 expromere
398 4570 437 4637 in
463 4589 547 4637 usus
574 4560 757 4634 bominum
779 4579 812 4636 et
828 4566 996 4636 maiorem
1012 4565 1153 4635 laudem
1213 4550 1385 4625 soa:

162 4678 312 4751 meritos
328 4688 401 4742 esse
414 4693 494 4753 eos,
517 4666 581 4761 qui
597 4669 739 4735 morbos
756 4681 944 4751 curarunt,
970 4690 1075 4759 quam
1091 4667 1153 4760 qui
1356 4693 1527 4782 coma
1555 4699 1799 4811 empiricos
1824 4699 2034 4788 Meda-0⁰8

161 4780 265 4854 dorni
294 4774 465 4847 inclusam
490 4786 601 4840 artem
627 4781 834 4848 tenuerunt,
867 4768 1024 4839 contenti
1050 4769 1155 4838 volu·
1586 4788 1599 4803 ·
2034 4761 2045 4787 ⁸

161 4895 278 4977 peste,
312 4899 417 4972 quam
442 4897 482 4940 ex
505 4869 708 4959 cognitione
732 4869 928 4960 capiebant.
969 4865 1036 4941 En
1057 4869 1152 4937 enim
1274 4870 1471 4926 inuectam.
1490 4871 1523 4928 r.
1537 4872 1558 4928 r.
1579 4873 1758 4945 nnssqq„
1781 4871 1901 4929 &aaa
1919 4875 1986 4934 nt.
2004 4878 2120 4950 pessa,
2144 4879 2197 4933 ne-

162 4981 237 5057 }soc
263 4982 301 5051 in
325 4975 449 5072 primis
468 4968 613 5041 bomine
635 4969 801 5059 dignum,
835 4966 1022 5039 hominum
1047 4971 1151 5039 saluti
1309 4939 1403 4997 M·
1420 4939 1453 4996 Τ·
1468 4942 1502 5000 ¹¹·
1521 4962 1548 5014 Ρ·
1562 4942 1623 4998 ²⁰¹¹

161 5099 338 5183 quantana
360 5075 473 5172 possis
497 5072 664 5190 opitulari
690 5087 797 5192 atque
820 5071 1030 5190 prospicere.
1082 5070 1152 5142 Su·-
1205 5100 1344 5172 pompa
1360 5094 1764 5195 empiricosMedpm,
1789 5101 2052 5178 Mntml·
2068 5105 2198 5179 ΝΟΜ.

158 5209 244 5260 mus
265 5184 361 5254 enim
384 5177 541 5270 proiecto
559 5188 633 5242 nati
651 5169 813 5244 homines
831 5169 1016 5242 hommum
1035 5195 1151 5258 causa,

156 5305 202 5365 ut
230 5311 337 5383 qnam
368 5280 518 5375 quisque
546 5274 733 5345 utilitatem
763 5278 808 5344 ad
839 5275 949 5344 vitam
973 5288 1150 5364 praestare
1205 5256 1365 5339 Difficile
1380 5281 1431 5337 est
1446 5266 1680 5338 deMedicina
1696 5270 1851 5360 reperire
1866 5272 2081 5354 orationem,
2107 5295 2198 5363 quae

159 5405 296 5489 posset,
322 5409 398 5458 eam
416 5379 503 5452 citra
519 5377 692 5447 invidiam
709 5376 746 5445 in
763 5378 944 5469 publicum
963 5377 1149 5448 consecret.
1204 5368 1361 5444 taedium
1381 5370 1547 5460 effugiat,
1578 5394 1659 5440 cum
1680 5372 1784 5444 toties
1805 5373 1850 5442 de
1871 5394 1932 5460 ea,
1963 5366 2032 5441 boc
2055 5372 2092 5439 in
2117 5373 2196 5440 loco

2032 4378 2195 4391 m...-

2018 4512 2191 4630 cese·
