4732 6030
107 291 157 365 tt
514 283 676 362 DECL.
707 283 783 362 DE
814 282 1229 363 CORRIGENDIS
1249 279 1433 358 ADOL,
1466 280 1715 365 stultns,
2079 296 2126 370 ta

107 461 210 551 ltalia
231 461 448 532 saeviebant:
482 462 646 530 nondum
674 457 768 529 enim
798 459 963 529 universa
985 454 1093 530 Chri·
1143 472 1203 549 pta
1214 449 1467 527 Mathematica
1482 458 1631 538 deserta,
1657 456 1763 530 Sacra
1781 450 2016 553 negligentius
2032 469 2136 543 culta.

109 564 463 656 stum-profitebatur.
514 559 558 631 ln
579 556 676 631 hunc
699 585 819 630 rerum
835 574 963 630 statum
980 559 1093 631 Caro-
1144 572 1238 629 sunt.
1292 556 1375 646 Quo
1398 557 1512 642 malo,
1547 581 1638 651 quae
1662 562 1799 632 saevior
1822 567 1929 655 pestis
1953 590 2027 639 esse
2060 595 2127 662 po·

106 668 163 736 lus
193 677 317 752 natus,
351 689 431 737 cum
464 663 551 733 fines
574 659 732 734 Romani
754 662 894 751 imperii
917 678 1092 754 pecasset,
1144 661 1237 733 tuit?
1287 657 1391 729 Certe
1413 661 1512 743 nulla
1528 660 1710 749 vulgarior
1724 687 1881 757 unquam
1903 668 1982 740 fuit.
2034 669 2125 742 Nam

105 770 152 837 ad
169 767 417 837 instaurandas
439 766 561 835 literas
577 764 734 834 animum
752 763 890 864 adiecit.
941 761 1032 832 Nam
1057 778 1092 834 et
1144 762 1284 830 eumad
1308 784 1384 829 eam
1408 785 1521 855 usque
1542 775 1711 853 aetatem,
1739 779 1773 835 et
1797 762 2029 859 Philosophia
2052 786 2125 845 tota

105 869 182 960 ipse
201 884 340 961 praeter
361 869 554 938 multarum
579 889 696 934 rerum
721 865 979 954 cognitionem,
1012 867 1090 957 ple'-
1145 860 1280 931 Graeca
1296 863 1438 957 suisset,
1456 875 1490 934 et
1508 887 1687 933 sacrorum
1701 864 1851 936 Latinae
1865 868 2124 961 literae‚prae-

106 994 234 1063 rasque
257 970 479 1061 disciplinas,
505 989 595 1060 quae
617 961 748 1036 scholis
774 968 921 1048 debent,
948 967 1091 1057 expe'di·
1144 978 1196 1034 ter
1217 962 1456 1057 Cyprianum,
1490 963 1691 1046 Hilarium,
1719 963 1968 1053 Ambrosium,
1994 970 2124 1046 Hiero·
2172 976 2181 1011 ³

105 1086 159 1141 tas
175 1086 210 1141 et
225 1085 421 1163 compertas
432 1065 597 1139 habebat.
638 1064 831 1139 Alcuinum
849 1065 1035 1157 exAnglia
1052 1071 1090 1137 in
1143 1089 1309 1160 nymum,
1336 1066 1595 1156 Augustinum‚
1629 1068 1749 1138 nullae
1772 1068 1929 1160 insignes
1953 1089 2123 1165 extarent,

109 1171 235 1244 Gallos
251 1174 373 1258 duxit,
397 1197 468 1266 quo
491 1166 662 1254 authore,
687 1168 814 1239 Parisii
837 1170 957 1238 literas
979 1171 1087 1259 prob·
1143 1181 1176 1237 et
1193 1165 1413 1237 Graecorum
1437 1191 1538 1237 usum
1556 1170 1783 1239 vernaculum
1800 1196 1895 1242 sacra
1914 1170 2122 1250 Occidentis
2196 1201 2200 1209 ·

106 1276 175 1344 teri
190 1287 400 1366 coeperunt,
425 1273 582 1365 auspicio
599 1284 691 1341 certe
709 1272 812 1341 laeto.
865 1269 955 1340 Nam
980 1296 1089 1363 purae
1142 1285 1268 1358 magna
1291 1293 1332 1337 ex
1350 1282 1449 1359 parte
1466 1282 1610 1338 eatenus
1627 1264 1849 1353 habuissent,
1876 1274 1952 1343 lieri
1968 1301 2041 1346 non
2057 1306 2122 1371 po-

108 1371 226 1446 adhuc
244 1389 362 1459 erant,
387 1389 421 1445 et
435 1374 622 1444 accedebat
639 1370 857 1442 Graecarum
877 1396 995 1441 rerum
1015 1398 1090 1442 me-

110 1478 240 1547 diocris
256 1477 389 1567 peritia.
422 1472 476 1545 Ea
494 1475 597 1545 nobis
612 1489 705 1544 aetas
722 1473 910 1563 Hugones,
936 1468 1088 1544 Richar-

110 1580 191 1659 dos,
232 1592 266 1648 et
296 1579 385 1648 alios
416 1603 491 1647 non
535 1576 704 1669 pessimos
741 1576 929 1666 scriptores
967 1577 1089 1647 edidit.

108 1675 360 1772 Philosophia,
393 1704 468 1750 non
488 1679 542 1749 uti
571 1702 685 1761 nunc,
718 1702 758 1746 ex
781 1672 971 1747 Aristotele
989 1691 1090 1770 pete-

107 1782 229 1867 batur,
244 1784 303 1852 sed
317 1794 426 1852 totam
439 1781 508 1850 sibi
525 1782 733 1850 adseverant
749 1774 984 1863 Mathemata,
1001 1804 1090 1872 quae

107 1906 255 1974 magnae
281 1906 385 1954 curae
413 1895 490 1952 tum
512 1883 645 1950 literati
668 1903 793 1950 omnes
818 1875 1016 1964 habebant,
1050 1881 1086 1946 id

108 1988 205 2078 qnod
228 1985 390 2054 indicant
413 1996 547 2052 veteres
562 1975 826 2050 Monachorum
843 1980 917 2048 divi
934 1976 1088 2048 Benedi-

109 2086 157 2154 cti
178 2081 433 2154 bibliothecae:
475 2082 650 2177 'equibus
681 2105 785 2151 nemo
817 2080 931 2148 clarus
963 2081 1089 2165 extitit,

110 2186 171 2278 qui
190 2210 264 2255 non
279 2208 384 2275 opere
399 2178 651 2252 Mathematico
675 2183 720 2250 sit
735 2172 971 2251 eruditionem
989 2206 1088 2252 suam

110 2289 247 2377 egregie
270 2299 424 2356 testatus.
475 2282 614 2354 Deinde
637 2307 704 2352 usu
728 2306 784 2351 res
805 2296 879 2353 acta
902 2297 973 2369 est,
998 2284 1089 2352 inci-

108 2379 308 2481 deruntque
332 2382 495 2457 homines
515 2385 682 2477 qqidam,
712 2384 786 2452 sive
815 2385 965 2454 libidine
989 2386 1087 2475 inge-

108 2490 272 2575 niorum,
296 2489 370 2558 sive
386 2512 504 2558 amore
520 2487 637 2558 litium
655 2485 769 2571 ducti,
795 2487 833 2554 in
849 2485 1090 2571 Aristotelem,

109 2616 260 2685 eumque
294 2614 478 2676 mancum,
518 2601 552 2658 et
584 2587 760 2672 lacerum,
790 2602 823 2658 et
858 2588 920 2681 qui
954 2589 1088 2683 alioqui

111 2691 258 2765 Graecis
286 2695 473 2776 obscunrs,
504 2685 567 2762 καὶ
593 2683 637 2760 τὸ
659 2684 763 2771 λοξία
788 2689 914 2758 similis
937 2689 1089 2774 videtur,

109 2793 235 2866 Latine
267 2795 317 2864 sic
338 2794 542 2876 redditum,
566 2803 608 2860 ut
632 2791 736 2860 ctiam
758 2789 916 2884 Sibyllae
938 2791 1089 2861 furentis

108 2897 327 2967 coniecturas
351 2906 543 2964 exerceret:
573 2889 655 2959 Huc
675 2903 793 2957 tamen
814 2892 949 2959 incauti
970 2888 1092 2984 homi«

107 3022 171 3068 nes
193 2999 427 3088 impegerunt.
487 2989 627 3061 Sensim
649 2989 826 3077 neglectae
846 2991 1010 3059 meliores
1033 2994 1089 3061 di-

106 3100 297 3192 sciplinae,
322 3092 521 3164 eruditione
537 3088 675 3191 Graeca
695 3089 906 3174 excidimus,
930 3094 1088 3173 omnino

106 3226 176 3295 pro
200 3199 304 3268 bonis
328 3219 402 3264 non
429 3195 523 3289 bona
546 3192 665 3262 doceri
686 3206 820 3282 coepta.
879 3190 976 3262 Hinc
1004 3219 1088 3284 pro-

109 3304 208 3372 diere
254 3293 435 3381 l'homae,
492 3293 608 3376 Scoti,
658 3291 842 3384 Durandi,
894 3291 1090 3385 Seraphici,

106 3399 317 3482 Cherubici,
342 3411 376 3468 et
396 3397 526 3489 reliqui
549 3394 669 3490 proles
690 3391 914 3465 numerosior
934 3394 1087 3467 Cadmea

107 3504 242 3576 sobole.
295 3499 441 3571 Accedit
459 3499 622 3588 insuper,
648 3499 744 3590 quod
766 3521 841 3567 non
859 3499 977 3567 solum
1001 3523 1086 3569 con-

106 3605 232 3698 tempti
248 3615 382 3672 veteres
396 3599 514 3670 studio
529 3621 717 3681 novorum,
743 3601 803 3667 sed
821 3594 974 3667 omnino
983 3599 1011 3669 si
1026 3601 1088 3693 qui

107 3710 147 3778 in
164 3730 240 3777 eam
253 3715 460 3795 supererant
476 3715 639 3784 aetatem,
652 3724 716 3769 ceu
731 3699 770 3768 in
783 3695 922 3769 Lethen
938 3702 1088 3792 ablegati

106 3809 310 3903 perierunt,
333 3817 373 3874 ut
390 3803 530 3874 dubites
540 3804 631 3871 'num
650 3801 718 3869 alia
735 3826 773 3871 re
790 3803 1006 3891 argutiarum
1026 3829 1090 3873 au-

107 3909 227 3982 thores
250 3909 329 4000 plus
354 3904 564 3987 nocuerint,
594 3926 700 3995 quam
723 3904 819 3994 quod
841 3905 1009 3974 vecordes
1035 3918 1089 3975 tot

108 4013 219 4082 millia
245 4023 404 4080 veterum
427 4006 637 4095 scriptorum
660 4003 704 4070 ad
732 4004 1005 4073 internicionem
1029 4029 1088 4074 us-

109 4138 178 4208 que
193 4111 329 4205 aboleri
345 4108 437 4200 passi
456 4120 549 4179 sunt.
595 4103 746 4173 Talibus
761 4104 890 4172 deinde
911 4104 1018 4173 semel
1033 4107 1089 4173 iu·

109 4218 158 4287 ris
175 4215 290 4285 divini
306 4236 346 4282 ac
365 4206 514 4280 humani
527 4219 677 4298 potestas
692 4206 782 4274 iacta
806 4217 877 4284 est,
904 4229 947 4273 ex
961 4200 1088 4274 horum

110 4319 258 4387 decretis
283 4316 449 4384 iuventus
466 4309 707 4379 erudiebatur.
746 4304 902 4376 Proinde
923 4307 959 4374 in
975 4308 1089 4375 scien-

111 4419 196 4490 tiam
207 4418 298 4488 Iuris
318 4440 357 4486 ac
373 4438 448 4483 rem
469 4409 646 4482 Medicam
663 4407 796 4499 pariter
809 4404 954 4497 posthac
977 4409 1090 4477 saevi-

109 4535 186 4592 tum
210 4534 277 4589 est:
303 4514 503 4609 Oportebat
527 4511 621 4582 enim
639 4509 789 4578 similem
807 4510 1091 4600 praeceptoribus

110 4620 323 4711 discipulum
350 4640 444 4700 esse,
478 4627 519 4684 ut
545 4613 645 4682 aiunt
667 4611 773 4698 vulgo
798 4615 918 4682 κακοῦ
934 4604 1092 4706 κόρακος

108 4718 228 4797 κακὸν
245 4714 332 4791 ὥόν.
381 4717 480 4788 Haec
493 4716 584 4785 ratio
600 4713 932 4783 studiorumannos
953 4714 1092 4784 circiter

109 4807 286 4898 trecentos
301 4820 339 4888 in
356 4818 503 4910 Augila,
528 4818 567 4886 in
586 4813 735 4897 Galliis,
760 4814 798 4881 in
822 4811 1014 4911 Germania
1035 4840 1092 4884 re-

110 4928 250 5019 gnavit,
282 4934 323 4991 ut
346 4945 390 4990 ne
412 4922 498 5016 quid
519 4917 662 4988 interim
687 4916 804 4985 dicam
835 4915 1090 4986 immodestius.

110 5029 228 5118 Quam
243 5022 459 5118 perniciosa,
484 5021 658 5093 coniicere
676 5018 758 5087 licet
775 5020 1032 5108 propemodum
1043 5042 1090 5103 ex

109 5127 276 5223 hisquae
299 5122 393 5209 dixi,
429 5137 533 5217 atquc
562 5136 601 5192 ut
624 5121 729 5212 plane
754 5118 980 5208 intelligatis,
1013 5120 1092 5188 ani-

107 5257 207 5303 mum
228 5227 433 5300 advortite.=
471 5222 651 5308 Primum,
684 5219 831 5291 desertis
855 5233 1015 5291 veterum
1035 5222 1091 5291 di-

109 5332 287 5425 sciplinis,
308 5329 452 5423 quando
470 5327 582 5397 audax
597 5325 664 5394 ista
681 5321 945 5393 commentandi
960 5335 994 5393 et
1011 5319 1093 5415 phi·

108 5430 321 5522 losophandi
345 5430 436 5501 ratio
460 5426 629 5511 invaluit,
654 5425 761 5497 simul
777 5420 912 5495 Graeca
934 5438 1094 5495 cuntem-

162 5534 347 5607 Mmturn-
374 5536 479 5604 Orrn.
506 5533 590 5600 Vos..
618 5529 678 5600 xl.

1142 1372 1228 1454 tuit,
1267 1371 1356 1462 quin
1391 1368 1537 1440 Graecis
1571 1373 1798 1462 contemptis,
1838 1398 1910 1444 uua
1943 1380 2120 1472 quidquid

1142 1473 1319 1542 commodi
1353 1472 1478 1541 studiis
1511 1466 1677 1541 humanis
1707 1469 1937 1565 Philosophia
1972 1483 2119 1569 confert,

1142 1575 1279 1643 confert
1301 1587 1419 1643 autem
1443 1574 1548 1662 longe
1572 1574 1785 1665 plurimum,
1810 1576 1940 1647 deinde
1962 1604 2044 1651 cura
2065 1609 2121 1655 sa-

1142 1699 1281 1754 crorum
1302 1676 1434 1744 sensim
1456 1674 1633 1746 interiret.
1691 1673 1761 1745 Hic
1789 1701 1888 1748 casus
1911 1705 1993 1750 vere
2015 1678 2121 1755 Chri-

1141 1778 1273 1848 stianos
1289 1771 1465 1846 Ecclesiae
1481 1777 1571 1846 ritus
1592 1801 1633 1846 ac
1654 1800 1791 1863 mores,
1813 1780 1875 1849 ille
1899 1785 2015 1853 studia
2042 1786 2122 1859 lite·

1141 1901 1263 1945 rarum
1278 1876 1511 1950 labefactavit.
1545 1874 1705 1971 Aequius
1719 1880 1836 1949 lorsan
1855 1883 1999 1954 alterius
2016 1888 2120 1959 ruina

1142 1978 1226 2046 ferri
1250 1977 1375 2069 potuit.
1426 1976 1516 2048 Nam
1538 1992 1572 2047 et
1595 1981 1772 2071 lapsantes
1796 1982 1933 2069 literas,
1956 1988 2121 2059 incorru-
2145 1966 2150 1976 ⁸

1143 2080 1198 2170 pti·
1208 2075 1385 2170 Ecclesiae
1403 2080 1515 2165 ritus,
1538 2081 1641 2150 facile
1666 2082 1861 2153 instaurare
1877 2100 2059 2175 poterant,
2087 2108 2122 2165 et
2212 2130 2216 2138 ·

1140 2181 1246 2250 bonis
1274 2180 1407 2265 literis,
1445 2183 1475 2254 ai
1505 2206 1596 2274 quae
1626 2183 1743 2252 salvae
1769 2188 1996 2275 mansissent,
2031 2191 2122 2264 libc-

1140 2306 1220 2351 rum
1258 2294 1351 2367 erat,
1382 2283 1548 2353 ruinosos
1576 2279 1755 2361 Ecclesiae
1787 2311 1903 2358 mores
1937 2294 2122 2383 corrigere,

1140 2385 1277 2454 animos
1299 2380 1487 2453 homiuum
1520 2383 1672 2455 iacentes
1698 2387 1866 2470 excitare,
1900 2394 2121 2482 confirmare,

1141 2485 1234 2554 etin
1258 2485 1422 2555 ordinem
1446 2508 1580 2575 cogere.
1639 2479 1689 2556 At
1712 2512 1796 2558 vero
1820 2490 1894 2559 sive
1917 2494 2007 2578 fato,
2046 2498 2121 2567 sive

1141 2601 1262 2656 nostro
1277 2586 1364 2656 vitio
1379 2589 1516 2673 evenit,
1541 2588 1649 2658 simul
1670 2589 1785 2658 bonae
1808 2590 1931 2662 literae
1956 2619 2030 2665 non
2056 2600 2121 2670 bo·

1141 2689 1218 2772 nis,
1245 2687 1358 2777 prisca
1375 2689 1485 2779 pietas
1500 2690 1726 2777 ceremoniis,
1751 2686 1940 2765 hominum
1957 2694 2134 2771 traditis
2185 2769 2187 2773 .

1141 2791 1268 2871 nibus,
1295 2791 1626 2877 constitutionibus,
1660 2794 1828 2878 decretis,
1854 2799 2036 2888 capitulis,
2062 2825 2122 2870 e»-

1142 2892 1464 2979 travagationibus,
1487 2893 1612 2981 glossis
1632 2887 1872 2987 demspaicun‘
1898 2912 2032 2970 mutata
2060 2916 2122 2978 est.

1139 2991 1263 3085 Neque
1294 2994 1418 3064 retulit
1441 2994 1536 3085 quod
1562 2991 1696 3063 Nicena
1723 2992 1868 3087 Synodo
1893 2996 2016 3070 Patres
2050 3017 2121 3073 tam

1140 3094 1333 3193 prudenter
1362 3106 1547 3178 caverunt,
1579 3089 1627 3163 τὰ
1661 3091 1801 3190 ἀρχαῖα
1830 3095 1901 3192 ἔθη
1931 3100 2121 3196 κρατείτω.

1140 3191 1321 3295 Audacius
1336 3188 1422 3264 haec
1440 3195 1562 3265 videar
1575 3196 1701 3281 alicui,
1727 3222 1833 3290 quam
1849 3224 1890 3269 ex
1905 3228 1971 3273 usu
1988 3206 2044 3275 vel
2061 3231 2122 3277 ae-

1141 3296 1222 3365 tatis
1245 3296 1523 3367 vetstudiorum
1546 3321 1723 3369 meorum:
1759 3323 1902 3388 verum,
1927 3320 1967 3377 ut
1990 3309 2039 3377 sic
2066 3311 2123 3378 di.

1141 3422 1236 3481 cam,
1274 3420 1329 3467 res
1367 3412 1518 3483 vestrae,
1556 3399 1703 3490 ingenui
1733 3400 1898 3488 iuvenes,
1929 3409 2122 3496 postulant.

1142 3498 1229 3568 Nam
1245 3510 1285 3568 ut
1300 3499 1447 3591 quidam
1465 3500 1608 3588 segnius
1623 3526 1703 3571 cum
1718 3503 1823 3571 bonis
1837 3509 1973 3578 artibus
1988 3509 2027 3578 in
2043 3535 2123 3602 gra.

1140 3600 1228 3667 tiam
1253 3602 1418 3686 redeant,
1444 3601 1614 3671 nimirum
1640 3604 1678 3671 in
1696 3627 1797 3673 causa
1815 3618 1886 3687 est,
1911 3614 2009 3701 quud
2031 3638 2123 3683 non·

1141 3704 1225 3771 dum
1242 3701 1428 3797 quisquam
1450 3726 1510 3785 eos
1529 3704 1641 3774 libere
1663 3706 1860 3794 admonuit.
1914 3706 1987 3779 Iam
2015 3713 2124 3802 igitur

1141 3804 1357 3891 cognoscite,
1390 3828 1563 3897 quaenam
1594 3805 1640 3874 sit
1670 3805 1732 3873 illa
1755 3804 1993 3877 Barbarorum
2026 3837 2124 3882 com.

1142 3906 1326 3973 mentandi
1343 3906 1452 3987 ratio,
1478 3927 1610 3993 quaec
1634 3904 1765 3994 quibus
1787 3908 1940 3977 manarit
1964 3909 2126 3985 fontibus
2228 3952 2233 3960 ·

1141 4004 1300 4072 audistis.
1353 4001 1495 4071 Artium
1513 4023 1641 4089 genera
1655 4004 1804 4075 omniuo
1821 4007 1888 4077 tria
1903 4025 2005 4098 sunt,
2025 4019 2125 4115 loya-

1141 4098 1229 4185 κὸν,
1266 4097 1446 4196 φυσικὸν,
1482 4096 1759 4198 προτρεπτικόν.
1842 4107 2014 4201 Lugicum
2052 4119 2126 4187 vim

1142 4226 1282 4273 omnem
1306 4226 1345 4273 ac
1371 4203 1578 4273 discrimina
1602 4206 1776 4275 sermonis
1800 4220 1942 4298 tractat,
1980 4230 2015 4287 et
2041 4243 2123 4290 cum

1143 4329 1204 4397 per
1220 4305 1337 4396 ipsum
1361 4305 1398 4373 in
1421 4305 1482 4374 illa
1498 4307 1679 4396 superiora
1695 4309 1740 4378 sit
1755 4308 1842 4391 iter,
1869 4313 2024 4401 primum
2048 4320 2124 4391 for-

1142 4410 1291 4476 mandae
1306 4407 1478 4496 pueritiae
1493 4408 1736 4478 rudimentum
1765 4424 1835 4496 est,
1861 4413 1981 4485 literas
2008 4421 2125 4509 docet,

1143 4509 1391 4599 proprietatem
1415 4509 1588 4577 sermonis
1608 4524 1668 4580 aut
1686 4512 1817 4600 regulis
1833 4515 2039 4608 adstringit,
2064 4538 2127 4595 aut

1143 4609 1279 4679 collatis
1292 4624 1454 4680 autorum
1473 4610 1609 4707 figuris,
1635 4611 1770 4682 indicat
1786 4615 1871 4707 quid
1889 4618 2065 4705 observes,
2087 4626 2125 4695 id

1143 4713 1240 4805 quod
1274 4711 1347 4779 lere
1374 4709 1616 4781 Grammatica
1647 4727 1811 4804 praestat.
1871 4715 2010 4791 Deinde
2044 4749 2126 4797 cum

1145 4813 1250 4904 paulo
1268 4836 1472 4903 progressus
1493 4813 1619 4897 fueris,
1644 4814 1817 4884 iudicium
1836 4820 1965 4890 animis
1984 4848 2127 4918 compa-

1144 4927 1218 4994 rat,
1244 4938 1315 5007 quo
1330 4927 1440 4983 metas
1455 4939 1593 4995 rerum,
1619 4928 1735 4995 ortus,
1761 4917 1868 5001 lines,
1889 4923 2054 5013 ductum,
2077 4930 2128 5001 sic

1144 5037 1329 5105 agnoscas,
1356 5028 1396 5085 ut
1412 5015 1525 5087 sicubi
1541 5016 1626 5109 quid
1649 5017 1816 5090 inciderit
1836 5038 1954 5094 exacte
1971 5038 2127 5100 tractan-

1144 5119 1253 5201 dum,
1276 5118 1396 5188 omnia
1415 5142 1504 5210 quae
1521 5120 1565 5187 ad
1583 5117 1785 5190 institutum
1801 5126 1999 5213 pertinent,
2025 5134 2127 5224 quasi

1145 5218 1184 5287 in
1199 5232 1384 5288 numerato
1399 5214 1549 5299 habeas,
1575 5231 1609 5290 et
1624 5221 1709 5290 artis
1721 5222 1951 5298 adminiculis
1973 5229 2021 5300 ita
2046 5257 2128 5302 sen-

1145 5343 1204 5389 sus
1227 5320 1431 5391 auditorum
1454 5320 1590 5412 capias,
1629 5324 1878 5396 ut·dissentire
1898 5340 2029 5399 temere
2053 5356 2127 5402 non

1146 5434 1289 5515 queant.
1341 5419 1420 5493 Hae
1442 5438 1557 5595 parteis
1580 5422 1679 5494 illius
1701 5439 1804 5510 sunt,
1830 5452 1936 5521 ριιαω
1960 5453 2025 5499 nos
2041 5431 2129 5504 Dia-
