4732 6030
158 392 234 466 817
615 381 776 460 DECL.
817 378 893 456 DE
926 377 1195 455 tonANNn
1226 375 1744 455 REGIOMONTANO.
2129 387 2203 458 ets

158 564 226 638 No.
255 561 338 633 tos.
966 583 1015 625 sn.
1041 561 1135 626 1549.
1177 560 1182 631 Ξ
1207 569 1382 627 terrarum
1403 520 1540 645 spacia,
1566 570 1600 626 et
1625 578 1753 646 corpus
1770 554 2026 648 discurritper
2047 554 2201 627 Germa·

168 658 339 689 ‘⁴⁵⁸‘
952 653 1157 687 ws-
1206 658 1322 738 niam,
1351 654 1508 739 ltaliam,
1533 655 1775 742 Pannoniam,
1801 656 1904 726 discit
1928 655 2100 727 Graecam
2127 661 2199 730 lin-

297 768 373 852 De
399 764 606 849 Iohanne
630 761 1013 880 Repiomontano.
1206 782 1322 850 guam,
1343 760 1532 852 etquidem
1546 760 1648 830 illum
1665 761 1879 852 peculiarem
1893 782 2091 829 sermonem
2102 759 2200 832 Geo-

1206 862 1332 932 metris,
1346 860 1545 955 proprium:
1573 865 1711 934 confert
1726 885 1807 932 sacas
1820 862 2011 932 sententias
2024 886 2104 932 ccam
2118 864 2198 933 aliis

228 927 257 982 ln
284 926 377 983 select.
401 925 553 982 Declamat.
580 923 613 977 T.
635 922 682 979 ΙΙΙ.
698 921 895 1045 ἒςξὸὶηᾳ..
935 919 1061 975 Richard.
1084 917 1117 975 T.
1135 917 1156 970 Ι.

280 999 379 1062 moa,
408 995 526 1049 servor.
543 993 576 1051 T.
593 993 638 1048 ttt.
657 1014 685 1064 p.
752 987 1156 1048 ,cristemulefard
1205 965 1364 1035 eruditis.
1414 963 1496 1035 Nou
1519 966 1633 1035 solum
1659 965 1782 1035 scribit
1807 966 1882 1055 ipse
1904 966 2014 1035 multa
2037 964 2117 1034 usui
2140 967 2198 1035 lu·

173 1132 183 1141 ,
259 1017 356 1130 htU,
373 1068 403 1147 ᾖ·
424 1091 468 1146 ,-
512 1058 1076 1117 naiamsesrastmeditawisb.1⁵49·
1112 1055 1157 1111 ct.
1206 1081 1286 1140 tura
1302 1067 1467 1158 posteris,
1491 1070 1553 1138 scd
1567 1067 1672 1138 etiam
1688 1063 1869 1138 machinas
1886 1091 1993 1136 manu
2010 1090 2071 1148 sua
2085 1069 2197 1138 fabri-

259 1133 390 1190 ⁸²¹⁰b0¹¹¹
405 1132 549 1187 ΝΜ·
566 1133 620 1186 No.
670 1135 695 1186 ⁴·
1207 1183 1279 1255 cat,
1305 1168 1449 1240 instruit
1473 1171 1589 1260 praela
1615 1166 1879 1264 typographica.
1938 1167 2041 1238 Hanc
2064 1183 2198 1240 tantem

161 1299 290 1369 omno
328 1293 375 1365 de
414 1298 593 1365 pomo
632 1295 1023 1389 hepsematum,
1068 1289 1157 1359 Ma.
1207 1271 1407 1344 varietatem
1423 1272 1599 1356 laborum,
1624 1273 1751 1362 ignava
1767 1286 1894 1343 natura
1910 1296 2025 1366 neque
2042 1273 2199 1363 suscipit,

160 1397 382 1484 mmmm,
409 1401 451 1468 3„
472 1399 758 1468 renunciatione
777 1392 919 1492 wudu,
940 1393 1157 1490 Maymeffl
1207 1399 1322 1492 neque
1337 1374 1511 1492 sustinere
1529 1387 1653 1465 potest.
1705 1374 1775 1446 Sed
1792 1376 2050 1468 qualiscunque
2072 1377 2199 1444 umbra

158 1497 407 1593 pgglowpkgci
429 1501 595 1571 recitata
612 1497 659 1570 ag
674 1503 830 1570 Eram
850 1496 1045 1582 Mngou,
1071 1494 1159 1566 sat.
1207 1491 1379 1547 vineatum
1400 1477 1510 1568 ipsius
1534 1477 1573 1546 in
1598 1477 1661 1547 tali
1683 1478 1887 1546 narratione
1914 1477 2053 1547 ostendi
2074 1490 2200 1568 potest,

288 1601 477 1689 velden&
503 1599 784 1674 Mammam
802 1595 1029 1696 profem&
1205 1594 1340 1671 gratam
1355 1579 1456 1649 vobis
1472 1575 1564 1650 hanc
1579 1579 1951 1649 commemorationem
1966 1580 2041 1648 fore
2057 1603 2172 1670 spero.

1307 1680 1420 1751 Natus
1439 1695 1489 1751 est
1511 1681 1659 1752 loannes
1676 1677 1984 1771 Regiomontanus
2007 1680 2045 1748 in
2066 1683 2199 1772 oppido

161 1741 273 1824 Initio
291 1754 420 1872 gratias
438 1775 502 1843 ago
517 1750 755 1873 lleobaeterno
772 1753 865 1846 patri
880 1751 1029 1824 Domini
1043 1746 1157 1867 nostri
1206 1783 1394 1863 Muciae,
1421 1783 1478 1852 cui
1502 1807 1633 1853 nomen
1656 1797 1708 1854 m
1728 1782 1838 1852 Mons
1855 1781 2007 1872 Regius,
2035 1786 2200 1877 quodque
2284 1785 2287 1788 <

162 1854 242 1927 lesu
258 1853 404 1942 Christi,
427 1857 608 1925 conditori
623 1856 713 1926 coeh
728 1869 904 1939 etterrae,
931 1868 966 1923 et
979 1849 1158 1922 Ecclesiae
1207 1898 1352 1977 propper
1367 1884 1582 1955 vicinitatem
1604 1884 1783 1978 plerisque
1808 1878 1962 1954 vesprplm
1986 1897 2111 1953 nomm
2137 1897 2198 1955 m·

162 1982 245 2076 ’Ψ
260 1959 437 2048 angelicae
453 1972 487 2027 εἴ
503 1952 698 2076 h¹¹¹¹¹³¹J³⁰⁹
721 1981 795 2027 ¹¹⁰²
810 1980 891 2074 Ψ
907 1955 981 2023 5¹5⁰
996 1978 1060 2025 ⁸¹¹⁰
1078 1954 1157 2022 ΒΟ·
1207 1987 1375 2057 Parentes
1397 1987 1505 2057 audio
1524 1986 1632 2057 luisse
1658 1983 1844 2071 honestos,
1873 2001 1907 2056 et
1930 1987 2111 2057 facultates
2134 1982 2201 2056 ha·

162 2084 263 2131 ¹¹¹¹¹¹⁰
296 2054 686 2131 ⁰⁰⁵²¹⁰1²⁸¹¹Chf¹⁸¹⁰
721 2071 755 2129 ⁸²
776 2056 914 2148 spmm
939 2079 1004 2127 ⁸¹¹⁰
1025 2068 1158 2140 ’πάθ’
1207 2089 1325 2160 bnisse
1340 2088 1545 2175 mediocres,
1569 2102 1705 2160 utstrnt
1719 2089 1826 2159 resin
1841 2088 1972 2158 nostris
1986 2086 2202 2178 municipiis,

163 2165 257 2256 ΨΜ
279 2157 365 2232 haec
378 2162 560 2231 d⁰⁰¹fi¹¹³⁶
573 2161 690 2232 ⁵²¹¹di³
706 2183 781 2229 ¹¹⁰⁰
796 2159 908 2230 delefi
923 2158 1019 2231 5¹¹5*
1043 2155 1158 2228 Eum'
1208 2194 1304 2262 unde
1327 2205 1519 2285 utcumque
1540 2190 1673 2261 liberos
1697 2193 1847 2262 educare
1862 2204 1895 2261 et
1917 2192 2060 2261 erudire
2077 2205 2203 2282 potue-

164 2289 233 2382 qu?
254 2278 327 2334 ²⁰¹⁰
351 2277 491 2383 9²⁰¹,0‘e
509 2287 592 2344 ⁰¹⁰²
619 2277 659 2388 Ψ
677 2286 743 2383 Ψ
765 2264 957 2380 gummi?
983 2274 1017 2331 οἱ
1039 2259 1158 2379 3ωάῙᾶ
1207 2308 1303 2365 runt.
1356 2291 1437 2366 Scio
1455 2309 1488 2364 ct
1505 2297 1676 2388 quosdam
1693 2292 1732 2364 in
1745 2318 1783 2364 ea
1799 2293 1933 2364 familia
1951 2307 2064 2378 natos,
2093 2295 2203 2364 colle·
2274 2327 2277 2330 ·

163 2369 326 2451 ‘'duwe‘’
357 2391 398 2435 ³⁰
425 2380 519 2436 Μ’
546 2389 613 2434 ¹¹⁰⁸
643 2366 786 2454 ⁰⁰¹¹¹3³²
807 2359 1060 2436 hammam
1084 2363 1158 2431 5¹¹⁰
1208 2398 1260 2488 gis
1280 2397 1410 2465 nostris
1433 2411 1537 2468 notos
1553 2397 1671 2466 fuisse.
1721 2392 1769 2467 Et
1785 2397 1868 2490 quia
1891 2419 1947 2465 res
1970 2398 2123 2467 ostendit
2143 2396 2202 2464 in-

164 2492 227 2538 ⁸¹¹⁰
245 2466 402 2537 D⁰¹¹¹¹¹¹⁰
419 2479 542 2538 ηοω
559 2464 638 2537 ¹⁸⁸⁰
653 2462 811 2548 Chffim’
828 2466 994 2538 “¹¹⁰¹fi¹⁰
1012 2490 1078 2560 ΡΠ)
1091 2489 1159 2534 ¹¹⁰*
1209 2500 1309 2589 genia
1333 2522 1471 2568 sumere
1492 2499 1644 2592 impetus
1664 2498 1802 2591 aliquos
1817 2523 1836 2567 a
1853 2497 2063 2568 coelestibus
2079 2498 2204 2579 causis,

1209 2601 1364 2671 recitabo
1380 2598 1485 2672 etiam
1503 2615 1652 2691 tempus,
1678 2624 1749 2694 quo
1764 2601 1804 2669 in
1819 2601 1931 2669 lucem
1950 2599 2065 2670 editus
2080 2614 2142 2684 est,
2167 2596 2201 2669 e't
2295 2686 2300 2693 .

164 2571 220 2640 bis
246 2585 281 2640 et
305 2570 533 2654 resuscitato,
567 2593 658 2662 quae
679 2569 790 2663 ipsius
814 2569 973 2640 bonitate
994 2571 1034 2638 in
1060 2590 1159 2637 omna

128 2679 130 2682 ’
164 2673 371 2743 aeternitate
386 2673 536 2757 fruatur,
561 2685 598 2743 et
613 2695 695 2742 eum
708 2671 871 2742 celebret.
908 2668 1160 2742 Haecmecnm
1210 2704 1559 2797 siderumposimm’
1583 2702 2052 2795 quaenmemifulsemm·
2090 2700 2202 2772 Natus

1211 2819 1262 2877 est
1286 2807 1382 2877 iuxta
1397 2807 1561 2883 usitatam
1579 2805 1791 2877 numerandi
1812 2805 1986 2876 rationem
2003 2826 2099 2874 anno
2120 2803 2204 2874 mil-

165 2769 228 2844 'vos
246 2798 369 2845 omnes
389 2775 599 2844 ardentibus
613 2774 705 2843 votis
723 2788 842 2866 petere
855 2776 967 2845 decet.
1018 2769 1110 2843 Nam
1126 2783 1162 2841 et

143 2876 145 2887 ⁴
165 2876 203 2945 in
220 2871 276 2945 his
288 2873 507 2947 scholasticis
522 2874 767 2963 congressibus
785 2874 964 2944 miscenda
980 2887 1065 2945 sunt
1078 2887 1159 2945 vota
1212 2909 1335 2980 mimo
1350 2909 1711 3001 quadfingeme‘pmo'
1732 2921 1829 2977 mm
1843 2921 1877 2977 e,
1892 2907 2082 2992 ffimimo’
2106 2916 2203 2977 sexto

1211 3012 1270 3081 die
1289 3010 1402 3091 lunii,
1422 3023 1546 3105 qirarta
1563 3006 1648 3079 hora
1663 3023 1743 3102 post
1757 3009 1960 3090 meridiem,
1986 3010 2126 3079 minuto
2142 3006 2203 3078 40.

165 2975 567 3048 commonefactionibus
582 2976 625 3043 de
640 2975 813 3047 doctrina.

266 3110 358 3181 Cum
383 3123 500 3180 autern
525 3109 693 3179 usitatum
718 3105 853 3180 sithoc
876 3111 953 3181 loco
980 3110 1161 3180 interdum
1211 3110 1290 3183 Etsi
1315 3125 1431 3182 autem
1456 3112 1607 3204 optarim
1633 3113 1863 3198 ingomnibus
1887 3107 2046 3181 historiis
2068 3112 2205 3202 integra

167 3215 315 3286 recitare
346 3210 523 3281 clarorum
546 3211 705 3282 virorum
735 3207 918 3295 historias,
956 3211 1161 3305 praesertim
1212 3211 1366 3285 themata
1381 3238 1504 3284 eorum
1520 3228 1646 3299 extare,
1672 3215 1710 3282 in
1725 3214 1856 3306 qrribus
1873 3214 1929 3281 vel
1944 3213 2205 3284 bonitasnatu-

166 3315 402 3399 eruditorum,
427 3312 568 3405 quiade
583 3308 738 3404 hisipsis
752 3316 888 3385 artibus
903 3339 990 3409 quas
1006 3314 1162 3398 illustra·
1211 3341 1272 3387 rae
1297 3315 1481 3400 excelluit,
1508 3316 1564 3385 vel
1586 3328 1786 3387 monstrosa
1809 3317 2019 3407 perversitas
2041 3317 2124 3386 luit:
2151 3330 2206 3386 ta-

167 3431 252 3489 runt
274 3417 383 3486 multa
400 3431 569 3501 monent,
591 3429 627 3486 et
646 3418 844 3488 recordatio
859 3419 984 3488 talium
1001 3417 1161 3489 virorum
1211 3442 1295 3488 men
1312 3441 1393 3488 curn
1411 3431 1524 3490 totum
1541 3411 1658 3488 thema
1680 3419 1793 3488 oculis
1810 3417 1958 3486 iudicari
1974 3418 2101 3486 melius
2121 3439 2205 3508 pos-

158 3520 271 3613 ,bonis
292 3518 472 3588 mentibus
499 3531 596 3607 grata
618 3531 686 3588 est:
719 3520 846 3609 collegi
875 3544 973 3590 stunc
1003 3520 1161 3613 qualem-
1211 3522 1275 3601 sit,
1301 3545 1399 3590 niano
1415 3532 1553 3592 tantum
1575 3515 1812 3610 horoscopum
1830 3534 1864 3589 et
1889 3519 1963 3586 loca
1985 3520 2205 3609 planetarum

167 3645 307 3716 cunque
340 3620 582 3690 narrationem
617 3620 661 3687 de
699 3617 830 3690 loanne
862 3617 1161 3709 Regiomontano,
1211 3623 1335 3691 recito.
1387 3621 1473 3692 Fuit
1498 3616 1714 3714 horoscopus
1731 3620 2052 3714 quintusdecimus
2075 3624 2205 3711 gradus
2291 3630 2292 3634 ’

166 3727 352 3818 partimex
370 3723 481 3814 ipsius
498 3720 653 3812 scriptis,
678 3721 807 3812 partim
825 3745 866 3790 ex
884 3722 950 3791 viri
966 3721 1162 3791 doctissimi
1212 3721 1372 3813 Scorpii,
1398 3721 1482 3807 Sol,
1507 3721 1632 3806 Luna,
1659 3722 1758 3793 Mars
1773 3735 1807 3791 et
1822 3720 2023 3818 Mercurius
2039 3725 2144 3793 simul
2167 3724 2204 3791 in
2326 3770 2329 3775 «

171 3827 315 3898 loannis
338 3819 514 3896 Schoneri
539 3846 722 3910 sermone,
749 3846 839 3917 quiae
864 3823 1001 3894 etiamsi
1019 3822 1163 3892 brevior
1214 3822 1390 3903 Geminis,
1409 3826 1504 3917 quod
1522 3824 1661 3912 signum
1673 3825 1819 3893 minime
1834 3824 2005 3912 significat
2022 3825 2206 3910 feritatem,

168 3940 237 4011 est,
263 3953 330 3999 nec
353 3926 557 3996 aviditatem
578 3938 729 3995 vestram
754 3926 929 4017 explebit,
965 3939 1085 3996 tamen
1106 3925 1162 3995 in-
1212 3929 1274 3996 sed
1299 3940 1460 3994 naturam
1481 3928 1718 4009 moderatam,
1744 3924 1915 4009 docilem,
1941 3939 1975 3996 et
1996 3927 2204 4018 disciplinae

170 4032 308 4102 ventuti
332 4030 504 4099 tradenda
528 4034 597 4111 est,
628 4040 669 4099 ut
692 4048 796 4096 nosse
819 4040 856 4099 et
875 4027 1047 4097 admirari
1066 4021 1162 4096 hcine
1191 4029 1397 4106 idoneam,
1432 4027 1559 4120 inqua
1585 4052 1665 4097 cum
1689 4041 1723 4097 et
1751 4027 1887 4097 lumina
1914 4030 2146 4098 convenerint
2171 4043 2205 4099 et

171 4131 439 4204 tantumvirum
462 4129 629 4221 incipiat,
652 4123 830 4201 etharum
852 4129 1011 4222 ipsarum
1032 4129 1161 4199 artium
1214 4129 1312 4199 Mars
1336 4143 1369 4199 et
1396 4127 1615 4214 Mercurius,
1648 4131 1715 4201 luit
1736 4130 1920 4220 ingenium
1948 4142 2063 4225 neque
2087 4127 2205 4216 hebes,

171 4234 306 4303 semina
329 4256 418 4325 quae
440 4233 586 4325 sparsit,
618 4244 770 4324 appetat.
821 4227 870 4303 Et
885 4254 1088 4327 quanquam
1105 4231 1161 4299 in-
1213 4252 1458 4326 nequesegne.
1508 4229 1556 4303 Et
1580 4234 1772 4303 honitatem
1790 4233 2058 4324 temperamenti
2079 4247 2207 4325 augent

171 4336 267 4427 genii
289 4333 341 4411 vis
371 4345 407 4403 et
433 4336 541 4420 acies,
582 4333 737 4405 eruditio
769 4347 804 4404 et
834 4332 958 4404 iudicii
988 4333 1162 4405 rectitudo
1217 4334 1350 4426 lupiter
1363 4334 1401 4403 in
1416 4331 1539 4420 Libra,
1567 4347 1602 4406 et
1613 4334 1736 4405 ⁴Venus
1752 4335 1789 4403 in
1804 4331 1954 4407 Cancro.
1988 4333 2203 4406 Necaddam

174 4437 359 4530 praecipue
382 4435 421 4504 in
438 4436 513 4505 eius
535 4435 778 4507 monumentis
794 4435 1080 4528 conspiciuntur,
1106 4459 1165 4506 ea·
1214 4438 1411 4527 longiorem
1428 4438 1702 4528 expositionem,
1728 4441 1788 4509 sed
1812 4438 1960 4508 eruditis
1978 4439 2206 4508 consideran·

172 4565 242 4635 qne
268 4537 528 4608 animadversio
555 4539 711 4607 solorum
739 4538 914 4610 artificum
940 4553 1006 4610 est:
1046 4552 1164 4609 tamen
1214 4542 1294 4610 dam
1309 4540 1491 4634 relinquo,
1517 4542 1737 4634 quivident,
1763 4542 1824 4635 qui
1843 4542 2083 4631 positnsvitae
2099 4542 2207 4608 mini-

174 4639 261 4712 haec
276 4639 567 4711 commemoratio
585 4641 629 4708 de
644 4641 841 4727 sedulitate,
867 4642 911 4711 de
926 4640 1032 4712 editis
1047 4640 1165 4733 operi·
1215 4655 1345 4713 tentur.
1398 4641 1468 4712 Sed
1492 4641 1626 4731 ingenii
1641 4657 1675 4713 et
1692 4668 1831 4712 monam
1854 4643 2125 4729 significationes
2144 4667 2206 4709 ne-

173 4748 260 4828 bus,
286 4744 330 4812 de
349 4741 600 4812 certaminibus
617 4763 707 4833 quae
721 4742 753 4810 ei
774 4768 855 4813 cum
873 4744 1068 4815 artificibus
1087 4743 1166 4813 lue·
1215 4768 1391 4838 ‹piaquam
1422 4758 1660 4834 praeposteras
1682 4768 1755 4814 esse
1779 4745 1996 4816 latelmntur'.
2054 4744 2225 4816 Fuerint

172 4860 279 4928 runt,
304 4846 349 4914 de
371 4840 734 4936 peregrinationibus,
759 4845 804 4913 de
820 4843 1047 4917 'summorum
1069 4846 1166 4914 viro-
1215 4870 1298 4915 sane
1313 4845 1401 4915 laeta
1420 4858 1567 4915 naturae
1589 4846 1741 4931 semina,
1767 4846 1875 4917 facerit
1895 4846 2077 4936 ingenium
2093 4848 2208 4917 docile
2311 4845 2313 4848 ⁴

173 4973 255 5018 rum
288 4946 473 5032 amicitiis,
514 4968 595 5014 cum
621 4942 709 5013 alias
732 4946 860 5016 multas
886 4948 925 5018 in
950 4973 993 5019 eo
1018 4947 1166 5018 virtutes
1217 4960 1252 5019 et
1263 4971 1360 5021 acre:
1386 4970 1502 5042 neque
1519 4961 1636 5019 tamen
1653 4950 1730 5018 sine
1743 4949 1875 5018 adflatu
1892 4948 2015 5019 divino
2029 4963 2093 5037 tot,
2118 4963 2210 5021 tam-

173 5051 282 5122 foisse
308 5048 481 5134 ostendit,
502 5061 578 5118 tum
602 5068 685 5115 vero
710 5058 745 5116 et
767 5046 901 5137 ingenii
919 5050 1009 5132 vim,
1035 5063 1070 5121 et
1089 5047 1168 5121 En·
1218 5073 1287 5144 qne
1319 5048 1432 5119 varias
1464 5063 1557 5120 artes
1582 5051 1723 5141 penitus
1757 5052 1954 5143 percipere,
1991 5063 2044 5122 tot
2070 5054 2210 5142 linguas

167 5149 410 5226 thusiasmum
434 5149 608 5222 divinitus
630 5146 783 5218 inditum
810 5152 855 5220 ad
885 5145 948 5220 has
969 5165 1061 5223 artes
1083 5152 1170 5222 illu·
1218 5152 1372 5237 discere,
1405 5163 1521 5223 tantos
1545 5152 1707 5243 perferre
1722 5154 1877 5238 labores,
1904 5156 2011 5225 simul
2037 5156 2209 5238 discendi,

175 5256 357 5339 strandas,
401 5255 439 5322 in
473 5277 515 5323 eo
548 5252 656 5321 fuisse
690 5251 813 5346 aliquo
847 5253 955 5322 modo
985 5254 1168 5345 significat.
1218 5255 1390 5338 docendi,
1422 5254 1619 5324 fabricandi
1647 5252 1847 5341 machinas,
1881 5258 2063 5349 spectandi
2090 5257 2209 5325 stella-

175 5353 352 5450 Equidem
372 5371 412 5427 ut
434 5353 597 5426 acumine
624 5353 701 5423 eius
723 5354 880 5425 delector
904 5353 943 5423 in
966 5351 1086 5443 libris,
1120 5358 1170 5428 ita
1219 5380 1299 5427 rum
1333 5359 1424 5440 loca,
1460 5357 1640 5427 scribendi
1673 5360 1926 5431 eruditissimas
1958 5358 2210 5443 enarrationes,

176 5463 340 5528 ardorem
365 5458 477 5529 animi
502 5456 671 5526 admiror.
730 5455 847 5528 Simul
871 5469 907 5530 et
929 5478 1029 5537 mens
1044 5458 1169 5530 volitat
1220 5459 1409 5530 evolvendi
1426 5471 1478 5529 tot
1494 5456 1733 5555 labyrinthos,
1758 5463 1888 5532 edendi
1903 5458 2043 5532 tabulas
2059 5481 2151 5547 siras,
2176 5477 2211 5533 et

176 5585 241 5663 per
266 5560 466 5631 universam
490 5581 610 5663 rerum
633 5571 815 5645 naturam,
830 5558 994 5632 -metitur
1022 5560 1111 5630 coeli
1135 5555 1171 5631 et
1219 5561 1371 5646 alienas,
1398 5561 1483 5634 item
1504 5556 1761 5654 Ephemerides
1785 5562 1974 5656 potuisset,
2007 5565 2211 5655 praesertim

236 5660 421 5752 Mensura.
449 5666 553 5733 Orrn.
581 5663 665 5731 Vos.
692 5663 754 5731 xl.
1508 5660 1559 5736 52
