4756 6022
15 1416 64 1493 g„

189 276 192 280 ’
266 333 342 409 575
434 368 437 372 2
968 319 1129 396 nucu.
1169 320 1242 395 nu
1275 316 1601 397 aunnosto.
2232 331 2309 406 aas

373 500 511 574 Rursus
529 508 578 566 est
594 494 632 562 in
650 456 994 578 luctuAmbrosius,
1019 494 1172 566 extincto
1187 491 1260 563 lm·
1312 517 1394 561 rum
1416 493 1568 584 impetus
1590 506 1734 585 propter
1758 488 1854 563 hunc
1875 472 2007 567 virum.
2056 491 2102 568 Et
2120 500 2210 572 vidit
2235 503 2307 573 labi

158 598 162 611 ⁸
275 620 451 702 peratore,
490 599 587 666 videt
610 619 732 667 rursus
762 596 966 684 impendere
991 597 1104 665 maius
1129 596 1259 666 bellum
1314 594 1495 664 civitatum
1517 595 1761 684 disciplinam,
1795 597 1972 685 corrumpi
1999 622 2135 680 mores,
2162 604 2308 673 fractam

276 708 386 779 civile.
439 701 579 772 Rursus
610 697 743 781 exrrlat,
778 710 812 764 et
840 697 878 763 in
907 694 1088 765 Etruriam
1113 698 1260 765 secedit:
1315 717 1388 762 esse
1413 697 1565 764 militnm
1591 697 1777 786 virtutem,
1810 697 1962 786 donique
1989 697 2192 787 impendere
2219 707 2311 774 lata-

275 831 338 878 nec
361 817 477 872 tamen
502 801 678 888 frangitur
701 797 841 876 animo,
867 800 926 865 sed
944 794 1187 867 Theodosium
1204 821 1263 864 ac·
1315 798 1383 865 lem
1401 796 1649 879 mutationem,
1674 812 1714 865 ut
1734 820 1828 864 istinc
1845 798 2006 865 divinare
2019 824 2224 892 possumus,
2248 832 2309 876 ex·

168 927 169 930 ’
277 909 397 988 cersit,
424 918 459 972 et
479 900 746 971 commonefacit
768 899 892 981 officii,
923 912 962 968 ut
984 901 1135 988 depellat
1160 895 1265 966 hasa
1316 898 1436 968 tinctis
1450 897 1536 986 piis,
1560 922 1651 987 qnae
1666 897 1878 967 calamitates
1892 914 2074 970 secuturae
2090 904 2170 977 sint.

278 1008 418 1098 Repub.
435 1005 568 1086 furias,
587 1024 676 1094 quae
693 1015 727 1070 et
743 1000 858 1089 ipsum
874 999 1073 1089 opprimere
1100 1013 1134 1070 et
1150 1000 1265 1068 delere
1420 997 1558 1067 Multae
1581 998 1726 1066 fuerunt
1749 1011 1864 1067 autem
1889 1000 1928 1066 in
1952 997 2172 1087 Theodosio,
2204 1022 2246 1078 ut
2269 1011 2310 1079 in

276 1107 411 1182 Christi
435 1126 566 1174 nomen
591 1115 774 1172 conentur.
828 1098 973 1169 lnterim
996 1116 1031 1172 et
1049 1102 1161 1171 Deum
1187 1123 1268 1190 pre·
1317 1100 1394 1167 viro
1411 1094 1575 1183 heroico,
1601 1121 1748 1187 magnae
1765 1090 1933 1184 virtutes,
1959 1103 2054 1172 inter
2068 1129 2163 1198 quas,
2185 1124 2224 1178 ut
2243 1113 2309 1179 de-

282 1224 392 1293 catur,
410 1220 450 1276 ut
467 1201 708 1273 Theodosium
725 1201 879 1270 adiuvet.
916 1198 1268 1291 VicitigiturTheo·
1319 1203 1390 1282 bel,
1415 1199 1766 1279 effllssebfllb‘mllass
1794 1202 2066 1277 seuclefflffllla·
2104 1205 2309 1281 Stdlamess

283 1310 402 1382 dosius
433 1306 569 1396 ingenti
595 1305 730 1394 praelio
760 1304 960 1384 seditiosos,
1002 1327 1153 1395 quorum
1181 1303 1270 1370 alter
1320 1303 1498 1369 interdum
1516 1294 1607 1369 banc
1621 1301 1806 1371 antevertit
1824 1304 1892 1370 ira:
1921 1316 1955 1372 et
1971 1319 2120 1374 naturae
2139 1333 2311 1400 pugnaces

282 1413 500 1499 ,arbogastus
534 1407 701 1474 inclinata
728 1405 819 1483 acie,
854 1405 891 1471 in
918 1405 998 1491 fuga
1025 1407 1092 1473 sibi
1121 1419 1269 1494 mortem
1321 1414 1404 1471 sunt
1420 1402 1600 1470 interdum
1616 1403 1779 1475 acriores.
1812 1400 1901 1474 Erat
1916 1404 2025 1491 igitur
2044 1401 2231 1504 ὀξύχολος,
2252 1437 2311 1484 seu

285 1511 466 1593 conscivit,
491 1508 589 1576 velut
603 1506 707 1588 Saul,
732 1507 821 1573 alter
838 1502 1023 1593 Eugenius
1039 1519 1170 1597 captus,
1196 1505 1270 1571 ius·
1322 1518 1362 1572 ut
1377 1500 1547 1571 Horatius
1563 1503 1700 1595 inquit,
1727 1500 1833 1573 irasci
1850 1506 1980 1573 facilis:
2007 1509 2057 1576 sic
2073 1523 2112 1578 ut
2130 1513 2311 1601 placabilis

233 1679 237 1685 .
287 1639 346 1686 sus
363 1627 412 1683 est
430 1607 581 1678 interfici
597 1621 631 1676 et
646 1606 781 1694 legibus
796 1630 926 1697 poenas
943 1609 1036 1676 dare.
1324 1617 1422 1676 esset.
1473 1601 1522 1672 Et
1544 1604 1731 1695 aliquoties
1756 1599 1811 1674 his
1844 1607 2018 1677 incendiis
2045 1613 2174 1682 subitis
2204 1617 2312 1684 animi

388 1712 475 1782 Post
490 1706 580 1777 hanc
595 1709 776 1777 victoriam
796 1708 892 1776 ltalia
906 1706 1097 1800 tranquilla
1111 1706 1190 1789 fuit,
1208 1705 1274 1772 do-
1324 1704 1492 1796 peccavit.
1545 1701 1635 1773 Cum
1652 1705 1692 1775 in
1708 1707 1796 1775 urbe
1814 1703 2062 1779 Thessalonica
2079 1716 2236 1805 quodam
2254 1741 2312 1785 su-

290 1809 592 1887 necTheodosius
612 1809 717 1893 vixit,
739 1808 799 1901 qni
826 1809 968 1902 quidem
990 1822 1107 1898 postea
1131 1808 1167 1873 in
1191 1830 1273 1896 pace
1326 1807 1399 1876 bito
1433 1828 1626 1895 paucorum
1660 1807 1832 1892 tumultu,
1870 1809 2037 1880 interfecti
2064 1829 2179 1884 essent
2205 1819 2313 1906 pauci

290 1917 402 1994 multa
419 1912 552 1981 utiliter
567 1910 766 1993 constituit,
785 1925 824 1980 ut
842 1933 896 1977 res
911 1905 1130 1979 Christianus
1145 1909 1275 1976 confir·
1325 1907 1474 1989 milites,
1509 1905 1702 1994 lmperator
1733 1908 1861 1992 iratus,
1888 1913 2048 1980 mandata
2076 1916 2192 2001 dedit,
2225 1942 2314 2006 pro·

292 2028 420 2097 maret,
446 2035 521 2083 non
542 2010 655 2079 solum
679 2010 796 2079 claudi
821 2010 949 2100 templa
975 2011 1092 2092 iussit,
1127 2023 1167 2079 ut
1188 2009 1274 2089 olim
1325 2010 1457 2076 miscue
1480 2007 1744 2076 multitudinem
1768 2012 1986 2082 trucidandi:
2012 2026 2046 2082 et
2068 2016 2237 2086 dicuntur
2257 2020 2314 2087 in-

291 2112 556 2197 constantium,
579 2113 639 2179 sed
655 2134 797 2199 prorsus
811 2111 985 2182 demoliri.
1019 2109 1165 2179 Viderat
1180 2100 1275 2179 enim
1327 2110 1468 2180 terfecta
1494 2121 1625 2198 septem
1654 2109 1766 2178 millia
1788 2105 1987 2185 hominum.
2039 2113 2148 2186 Fama
2171 2121 2314 2190 atrocis-

292 2220 358 2290 sub
374 2215 525 2292 Iuliano,
548 2213 630 2304 quia
647 2213 774 2302 templa
790 2224 1004 2295 manserant,
1030 2211 1189 2281 restituta
1205 2233 1277 2278 esse
1327 2210 1408 2279 simi
1422 2210 1504 2278 facti
1520 2233 1593 2276 non
1607 2209 1722 2278 solum
1741 2206 1948 2297 Ambrosio,
1972 2217 2032 2282 sed
2050 2219 2154 2287 etiam
2172 2223 2312 2290 caeteris

293 2314 433 2392 ethnica
470 2313 648 2386 sacrificia.
699 2310 827 2401 Quare
860 2313 934 2404 ipse
973 2313 1134 2382 funditus
1168 2310 1278 2380 deleri
1328 2308 1511 2400 Episcopis
1533 2332 1699 2398 magnum
1724 2313 1885 2380 dolorem
1908 2317 2045 2401 attulit,
2082 2320 2143 2411 qui
2167 2320 2313 2414 Synodo

292 2418 421 2510 templa
439 2415 585 2486 curavit.
1329 2425 1516 2482 convocata
1533 2405 1722 2481 hortantur
1737 2411 1978 2500 Ambrosium,
2003 2442 2048 2486 ue
2064 2417 2313 2511 lmperatorem

393 2515 500 2588 Hunc
522 2516 635 2607 coepit
658 2515 751 2585 vitae
774 2526 808 2582 et
831 2516 993 2583 laborum
1020 2513 1171 2583 fructum
1190 2509 1278 2582 Am·
1328 2513 1404 2582 sine
1422 2512 1636 2603 poenitentia
1655 2514 1699 2582 ad
1716 2516 2003 2585 communionem
2020 2521 2191 2591 admittat.
2235 2522 2315 2592 Pri·

294 2621 453 2703 brosius,
478 2619 573 2711 quod
596 2616 686 2686 vidit
705 2616 846 2685 tandem
870 2617 1054 2683 florentem
1078 2615 1188 2705 gloria
1204 2616 1278 2701 bo·
1329 2636 1426 2682 mum
1450 2614 1558 2700 igitur
1572 2610 1783 2684 Ambrosius
1801 2618 1973 2706 privatam
1991 2618 2188 2711 Epistolam
2208 2625 2314 2695 mittit

295 2747 400 2806 num,
431 2721 529 2811 pium
557 2732 591 2787 et
612 2717 802 2807 sapientem
820 2714 1040 2806 Principem,
1077 2719 1172 2810 quod
1190 2716 1279 2785 vidit
1329 2717 1371 2783 ad
1389 2714 1640 2804 ltnperatorem
1652 2732 1853 2787 reverenter
1868 2720 2050 2808 scriptam,
2075 2724 2112 2791 in
2129 2750 2197 2815 qua
2213 2726 2315 2795 dolo·

296 2827 418 2896 orbem
434 2836 605 2891 terrarum
621 2830 794 2907 pacatum,
815 2840 995 2908 oppressas
1010 2812 1181 2899 haereses,
1195 2841 1279 2884 con·
1330 2840 1402 2884 rem
1419 2838 1520 2884 suum
1538 2817 1698 2906 exponit,
1722 2841 1872 2911 eumque
1895 2823 1938 2888 ad
1953 2823 2203 2911 poenitentiam
2229 2823 2315 2895 hor·
2358 2891 2363 2903 ,

295 2923 430 2996 firmari
451 2917 684 2993 Christianos.
735 2917 842 2989 Nulla
866 2934 983 2988 tamen
1007 2933 1058 2988 est
1081 2933 1151 2989 tam
1172 2918 1279 2987 foelix
1329 2930 1434 2988 tatur.
1480 2914 1555 2985 sed
1568 2931 1730 2988 extenuat
1744 2944 1818 2988 rem
1835 2921 1990 2992 fortassis
2004 2923 2114 2993 aulica
2130 2929 2252 3009 turba,
2281 2941 2316 2997 et

298 3026 398 3107 aula,
428 3025 467 3090 in
491 3046 560 3115 qua
582 3045 655 3091 non
685 3020 844 3090 accidant
873 3021 1028 3109 insignes
1056 3019 1279 3117 offensiones.
1332 3017 1525 3108 lmperator
1551 3041 1624 3086 non
1655 3022 1798 3108 praebet
1826 3023 2060 3111 poenitentiae
2087 3027 2314 3115 significatio-

299 3125 455 3194 Multum
467 3124 620 3191 rixarum
634 3120 898 3192 fuitAmbrosio
912 3122 1016 3191 etiam
1031 3145 1112 3191 cum
1124 3117 1278 3211 ltocipso
1330 3122 1422 3192 ciem.
1473 3114 1564 3187 Cum
1587 3120 1696 3208 igitur
1717 3121 1876 3191 rediisset
1899 3124 2161 3213 Mediolanum,
2194 3142 2229 3198 et
2250 3152 2315 3197 suo

296 3222 484 3311 Principe,
509 3222 668 3312 quamvis
687 3224 782 3302 bono
808 3235 841 3290 et
857 3223 1021 3312 sapiente.
1060 3222 1130 3292 Sed
1147 3224 1220 3310 ipse
1235 3224 1278 3290 ad
1331 3245 1429 3287 more
1444 3219 1482 3287 in
1497 3221 1666 3311 templum
1684 3236 1852 3292 venturus
1868 3239 1967 3304 esset,
1993 3227 2168 3314 significat
2183 3243 2217 3299 et
2229 3226 2316 3298 Am·

298 3348 381 3395 eum
399 3319 537 3391 scribit:
569 3315 670 3391 Nihil
686 3341 758 3388 esse
774 3322 979 3412 popularius
994 3336 1028 3392 et
1041 3323 1227 3391 amabilius
1242 3324 1278 3389 in
1330 3322 1469 3388 brosius
1483 3343 1528 3388 ne
1543 3320 1679 3403 veniat,
1704 3325 1772 3392 nisi
1792 3347 1892 3392 snum
1904 3326 2068 3394 dolorem
2085 3344 2119 3399 et
2133 3333 2316 3421 poeniten-

202 3497 204 3501 ,
298 3425 482 3514 Principe,
516 3430 620 3515 quam
655 3421 852 3490 libertatem
886 3423 1055 3489 dicendae
1087 3423 1280 3491 sententiae
1331 3422 1414 3489 tiam
1449 3423 1608 3490 ostendat
1639 3438 1783 3514 propter
1815 3426 2083 3498 multitudinem
2121 3434 2316 3521 promiscue

174 3555 177 3562 ¹
298 3549 432 3598 amare:
458 3519 551 3593 nibil
570 3523 608 3592 in
631 3525 812 3592 sacerdote
828 3523 985 3613 turpius,
1008 3546 1113 3615 quam
1131 3546 1203 3590 non
1219 3548 1282 3591 au·
1331 3520 1558 3590 trucidatam:
1595 3537 1629 3594 et
1659 3525 1865 3614 praescribit
1893 3541 2041 3618 tempus.
2097 3529 2175 3600 Etsi
2199 3546 2318 3602 autem

262 3710 265 3717 ⁸
299 3631 384 3700 dere
407 3626 504 3721 quod
522 3625 648 3695 sentiat
668 3623 794 3716 dicere.
846 3619 899 3693 Ac
919 3623 1065 3712 longum
1084 3637 1172 3693 esset
1193 3625 1281 3691 reci·
1331 3618 1416 3691 baec
1431 3637 1552 3692 nostra
1567 3640 1677 3708 aetas,
1703 3627 1845 3697 inimica
1862 3629 2067 3720 disciplinae
2087 3627 2319 3723 reprehendit

298 3744 392 3812 tare,
418 3731 462 3799 de
483 3727 612 3821 quibus
627 3725 733 3794 rebus
748 3748 827 3794 cum
848 3722 1061 3815 lmperatore
1076 3727 1280 3814 expostulet.
1332 3722 1579 3804 Ambrosium,
1607 3743 1645 3796 ut
1665 3728 1790 3799 dicunt
1812 3730 1977 3800 nonnulli
1999 3725 2074 3802 cum
2098 3728 2317 3823 Imperatore

390 3828 511 3901 Mores
527 3827 630 3899 etiam
647 3826 784 3896 Ducum
800 3823 938 3898 Ruffini
952 3839 985 3894 et
1001 3823 1195 3896 Stilliconis
1208 3850 1281 3895 non
1331 3825 1438 3893 fuisse
1453 3826 1594 3894 civilius
1613 3831 1805 3916 agendum,
1830 3830 1937 3900 fuisse
1953 3857 2033 3902 mox
2054 3834 2316 3903 admittendum

299 3933 480 4026 probavit,
503 3953 565 4021 per
584 3953 672 4022 quos
688 3927 779 3996 vidit
800 3927 878 3996 acui
896 3926 1121 4018 Imperatoris
1138 3928 1276 3995 iracun·
1332 3927 1375 3993 ad
1399 3926 1571 4018 synaxin,
1593 3952 1672 3997 cum
1692 3947 1893 4019 agnosceret
1916 3948 2078 4007 erratum.
2128 3933 2269 4003 Tamen
2287 3935 2317 4003 si

251 4048 258 4053 “
299 4037 407 4106 diam.
460 4029 506 4100 Et
525 4028 710 4101 Rullinum
740 4029 847 4097 luisse
877 4052 999 4119 parum
1031 4028 1139 4098 lidum
1170 4029 1282 4098 exitus
1331 4026 1423 4115 legas
1438 4023 1644 4115 Epistulam,
1668 4030 1705 4098 in
1722 4056 1789 4123 qua
1807 4035 1962 4122 primum
1977 4059 2099 4103 arcana
2117 4036 2316 4104 admonitio

298 4135 462 4206 ostendit.
513 4127 566 4198 De
583 4128 766 4198 Stillicone
780 4124 872 4196 nihil
889 4130 1055 4210 adfirmo,
1080 4130 1180 4199 cuius
1195 4129 1282 4196 scri·
1332 4128 1541 4218 praescripta
1556 4141 1619 4214 est,
1638 4131 1775 4203 videbis
1788 4132 2017 4203 Ambrosium
2032 4130 2123 4204 nihil
2138 4128 2316 4217 iracunde,

172 4272 176 4279 ·
248 4309 255 4331 .
296 4236 378 4304 bam
395 4243 538 4323 propter
551 4229 629 4295 falsi
647 4229 797 4309 crimen,
823 4224 1033 4297 Ambrosius
1047 4253 1169 4318 magna
1185 4253 1282 4296 seve·
1331 4241 1392 4297 aut
1411 4229 1644 4299 irreverenter
1666 4233 1783 4321 egisse.
1842 4233 2010 4305 Testatur
2031 4261 2068 4305 se
2092 4252 2126 4306 ct
2148 4238 2237 4306 alios
2262 4239 2317 4305 in·

298 4336 401 4403 ritate
422 4327 754 4399 excommunicavit:
787 4349 826 4394 ac
844 4350 889 4394 ne
912 4328 1040 4416 putetis
1062 4324 1130 4397 hoc
1146 4330 1281 4398 fulmen
1330 4329 1423 4416 genti
1445 4330 1566 4400 dol‘ore
1581 4332 1700 4415 adlici,
1726 4350 1871 4423 propter
1886 4333 1977 4405 hanc
1993 4353 2114 4407 notam
2130 4340 2223 4409 tanti
2237 4339 2316 4408 viri.

298 4435 337 4502 in
355 4456 436 4500 vera
451 4426 607 4498 Ecclesia
632 4427 737 4496 inane
758 4426 1080 4496 terriculamentum
1104 4452 1194 4509 esse,
1220 4433 1279 4499 sed
1331 4425 1421 4499 Orat
1440 4435 1658 4515 verecunde,
1682 4447 1722 4502 ut
1737 4436 1904 4506 delictum
1925 4453 2111 4527 agnoscat,
2133 4454 2174 4510 ut
2191 4441 2317 4509 eximat

298 4560 337 4604 re
352 4533 428 4624 ipsa
444 4528 618 4598 cruciatus
634 4542 667 4597 et
681 4524 857 4620 Erinnyes
871 4527 970 4620 sequi
986 4527 1115 4611 sciatis,
1133 4543 1173 4598 ut
1188 4528 1280 4599 Pau·
1330 4526 1536 4600 bominibus
1552 4533 1775 4621 opinionem,
1803 4539 1864 4629 qui
1884 4539 1953 4606 iam
1971 4566 2045 4608 non
2068 4543 2140 4626 sui,
2167 4544 2226 4611 sed
2246 4566 2317 4609 ma-

297 4637 355 4705 lus
370 4635 430 4719 ait,
458 4632 667 4702 tradendum
682 4653 755 4698 esse
766 4630 943 4698 incestum
957 4630 1123 4710 Satanae,
1150 4644 1189 4699 ut
1202 4656 1279 4699 cor·
1329 4630 1446 4700 lorum
1464 4631 1668 4722 Principum
1685 4635 1834 4706 similem
1852 4641 1926 4707 fore
1942 4642 2173 4717 arbitrentur.

296 4760 361 4828 pus
378 4734 612 4816 excrucietur,
638 4745 672 4801 et
687 4731 831 4822 spiritus
845 4731 961 4800 salvus
976 4731 1056 4799 fiat:
1079 4731 1171 4799 idem
1189 4732 1279 4800 acci·
1429 4730 1526 4802 llaec
1539 4729 1698 4822 Epistola
1714 4762 1793 4807 eum
1811 4736 1902 4808 nihil
1926 4744 2148 4832 profecisset,
2175 4745 2317 4834 gravio·

296 4839 348 4907 dit
365 4833 448 4906 huie
460 4836 613 4917 scribae,
639 4833 756 4902 statim
777 4844 854 4921 post
869 4829 1050 4900 Ambrosii
1066 4857 1198 4916 vocem,
1222 4833 1280 4902 fu·
1328 4839 1402 4900 rem
1423 4827 1548 4902 babuit
1568 4858 1707 4906 causam
1727 4841 1956 4928 Ambrosius,
1983 4860 2023 4914 ut
2041 4846 2182 4936 publice
2201 4847 2319 4915 decla·

175 4972 180 4981 ·
296 4961 374 5006 rere
396 4938 487 5027 cepit
512 4935 700 5024 exagitatus
723 4958 742 5002 a
767 4933 927 5015 diabolo,
964 4936 1022 5000 sed
1044 4949 1121 5024 post
1145 4935 1281 5025 aliquot
1328 4945 1421 5002 raret
1439 4955 1541 5001 suum
1559 4935 1747 5008 iudicium:
1765 4939 1915 5012 Facinus
1930 4969 2004 5013 non
2020 4960 2093 5016 erat
2110 4947 2316 5016 excusabile.

297 5040 372 5108 dies
398 5059 519 5106 rursus
542 5058 621 5105 eum
641 5035 806 5104 liberavit
822 5033 1050 5118 Ambrosius,
1086 5038 1176 5105 etad
1195 5058 1279 5124 poe-
1328 5031 1448 5120 Quare
1490 5057 1569 5104 cum
1612 5041 1748 5110 nullam
1781 5046 1989 5115 ostendisset
2025 5049 2319 5136 significationem

296 5139 482 5208 nitentiam
515 5136 701 5205 revocavit.
760 5134 1026 5226 Qualiscunque
1059 5150 1175 5205 autem
1211 5136 1278 5203 fuit
1327 5135 1575 5225 poenitentiae,
1598 5140 1665 5209 fuit
1682 5137 1747 5211 bac
1762 5147 1933 5214 utendum
1949 5150 2143 5223 severitate.
2173 5147 2321 5220 Utinam

210 5271 228 5290 ⁸
295 5240 453 5318 Stillico,
479 5250 595 5306 tamen
614 5238 657 5304 de
670 5232 859 5306 Ambrosio
881 5259 963 5304 vere
987 5248 1037 5304 est
1057 5237 1279 5319 vaticinatus,
1327 5258 1424 5304 nunc
1445 5236 1508 5328 qui
1531 5256 1699 5328 praesunt
1717 5240 1899 5331 Ecclesiis,
1925 5262 2115 5343 utrumque
2135 5248 2321 5343 Ambrosii

294 5366 335 5412 eo
357 5343 436 5410 viro
459 5337 631 5419 extincto,
666 5333 803 5405 ltaliam
832 5337 988 5407 futuram
1019 5359 1094 5406 esse
1121 5337 1280 5405 miserri-
1327 5339 1475 5428 exempli
1492 5340 1726 5416 imitarentur.
1761 5343 2322 5440 Primumdiligentiam,etcan-

291 5465 403 5514 mam:
428 5437 597 5513 iudicavit
617 5437 746 5528 opinor
758 5433 874 5506 Deum
895 5438 1087 5529 reprimere
1107 5437 1279 5507 barbaro-
1327 5439 1451 5507 dorem
1466 5440 1504 5507 in
1522 5442 1656 5530 privata
1672 5445 1928 5535 admonitione,
1947 5452 2080 5531 ¹deinde
2095 5455 2324 5526 severitatem
