4732 6030
79 253 156 333 tte
569 247 729 328 DECL.
756 247 833 326 DE
866 246 1098 326 STUDlIS
1128 240 1628 323 ADOLESCENTUM.
2038 234 2113 310 1⁹0

77 425 222 496 nullum
238 421 283 493 sit
299 420 538 518 tyrocinium?
561 420 644 493 Non
661 420 769 512 igitur
785 423 890 493 debet
912 435 1071 513 praeter·
1121 420 1238 492 omnis
1262 417 1471 489 aedificandi
1492 417 1598 486 labor
1618 437 1658 484 ac
1679 426 1859 505 sumptus,
1885 424 2050 483 ettamen
2068 432 2111 481 ea

78 527 176 598 mitti
193 525 266 594 ulla
284 524 440 610 occasio,
465 546 534 617 qua
552 537 734 617 utcunque
752 549 872 594 rerum
891 536 1070 594 tantarum
1121 546 1235 616 neque
1250 521 1437 612 conspicua
1451 533 1534 589 suut
1549 541 1614 587 nec
1627 515 1975 605 magnificentiaeaut
1988 513 2110 603 splen·

42 653 46 671 ¹
80 629 184 699 ruina
200 626 320 696 fnlciri
344 650 383 695 ac
409 620 592 718 prohiberi
612 627 746 718 possit,
786 623 961 696 Examina
986 648 1070 694 vero
1120 625 1201 696 dori
1225 623 1466 694 aedificiorum
1487 620 1682 713 quidquam
1711 619 1868 700 addunt,
1904 617 1953 687 ita
1981 611 2111 685 harum
2230 670 2233 675 ,

80 744 272 822 utrumqne
295 741 492 818 praestant,
523 728 645 799 fovent
672 728 831 799 studium
862 727 1072 797 ecclesiasti·
1120 728 1316 820 primarum
1340 726 1469 797 artium
1492 721 1688 812 cognitioni
1712 743 1775 790 ceu
1797 718 2029 788 fundamento
2052 715 2112 785 in-

80 855 141 903 cae
155 829 357 915 doctrinae,
383 844 418 900 et
433 831 477 899 ad
495 830 665 901 elementa
681 830 820 922 pietatis
839 830 1070 922 perdiscenda
1122 830 1288 900 nituntur
1301 851 1424 896 omnes
1442 839 1598 895 caeterae
1615 822 1833 913 disciplinae,
1849 820 1921 890 etsi
1936 820 2033 911 ipsae
2048 839 2112 909 per

80 933 228 1022 adigunt
245 932 505 1016 adolescentes,
530 954 595 1000 nec
612 956 652 1002 ea
668 956 834 1024 prorsum
855 931 986 1023 negligi
1009 944 1071 1002 aut
1119 954 1156 1001 se
1172 931 1291 1000 minus
1306 925 1441 1000 habent
1461 927 1661 1019 splendoris
1675 937 1736 994 ant
1752 922 2017 1006 ostentationis,
2041 914 2113 989 hoc

79 1034 292 1104 intercidere
309 1034 505 1126 patiuntur,
531 1047 564 1104 et
583 1027 709 1105 harum
729 1034 924 1124 primarum
939 1034 1068 1103 artium
1120 1047 1239 1104 tamen
1264 1032 1352 1101 iuris
1379 1056 1419 1101 ac
1444 1031 1627 1121 dignitatis
1649 1027 1833 1109 obtinent,
1865 1038 1905 1096 ut
1926 1024 2003 1092 sine
2026 1020 2113 1112 ipsis

80 1134 345 1208 Grammaticae
376 1159 417 1205 ac
445 1132 657 1205 Dialecticae
690 1137 892 1206 rudimenta
927 1158 1070 1206 conser-
1122 1136 1261 1206 nullum
1295 1156 1404 1223 genus
1437 1132 1620 1201 doctrinae
1650 1129 1739 1199 disci
1765 1141 1857 1198 recte
1883 1126 2015 1217 possit,
2054 1121 2112 1192 vel

80 1250 178 1309 rant.
231 1235 371 1308 Scimus
394 1249 512 1307 antem
538 1260 645 1330 quam
670 1238 859 1307 difficulter
879 1239 924 1307 ad
948 1262 987 1307 ca
1013 1237 1071 1306 di·
1120 1235 1276 1308 tractari.
1328 1233 1419 1304 Nam
1436 1256 1525 1326 quae
1540 1244 1698 1301 monstra
1712 1230 1858 1318 gignant
1873 1229 1911 1297 in
1929 1226 2009 1297 aliis
2024 1223 2114 1294 arti-

79 1340 211 1411 scenda
227 1339 483 1430 compellantur
498 1338 747 1420 adolescentes,
764 1353 947 1432 propterea
964 1341 1071 1433 quod,
1121 1341 1205 1423 bus,
1247 1336 1310 1430 qui
1343 1334 1534 1419 sermonis,
1578 1356 1683 1426 quem
1720 1328 1960 1400 Grammatica
1988 1324 2114 1410 tradit,

79 1455 124 1512 ut
145 1463 226 1509 vere
250 1437 381 1511 Fabius
404 1439 513 1526 dixit,
543 1441 624 1532 plus
654 1436 787 1512 habent
816 1443 933 1534 operis
963 1465 1070 1536 quam
1122 1438 1237 1532 ignari
1258 1438 1388 1508 erunt?
1428 1436 1547 1525 Quam
1562 1460 1647 1505 vero
1668 1431 1870 1524 prodigiose
1891 1431 2114 1514 iudicabunt,

80 1541 338 1614 ostentationis.
381 1540 505 1635 Neque
518 1544 709 1614 obscurum
727 1558 795 1629 est,
821 1568 926 1637 quam
943 1539 1070 1613 harum
1122 1558 1155 1614 et
1179 1564 1266 1636 quas
1291 1536 1495 1623 Chimeras,
1521 1562 1610 1631 quos
1633 1534 1944 1628 Hippocentanros
1966 1531 2114 1622 fingent,

80 1643 215 1715 artium
248 1644 403 1734 cognitio
453 1646 647 1717 necessaria
680 1646 728 1717 sit
758 1647 803 1717 ad
833 1648 1071 1740 quodcunque
1122 1647 1166 1717 ad
1191 1667 1439 1739 quameunque
1469 1640 1696 1731 disciplinam
1723 1649 1896 1729 proruent
1923 1656 2016 1718 sese,
2050 1630 2114 1725 qui

80 1744 230 1816 omnino
252 1768 363 1835 genus
388 1747 572 1817 doctrinae
594 1734 858 1840 adspirantibus
866 1773 876 1834 ;
909 1761 944 1817 et
964 1771 1071 1840 quam
1121 1744 1335 1818 Dialecticae
1354 1744 1514 1815 subsidio
1537 1739 1717 1821 destituti,
1749 1760 1864 1831 neque
1886 1760 1961 1806 rem
1986 1734 2115 1803 obscu-

78 1869 156 1917 non
179 1846 393 1917 infoeliciter
414 1849 539 1932 modo,
564 1852 626 1918 sed
649 1865 683 1922 et
702 1850 855 1941 turpiter
873 1849 1073 1942 superiores
1123 1872 1199 1918 ram
1221 1846 1423 1916 deliniendo
1447 1846 1639 1936 explicare,
1677 1866 1742 1912 nec
1767 1839 1971 1929 ambiguam
1993 1835 2115 1904 videre

79 1947 289 2039 disciplinas
311 1961 482 2029 tractent,
509 1950 571 2042 qui
593 1945 679 2021 haec
700 1951 929 2020 fundamenta
952 1950 1072 2036 negle-
1124 1962 1187 2019 aut
1206 1947 1444 2038 distinguere,
1475 1970 1541 2017 nec
1561 1958 1670 2016 totam
1690 1944 1729 2012 in
1750 1956 1866 2035 partes
1889 1962 1970 2010 suas
1990 1934 2116 2007 distri·

78 2062 222 2124 xerunt.
274 2046 374 2138 Quid
391 2049 486 2118 enim
510 2050 552 2118 in·
566 2074 777 2145 quacunque
802 2051 870 2120 alia
884 2051 1072 2143 disciplina
1123 2052 1234 2121 buere
1250 2050 1380 2134 scient,
1407 2073 1471 2118 nec
1484 2048 1645 2118 ordinem
1660 2046 1793 2130 ullum,
1818 2056 1881 2114 aut
1892 2062 2116 2133 consequen-

79 2150 221 2234 efficiet,
246 2150 308 2243 qui
324 2152 500 2220 sermonis
516 2151 589 2220 vim
606 2177 647 2223 ac
663 2152 912 2259 proprietatem
928 2153 1072 2242 ignora·
1124 2154 1209 2223 tiam
1231 2175 1352 2221 rerum
1370 2150 1582 2241 intelligent.
1633 2143 1734 2219 Nihil
1760 2146 1853 2216 firmi
1877 2168 1944 2215 nec
1967 2142 2037 2234 ipsi
2057 2139 2116 2209 di-

80 2252 162 2324 bit?
186 2249 378 2341 Quomodo
396 2251 459 2321 ille
477 2252 601 2345 scripti
615 2254 766 2326 alicuius
787 2255 996 2324 sententiam
1010 2278 1072 2323 ve-
1124 2277 1238 2339 scere‚
1263 2277 1380 2346 neque
1400 2253 1488 2323 alios
1502 2257 1627 2324 docere
1648 2262 1835 2343 poterunt,
1859 2244 2116 2339 susquedeque

79 2352 249 2438 nabitur,
274 2376 355 2448 cum
371 2355 479 2424 verba
498 2369 532 2426 et
554 2379 677 2427 eorum
699 2370 910 2427 structuram
926 2380 1000 2426 non
1015 2355 1071 2424 in·
1124 2356 1268 2428 incertis
1296 2368 1409 2440 certa,
1449 2379 1531 2424 vera
1560 2353 1659 2425 falsis
1683 2354 1856 2420 misceant
1887 2369 2027 2417 neeesse
2053 2355 2116 2417 εει.

81 2455 241 2546 fellisti?
287 2453 405 2544 Quam
436 2457 638 2548 prodigiosa
667 2459 805 2529 somnia
833 2458 957 2549 finget,
991 2482 1073 2527 cum
1122 2458 1447 2531 Commemorarem
1463 2479 1568 2549 quam
1586 2454 1685 2523 noxii
1701 2455 1789 2524 tales
1804 2452 1934 2522 deinde
1951 2443 2116 2518 homines

79 2558 131 2630 ita
147 2581 211 2629 ceu
227 2556 283 2627 via
299 2558 431 2650 lapsus,
456 2560 629 2630 orationis
643 2584 749 2631 sensu
765 2560 965 2646 destitutus,
990 2584 1073 2629 sen·
1123 2560 1333 2650 Rebuspub.
1349 2584 1389 2629 ac
1397 2555 1564 2630 Ecclesiis
1581 2555 1717 2626 soleant
1731 2576 1816 2636 esse,
1842 2564 1875 2620 et
1890 2572 1997 2644 quam
2013 2568 2115 2638 saepe

80 2660 230 2732 tentiam
256 2660 354 2731 velut
383 2660 424 2730 in
455 2661 612 2733 tenebris
641 2663 789 2755 palpans
822 2657 1073 2754 prehensabit?
1124 2662 1323 2753 ingentium
1345 2660 1565 2730 tumultuum
1588 2671 1694 2750 atque
1716 2655 1873 2726 cladium
1892 2665 2033 2721 autores
2054 2670 2116 2718 ex-

79 2759 206 2835 Rcbus
232 2785 374 2855 quoque
407 2787 488 2834 eum
521 2765 667 2835 destitui
693 2787 832 2834 necesse
860 2780 929 2850 est,
963 2788 1069 2859 quem
1125 2763 1281 2849 titerint,
1308 2762 1377 2831 nisi
1402 2762 1440 2830 id
1463 2786 1531 2832 usu
1548 2775 1653 2854 atque
1676 2773 1880 2830 nostrorum
1900 2754 2006 2824 etiam
2024 2765 2116 2824 tem·

80 2864 198 2935 oratio
212 2878 247 2935 et
263 2865 388 2949 verba,
413 2865 545 2957 quibus
561 2889 617 2933 res
632 2877 715 2933 sunt
730 2865 911 2934 involutae
932 2888 972 2934 ac
988 2890 1073 2956 pro·
1126 2889 1252 2960 porum
1268 2862 1481 2956 experientia
1497 2863 1607 2931 nimis
1623 2877 1748 2933 notum
1762 2883 1835 2929 esse
1849 2856 2055 2935 arbitrarer,
2081 2862 2116 2920 et

80 2965 198 3052 ditae,
224 2965 433 3036 destituunt.
484 2959 594 3032 Recte
615 2963 724 3051 igitur
742 2960 981 3035 Grammaticis
1003 2990 1074 3035 nu·
1124 2966 1285 3059 angustia
1307 2965 1476 3056 temporis
1496 2989 1554 3034 mc
1579 2963 1616 3032 id
1637 2964 1752 3032 facere
1774 2954 1956 3055 prohibet.
2015 2952 2117 3044 Qua·

79 3066 210 3138 tricnla
232 3064 364 3133 dicitur
387 3061 548 3131 omnium
577 3063 708 3133 artium
732 3086 772 3132 ac
795 3063 1075 3156 disciplinarum,
1124 3082 1269 3163 propter
1291 3068 1360 3136 iam
1382 3066 1489 3134 finem
1512 3065 1657 3151 faciam,
1681 3064 1919 3134 adolescentes
1936 3053 2118 3159 adhortor,

79 3181 116 3240 et
130 3168 187 3236 illi
203 3176 359 3235 caeterae
381 3163 539 3248 laudem,
566 3159 663 3234 bunc
678 3159 852 3234 honorem
870 3181 903 3239 et
926 3167 1073 3256 gratiam
1124 3185 1163 3241 ut
1179 3171 1286 3239 istum
1304 3168 1464 3238 discendi
1479 3167 1664 3252 ordinem,
1688 3189 1794 3260 quem
1812 3188 1875 3256 per
1896 3157 1963 3233 hos
1985 3161 2116 3252 gradun

77 3265 332 3339 nutricationis
351 3264 506 3334 libenter
527 3266 706 3337 tribuunt:
737 3281 884 3338 sumunt
912 3270 1008 3338 enim
1027 3271 1074 3340 ab
1123 3270 1260 3343 veteres
1281 3271 1496 3362 descriptum
1517 3269 1728 3353 voluerunt,
1761 3280 1796 3338 et
1818 3265 1998 3345 examina,
2025 3284 2118 3355 quo·

79 3392 123 3440 ea
138 3365 369 3459 unaqualibet
388 3378 522 3436 certum
544 3391 585 3437 ac
608 3368 795 3460 proprium
817 3371 990 3440 orationis
1014 3394 1074 3460 ge-
1124 3397 1204 3444 rum
1225 3386 1297 3444 tam
1319 3372 1555 3464 multiplicem
1576 3370 1763 3442 utilitatem
1785 3391 1858 3439 esse
1875 3367 2020 3454 vident,
2041 3385 2116 3432 non

78 3493 162 3555 nus,
186 3482 222 3539 et
236 3482 356 3538 arcem
368 3491 409 3538 ac
423 3468 602 3559 repellunt
617 3494 636 3540 a
650 3493 687 3540 se
702 3494 763 3540 eos
777 3470 982 3563 discipulos,
1010 3473 1073 3566 qui
1124 3487 1366 3558 contemnant,
1392 3476 1453 3545 sed
1468 3486 1625 3546 statuant
1641 3495 1701 3543 eos
1716 3472 1779 3564 qui
1794 3471 1860 3539 ista
1875 3467 2117 3547 instituerunt,
2223 3508 2230 3513 -

80 3568 346 3644 Grammaticae
366 3570 477 3639 ubera
503 3570 602 3661 prins
625 3596 699 3642 non
720 3587 902 3647 suxerunt.
954 3572 1073 3663 Quin·
1122 3601 1190 3648 usu
1203 3591 1308 3669 atque
1323 3590 1434 3647 aetate
1447 3578 1527 3665 plus
1542 3575 1686 3665 vidisse,
1713 3586 1749 3643 et
1761 3571 1964 3641 fidelissime
1981 3564 2116 3638 doctri·

77 3673 224 3746 tilianus
242 3671 393 3765 requirit
410 3672 468 3741 vel
487 3673 674 3765 praecipue
697 3674 847 3768 nutricis
864 3699 1007 3766 operam
1033 3675 1073 3745 in
1123 3701 1190 3747 nae
1232 3678 1359 3747 studiis
1398 3701 1439 3747 ac
1472 3676 1681 3769 Rebuspub.
1715 3675 1915 3745 consultum
1955 3668 2117 3758 cupiisse.

78 3775 269 3847 formando
284 3773 388 3864 pueri
402 3796 464 3843 ore
478 3796 518 3843 ac
536 3775 675 3864 lingua,
701 3777 849 3869 vultque
865 3777 972 3868 deligi
996 3802 1071 3847 non
1123 3780 1295 3851 Dissoluti
1317 3779 1452 3869 ingenii
1479 3794 1549 3864 est,
1584 3803 1664 3848 eum
1688 3772 1917 3847 sanctissimis
1940 3771 2116 3838 maiorum

78 3876 306 3960 indisertam,
357 3889 392 3945 et
423 3874 626 3946 fabularum
658 3901 699 3947 ac
732 3873 963 3950 historiarum
997 3904 1071 3949 non
1123 3881 1296 3951 institutis
1309 3904 1348 3948 ac
1361 3878 1523 3948 moribus
1536 3900 1706 3969 pugnare,
1727 3889 1762 3944 et
1776 3873 1895 3941 nullas
1909 3873 2012 3959 leges,
2031 3867 2116 3938 nul·

80 3979 263 4068 ignaram,
288 4001 449 4070 quaeque
465 4001 545 4047 cnm
570 3978 685 4069 primo
703 3978 792 4049 lacte
811 3978 918 4049 simul
941 4005 1071 4070 purum
1122 3983 1198 4051 lum
1220 3979 1383 4049 ordinem
1401 3999 1522 4063 nosse,
1548 3990 1679 4048 temere
1693 3975 1814 4046 omnia
1831 3974 1988 4065 citraque
2005 3970 2115 4040 ratio·

84 4078 256 4149 orationis
286 4101 396 4169 genus
421 4091 457 4149 ct
470 4082 642 4172 quaedam
661 4079 875 4151 liberalioris
889 4080 1072 4150 doetrinae
1123 4105 1205 4150 nem
1230 4078 1497 4165 administrare,
1529 4076 1759 4175 Cyclopicum
1782 4089 1848 4148 εει.
1904 4073 2006 4163 Quae
2034 4072 2115 4162 plus

82 4180 256 4252 elementa
282 4180 456 4252 instillare
479 4182 601 4272 possit.
661 4180 763 4271 Quae
787 4184 872 4251 dero
894 4182 1072 4253 nutricula
1124 4207 1229 4277 quam
1262 4181 1447 4252 barbarica
1475 4182 1564 4265 vita,
1600 4182 1685 4275 qnia
1710 4194 1833 4251 nostro
1861 4177 1978 4247 seculo
2006 4173 2116 4244 nimis

79 4292 199 4375 potest
212 4285 255 4353 ad
273 4278 358 4353 haee
375 4282 557 4354 efficienda
573 4283 684 4373 magis
703 4284 831 4354 idonea
848 4307 939 4370 esse,
965 4308 1071 4379 quam
1125 4287 1237 4377 placet
1261 4278 1487 4369 hominibus,
1513 4285 1675 4354 videmus
1693 4307 1799 4376 quam
1816 4280 1938 4350 multis
1960 4275 2115 4367 ingenti·
2192 4324 2234 4377 .‘

81 4380 346 4456 Grammatiea?
396 4381 542 4456 Format
572 4380 659 4456 haec
692 4386 865 4478 fingitque
896 4408 937 4456 os
970 4387 1073 4478 pueri
1122 4389 1190 4459 bus
1212 4386 1316 4455 malis
1339 4387 1502 4456 laborent
1525 4381 1583 4457 his
1610 4384 1831 4477 temporibus
1850 4404 1906 4452 res
1927 4377 2115 4461 humanae,

80 4498 261 4572 tenerum,
287 4486 479 4557 adsuefecit
499 4489 545 4557 ad
561 4488 735 4559 sermonis
759 4510 869 4579 genus
885 4489 1071 4580 proprium
1123 4501 1323 4584 quantaque
1338 4488 1383 4560 sit
1398 4489 1558 4558 omnium
1573 4512 1686 4580 prope
1704 4511 1823 4557 rerum
1839 4485 2059 4579 perturbatio
2074 4505 2115 4553 ac
2190 4498 2196 4517 ·’

77 4610 122 4661 ac
138 4603 295 4675 canum,
318 4593 520 4679 poiimatum
537 4602 642 4682 atque
657 4586 887 4661 historiarum
903 4591 1072 4661 noticiam
1123 4590 1362 4675 labefactatio,
1400 4604 1433 4660 et
1458 4614 1563 4683 quam
1587 4614 1662 4661 non
1693 4589 1799 4680 paulo
1829 4590 2011 4680 graviora,
2043 4585 2115 4655 nisi

79 4689 212 4775 tradit,
236 4705 272 4761 ει
288 4692 351 4761 ἱΙΙο
368 4692 486 4781 primo
499 4692 590 4761 lacte
607 4692 827 4786 eloquentiae
843 4715 883 4762 ac
900 4693 1072 4783 gravioris
1122 4692 1220 4764 Deus
1250 4692 1421 4782 singulari
1450 4692 1636 4762 elementia
1667 4687 1875 4782 prohibeat,
1909 4692 2115 4782 impendere

79 4792 270 4865 doctrinae
295 4808 437 4885 pectora
462 4792 543 4878 alit,
576 4794 723 4884 subigit,
748 4808 1004 4887 praeparatque
1026 4796 1071 4864 ad
1122 4796 1323 4868 videantur.
1374 4791 1424 4865 Ut
1450 4794 1544 4863 enim
1570 4795 1609 4862 in
1636 4806 1827 4877 concentu,
1851 4792 1882 4860 si
1899 4818 1967 4863 vox
1982 4816 2054 4863 nna
2070 4792 2116 4861 ab

77 4895 292 4987 capiendum
326 4895 528 4965 uberiorem
562 4908 776 4965 caeterarum
804 4896 1071 4989 disciplinarum
1123 4893 1308 4967 harmonia
1330 4896 1517 4980 dissideat,
1542 4909 1696 4966 caeterae
1716 4917 1839 4964 omncs
1854 4895 2037 4966 dissonare
2057 4894 2116 4964 in-

78 4996 230 5069 cultum.
280 4997 365 5068 Non
392 4997 501 5087 igitur
533 4997 652 5068 tenuis
683 5011 745 5068 aut
770 4998 888 5068 ieiuna
920 5012 972 5069 est
998 4999 1073 5067 eius
1122 5000 1278 5091 cipiunt,
1313 5010 1456 5091 totaque
1483 4992 1693 5092 symphonia
1725 4997 1975 5086 perturbatur,
2010 5000 2058 5067 ita
2085 4999 2117 5066 si

76 5121 208 5190 opera,
238 5103 298 5171 sed
325 5100 380 5169 vel
403 5100 590 5191 praecipua
611 5113 644 5171 et
669 5123 710 5169 ex
734 5101 901 5171 omnibus
922 5101 1072 5170 maxime
1121 5124 1194 5170 una
1212 5102 1330 5193 aliqua
1349 5101 1388 5169 in
1405 5124 1444 5169 re
1458 5114 1478 5168 a¹
1493 5100 1629 5188 legibus
1643 5098 1856 5182 disceditur,
1887 5099 2116 5195 consequitur

75 5203 287 5287 necessaria,
307 5202 372 5274 etsi
388 5200 423 5269 id
438 5200 476 5268 in
492 5203 642 5293 speciem
658 5204 779 5270 minus
792 5204 946 5293 adparet.
979 5199 1070 5271 Nam
1122 5187 1202 5271 aliis
1228 5227 1370 5296 quoque
1396 5202 1435 5271 in
1460 5202 1566 5272 rebus
1592 5202 1731 5272 infinita
1765 5203 1983 5294 perturbatio
2009 5216 2116 5293 atque

76 5305 381 5398 quemadmodum
399 5305 640 5375 fundamentis
656 5305 738 5374 nixa
754 5318 836 5376 sunt
857 5317 890 5374 et
914 5303 1071 5374 fulciun-
1123 5304 1306 5398 dissipatio
1328 5304 1467 5376 ordinis
1490 5328 1531 5374 ac
1552 5303 1772 5396 disciplinae.
1824 5303 2050 5396 Quapropter
2067 5327 2115 5374 ne

73 5417 139 5478 tur
162 5408 341 5493 aedilicia,
381 5405 536 5500 quaesi
562 5431 689 5499 parum
715 5407 815 5476 lirina
842 5418 944 5494 sunt,
977 5407 1070 5501 perit
1121 5407 1272 5479 minima
1300 5407 1444 5502 qnidem
1477 5410 1735 5479 contemnenda
1770 5420 1871 5493 sunt,
1907 5403 2114 5498 praesertim
