4732 6030
177 375 255 449 921
576 368 742 455 unct.
777 367 852 444 DE
886 366 1094 445 LEGUM
1127 363 1430 442 FONTIBUS
1462 353 1537 438 ET
1571 361 1789 441 CAUSlS.
2132 366 2209 442 922

176 536 245 614 hoc
268 567 400 613 novum
427 541 626 614 consilium.
683 542 917 636 Applaudunt
941 567 1065 614 omnes
1094 556 1167 613 tam
1193 544 1197 643 l
1221 540 1297 609 litia
1314 538 1424 610 Moisi
1448 553 1552 608 natus
1568 552 1662 623 erat,
1687 551 1807 608 tamen
1827 536 2027 628 provincias
2042 536 2212 620 Persicas,
2325 602 2327 607 .

177 644 330 738 speciosa
345 643 516 728 sententia
537 645 675 729 audita,
700 647 786 715 ettit
803 648 983 717 decretum
998 670 1017 715 a
1034 644 1168 717 Senatu
1220 642 1356 732 legibus
1378 641 1528 711 Persicis
1549 641 1702 730 regebat.
1755 635 1833 708 Etsi
1854 652 1970 709 autem
1993 640 2104 711 multa
2129 664 2213 732 pos-

177 763 210 819 et
227 748 359 838 populo
383 746 584 832 simiarum,
610 760 650 817 nt
666 748 791 817 urbem
810 749 962 817 condere
983 746 1167 839 incipiant.
1219 760 1302 816 sum
1332 744 1488 834 exempla
1514 742 1676 827 recitari,
1708 764 1798 834 quae
1823 742 2015 811 ostendunt
2039 743 2212 833 placuisse

176 847 246 919 Sed
261 849 426 917 dimissae
440 849 484 916 ad
503 843 732 918 convehenda
749 850 845 939 ligna
862 864 896 920 ct
909 850 1058 939 lapides,
1085 872 1165 917 cum
1218 842 1295 915 Deo
1320 846 1396 936 pios
1417 847 1671 935 gubernatores
1686 844 1724 911 in
1742 842 1822 912 aliis
1842 842 2001 935 imperiis
2017 858 2113 914 extra
2127 841 2212 914 Mo-

175 952 336 1020 decssent
361 949 614 1034 instrumenta,
648 964 682 1023 et
710 952 808 1021 nulla
836 952 924 1021 ratio
950 964 1040 1021 esset
1068 950 1165 1039 ligna
1219 947 1344 1017 sairam
1367 947 1547 1037 politiam,
1580 958 1800 1017 tamencum
1834 945 1984 1014 maxime
2006 946 2050 1016 sit
2072 945 2211 1017 illustre

175 1050 362 1129 caedendi,
389 1064 422 1119 et
440 1050 574 1142 lapides
591 1053 811 1144 expoliendi,
836 1067 869 1121 et
884 1051 1166 1143 coagmentandi,
1218 1047 1378 1120 Cornelii
1407 1049 1605 1140 exemplum
1636 1049 1674 1117 in
1704 1043 1804 1116 Actis
1834 1043 2108 1139 Apostolorum,
2141 1041 2211 1119 hoc

174 1152 391 1242 experiundo
415 1152 485 1221 iam
510 1170 704 1243 agnoscunt
729 1177 765 1223 se
782 1155 888 1225 stulte
905 1179 978 1224 rem
1001 1153 1164 1244 impossi-
1217 1149 1403 1243 praecipue
1430 1150 1634 1238 cogitemus.
1684 1147 1875 1220 Manifesto
1896 1161 1931 1218 et
1955 1149 2087 1239 insigni
2108 1150 2209 1221 testi-

174 1254 281 1322 bilem
297 1267 331 1323 et
347 1253 497 1323 alienam
516 1279 610 1325 asna
627 1270 752 1327 natura
771 1255 914 1325 molitos
931 1279 1015 1329 esse.
1059 1254 1165 1324 Tales
1216 1252 1338 1321 monio
1352 1250 1449 1321 Deus
1465 1266 1500 1322 et
1512 1250 1628 1343 ipsum
1645 1246 1866 1336 Cornelium,
1883 1264 1918 1322 et
1933 1248 2209 1322 militesRoma-

173 1354 321 1424 omnino
351 1369 434 1426 sunt
461 1356 528 1441 isti,
545 1380 718 1426 novarum
745 1358 925 1428 civitatum
952 1357 1164 1437 conditores,
1216 1378 1282 1423 nos
1299 1354 1338 1421 in
1351 1353 1425 1422 eius
1442 1348 1587 1422 cohorte
1603 1352 1754 1425 ornavit.
1787 1351 1877 1422 Nam
1893 1350 2050 1443 Spiritus
2066 1367 2207 1425 sanctus

173 1456 236 1550 qui
251 1456 429 1525 somniant
447 1482 538 1526 nova
560 1459 650 1532 iura.
701 1455 749 1529 Et
764 1460 871 1529 luisse
886 1460 1053 1530 omnibus
1069 1471 1164 1528 aeta·
1216 1454 1349 1525 visibili
1373 1454 1505 1546 specie,
1537 1468 1578 1524 ut
1601 1454 1640 1521 in
1654 1450 1863 1545 Apostolos,
1896 1454 1944 1524 ita
1968 1455 2008 1521 in
2023 1453 2207 1526 Romanos

173 1558 269 1628 tibus
282 1558 411 1628 multas
426 1559 513 1628 tales
529 1560 668 1646 simias,
693 1561 863 1631 credibile
880 1574 942 1632 est.
996 1559 1067 1632 Sed
1094 1584 1163 1629 no·
1215 1557 1346 1626 milites
1368 1558 1406 1624 in
1428 1579 1555 1645 inagna
1572 1555 1770 1648 frequentia
1792 1556 1974 1624 concionis
1997 1556 2128 1626 effusus
2144 1570 2206 1632 cst.

172 1672 243 1728 stra
271 1672 385 1743 aetas,
407 1656 499 1751 proh
522 1660 647 1745 dolor,
672 1663 764 1734 vidit
783 1660 971 1753 plurimas,
993 1685 1014 1732 a
1033 1661 1164 1754 quibus
1214 1654 1263 1729 Et
1287 1651 1354 1726 hoc
1377 1659 1453 1748 ipso
1477 1658 1635 1749 exemplo
1652 1659 1782 1727 fatetur
1795 1654 1921 1727 Petrus
1939 1680 1975 1725 se
1991 1681 2132 1751 quoquc
2148 1658 2207 1728 di-

173 1774 249 1830 orta
264 1774 316 1831 est
331 1755 417 1829 haec
432 1761 556 1851 ingens
572 1762 769 1849 calamitas,
792 1787 882 1856 quae
901 1787 997 1833 nunc
1012 1759 1163 1833 Germa·
1215 1759 1358 1840 dirime,
1383 1754 1617 1847 Evangelium
1643 1758 1820 1849 pertinere
1843 1760 1887 1828 ad
1916 1759 2121 1829 universum
2146 1782 2207 1850 ge-

172 1862 268 1930 niam
285 1863 467 1953 oppressit.
520 1861 660 1951 Quaeso
678 1866 786 1956 igitur
799 1889 862 1934 vos
878 1865 1005 1954 optimi
1021 1864 1164 1934 audito-
1215 1855 1508 1950 nushumanum,
1535 1872 1568 1929 et
1585 1860 1707 1951 procul
1725 1860 1996 1933 discernendum
2014 1883 2121 1931 essea
2140 1885 2206 1951 po-

135 1983 138 1989 ’
172 1985 245 2048 res,
271 1975 311 2033 ut
325 1964 532 2055 sapientiam
555 1989 628 2034 esse
649 1981 683 2037 et
696 1967 862 2039 virtutem
884 1965 1060 2048 statuatis,
1085 1962 1162 2033 Deo
1214 1962 1290 2031 litia
1313 1959 1489 2041 Mosaica‚
1523 1963 1618 2054 quod
1644 1960 1787 2054 quidem
1811 1975 1845 2032 et
1867 1961 1932 2030 illo
1956 1962 2049 2033 tristi
2071 1953 2205 2033 iudicio

171 2077 305 2152 gratam
322 2078 355 2134 et
370 2066 598 2135 necessariam
612 2067 794 2137 communi
810 2067 1082 2160 tranquillitate,
1106 2090 1163 2134 re·
1214 2065 1313 2134 Deus
1335 2061 1408 2153 ipse
1428 2063 1600 2147 ostendit,
1632 2086 1712 2132 cum
1727 2059 1998 2152 Rempublicam
2023 2061 2205 2134 ludaicam

172 2177 334 2235 verenter
347 2167 478 2237 sentire
493 2170 539 2238 de
554 2169 685 2239 usitato
703 2169 790 2254 iure,
816 2183 849 2238 et
863 2193 981 2238 amare
999 2191 1163 2260 praesen·
1212 2165 1374 2236 funditus
1398 2165 1537 2234 delevit.
1598 2162 1645 2234 Ut
1674 2164 1783 2253 igitur
1807 2164 1908 2234 iubet
1930 2160 2026 2233 Deus
2049 2166 2205 2251 obedire,

171 2280 222 2336 tes
236 2267 346 2355 leges,
372 2281 408 2337 et
431 2293 487 2338 eas
508 2285 708 2339 constanter
730 2271 836 2342 tueri.
886 2267 1161 2340 Econtravero
1213 2267 1389 2360 quoslibet
1411 2265 1655 2356 praesentibus
1679 2280 1713 2336 ct
1742 2266 1814 2335 suis
1845 2266 2125 2354 magistratibus,
2155 2269 2205 2338 ita
2324 2304 2329 2309 ·

170 2367 347 2438 levitatem
364 2393 457 2455 esse,
483 2372 732 2458 curiositatem,
760 2371 974 2457 futilitatcm,
1000 2371 1162 2461 petulan-
1212 2370 1363 2438 sciamus
1379 2370 1585 2437 mandatum
1602 2366 1670 2439 Dei
1684 2390 1776 2450 esse,
1802 2381 1843 2437 ut
1858 2368 2101 2457 praesentibus
2116 2369 2205 2460 legi-
2269 2455 2271 2459 y

169 2468 254 2537 tiam
280 2483 314 2539 et
329 2472 517 2541 amentiam
540 2472 771 2559 diabolicam,
797 2486 832 2544 et
855 2472 1086 2563 perniciosam
1102 2494 1162 2562 ge·
1213 2471 1278 2540 bus
1295 2470 1594 2560 obtemperemus,
1620 2493 1709 2561 quae
1728 2469 1865 2559 placent
1883 2466 1978 2553 Deo,
2003 2469 2141 2540 etiamsi
2157 2472 2204 2541 ab

169 2569 246 2637 neri
269 2565 445 2653 hnmano,
471 2575 630 2643 cavillari
652 2588 853 2666 praesentes
872 2575 982 2664 leges,
1011 2589 1044 2662 ct
1060 2573 1162 2666 quasi
1212 2567 1352 2641 ethnico
1374 2573 1609 2660 gubernatore
1624 2571 1715 2639 latae
1730 2583 1833 2654 sunt,
1857 2569 1887 2638 si
1904 2582 2021 2639 tamen
2036 2573 2078 2640 ad
2100 2571 2205 2642 illum

171 2669 353 2741 columnas
377 2673 413 2741 in
432 2675 591 2747 aedificio
614 2677 783 2767 paulatim
806 2677 1006 2765 impellere,
1031 2677 1161 2770 quibus
1212 2674 1352 2743 radium
1369 2674 1457 2742 lucis
1477 2673 1619 2742 divinae
1635 2673 1852 2742 transfusum
1873 2672 1912 2739 in
1930 2684 2063 2741 mentes
2085 2668 2225 2742 homi·'

170 2771 299 2842 eversis
320 2785 429 2843 totam
448 2777 593 2845 domum
609 2778 739 2846 collabi
764 2800 904 2846 necesse
918 2792 981 2848 est.
1033 2777 1081 2849 Ut
1099 2802 1163 2847 au·
1212 2799 1297 2844 num
1322 2788 1535 2864 congruant,
1561 2775 1623 2867 qui
1649 2787 1793 2845 vocatur
1808 2775 1862 2844 ins
1885 2787 2051 2855 naturae,
2071 2798 2112 2844 cx
2129 2798 2201 2868 qun
2259 2830 2261 2835 .

170 2886 238 2942 tem
258 2869 324 2943 bac
345 2876 516 2944 sententia
534 2878 788 2946 confirmentur
804 2877 937 2960 animi,
963 2901 1062 2946 veras
1078 2903 1162 2947 cau·
1213 2879 1288 2947 vult
1308 2876 1403 2946 Dens
1424 2877 1538 2946 extrui
1563 2878 1655 2965 leges
1678 2888 1712 2945 et
1737 2876 1945 2967 sapientiam
1976 2876 2201 2965 gubernatri-

169 2998 223 3044 sas
237 2976 325 3043 scire
340 2987 495 3064 oportet:
515 2971 734 3067 Anetquare
750 2972 816 3044 hae
830 2989 971 3046 nostrae
984 2977 1161 3066 legesDeq
1211 3005 1284 3049 cem
1311 2979 1402 3047 vitae
1423 2978 1548 3047 civilis.
1599 2976 1672 3047 Nec
1697 2979 1825 3046 addam
1847 2977 2045 3079 longiorem
2068 2978 2202 3048 reluta-

167 3075 338 3165 placeant.
395 3072 596 3144 Sumendae
626 3091 711 3147 sunt
739 3092 856 3148 autem
885 3071 952 3148 hac
973 3102 1096 3149 causae
1120 3105 1161 3149 ex
1210 3082 1362 3166 tionem,
1387 3080 1449 3150 aed
1473 3102 1535 3148 vos
1557 3074 1776 3151 adhortabor
1799 3079 1936 3171 potius,
1961 3092 2001 3148 ut
2014 3076 2200 3151 Romana-

166 3168 224 3242 his
244 3174 416 3248 fontibus.
636 3262 640 3269 .
1210 3207 1290 3252 rum
1305 3183 1421 3272 legum
1441 3181 1648 3273 sapientiam
1666 3181 1822 3251 studiose
1839 3179 2086 3266 consideretis,
2113 3205 2200 3274 quas

784 3336 788 3345 .
1210 3284 1302 3374 ipsas
1328 3284 1431 3353 etiam
1454 3280 1522 3353 Dei
1543 3306 1664 3352 vocem
1689 3304 1761 3352 esse
1789 3281 1948 3367 statuite,
1980 3283 2199 3375 propositam

271 3371 399 3465 lugens
416 3375 606 3446 discrimen
623 3391 674 3448 est
689 3378 783 3449 inter
794 3376 1029 3471 Evangelium
1044 3397 1077 3453 et
1095 3407 1159 3474 po·
1209 3381 1367 3455 humano
1390 3384 1510 3474 generi
1534 3408 1598 3475 per
1618 3384 1793 3476 sapientes
1812 3384 2082 3470 gubernatores,
2108 3409 2199 3476 quo-

168 3474 300 3547 liticam
315 3478 618 3567 gubernationem.
652 3478 716 3550 Est
732 3482 827 3549 enim
843 3478 1076 3573 Evangelium
1092 3510 1159 3555 vox
1208 3511 1288 3557 rum
1304 3498 1438 3555 mentes
1455 3484 1625 3574 singulari
1641 3499 1742 3555 motu
1757 3483 1846 3551 rexit
1857 3480 1967 3567 Deus,
1992 3495 2033 3553 ut
2045 3484 2201 3555 iustitiae

167 3578 307 3661 divina,
332 3592 475 3671 propter
500 3580 612 3648 lilium
639 3579 706 3649 Dei
728 3583 891 3649 adferens
915 3585 1159 3654 remissionem
1207 3589 1323 3656 fontes
1339 3603 1375 3656 et
1389 3588 1561 3669 viderent,
1588 3598 1622 3654 ct
1639 3585 1718 3654 aliis
1730 3597 1978 3668 monstrarent,
2004 3586 2095 3656 sicut
2109 3587 2198 3657 alio-

165 3692 400 3770 peccatorum,
416 3694 450 3749 et
465 3680 579 3749 lucem
595 3705 635 3749 ac
649 3682 818 3751 iustitiam
835 3684 963 3768 cordis,
982 3709 1022 3754 ac
1037 3680 1159 3755 haere·
1208 3712 1287 3757 rum
1310 3686 1555 3760 excellentium
1578 3685 1752 3756 artificum
1772 3699 1909 3755 mentes
1927 3687 2036 3775 regit,
2059 3700 2099 3758 ut
2111 3689 2199 3757 scri-

166 3782 312 3851 ditatem
329 3781 421 3849 vitae
444 3796 623 3866 aeternae,
649 3783 865 3876 ubicumque
890 3799 973 3855 sunt
993 3787 1098 3855 etiam
1119 3787 1158 3855 in
1207 3803 1308 3880 ptum
1324 3800 1395 3868 est,
1421 3802 1462 3858 ut
1477 3787 1601 3858 oculus
1614 3788 1752 3870 videat,
1778 3800 1812 3856 et
1828 3787 1924 3856 auris
1938 3788 2077 3872 audiat,
2101 3786 2200 3860 Deus

165 3883 314 3953 diversis
327 3880 496 3973 imperiis.
541 3881 589 3954 Ut
604 3883 696 3952 enim
714 3885 864 3954 diversis
877 3886 1015 3956 dierum
1031 3888 1158 3978 spaciis
1206 3891 1505 3981 lacitutrumque.
1556 3887 1639 3958 Non
1660 3887 1864 3958 existimetis
1885 3883 2198 3960 humanacallidi-

165 3983 204 4050 in
219 3984 368 4054 diversis
390 3985 478 4054 locis
497 3985 547 4076 pii
567 3997 736 4069 utuntur,
757 3986 805 4056 ita
824 3987 862 4055 in
878 3987 1025 4057 diversis
1044 3989 1157 4080 impe·
1206 4002 1276 4063 tate
1294 3989 1440 4080 scriptas
1454 4013 1527 4058 esse
1543 3990 1654 4079 leges,
1681 4004 1721 4061 ut
1735 4003 1921 4081 potentum
1944 3991 2199 4080 cupiditatibus

165 4083 229 4151 riis
251 4107 291 4152 ac
307 4086 539 4154 dissimilibus
562 4087 698 4177 legibus
714 4086 832 4158 vivere
847 4103 1006 4179 possunt.
1058 4088 1157 4160 Poli-
1206 4091 1413 4171 adulentur‚
1441 4091 1529 4162 sicut
1547 4091 1653 4162 multi
1674 4092 1871 4162 turbulenti
1896 4088 2057 4163 homines
2072 4094 2198 4164 clami-

165 4184 234 4255 tica
252 4196 367 4253 autem
395 4189 604 4277 gubernatio
632 4202 810 4258 externam
831 4189 1075 4281 disciplinam,
1100 4193 1156 4261 di·
1205 4207 1293 4265 tant.
1346 4191 1415 4263 Sed
1436 4193 1493 4261 vel
1513 4193 1623 4263 firmis
1647 4192 2025 4279 demonstrationibus,
2057 4195 2115 4264 vel
2137 4220 2196 4268 ra-

165 4284 389 4368 stinctioncm
413 4290 675 4374 dominiorum,
709 4304 928 4371 contractus,
961 4290 1091 4365 iudicia
1121 4308 1156 4365 et
1205 4294 1364 4367 tionibus
1378 4319 1468 4387 quae
1481 4309 1564 4365 sunt
1577 4295 1715 4366 vicinae
1726 4297 2110 4383 demonstrationibus,
2136 4322 2198 4369 ex-

164 4409 296 4478 poenas
318 4385 419 4475 regit.
477 4387 525 4462 Et
543 4407 583 4463 nt
608 4416 838 4489 numerorum
865 4393 1010 4463 scientia
1032 4394 1154 4464 lumen
1204 4411 1338 4469 tructae
1354 4410 1492 4468 suntex
1509 4398 1666 4469 immotis
1689 4398 1893 4491 principiis,
1923 4414 2132 4492 quaesunt,
2156 4414 2197 4471 ut

165 4501 217 4559 est
230 4487 402 4558 divinitus
417 4488 565 4560 insitum
584 4495 782 4579 mentibus,
808 4518 872 4564 nec
893 4493 1062 4586 impedit,
1090 4520 1155 4568 nec
1203 4499 1294 4590 diri,
1333 4499 1425 4569 radii
1452 4500 1646 4591 sapientiae
1676 4500 1820 4570 divinae
1850 4501 1889 4570 in
1918 4524 1984 4570 nos
2016 4501 2195 4572 transfusi.

164 4589 259 4659 delet
276 4585 530 4679 Evangelium,
556 4593 602 4661 ita
621 4597 765 4684 politica
780 4595 950 4687 sapientia
967 4619 1009 4666 ex
1023 4597 1155 4668 firmis-
1203 4595 1340 4670 Omnes
1373 4600 1502 4670 scimus
1538 4624 1768 4671 numerorum
1810 4602 1973 4672 notitiam
2006 4602 2195 4677 nobiscnm

163 4691 262 4761 simis
276 4691 417 4761 notitiis
432 4693 618 4777 extruitur,
641 4720 731 4788 quae
744 4698 917 4769 divinitus
931 4697 1057 4769 insitae
1071 4715 1154 4771 sunt
1202 4717 1401 4773 nascentem
1417 4725 1491 4770 rem
1507 4702 1639 4772 bonam
1654 4716 1689 4774 et
1701 4703 1815 4772 lucem
1830 4702 1989 4772 divinam
2002 4725 2077 4772 esse
2087 4705 2194 4775 etiam

163 4789 329 4863 humanis
357 4793 556 4880 mentibus,
590 4815 653 4864 nec
689 4797 906 4887 impediunt,
939 4824 1003 4868 nec
1034 4802 1152 4872 delent
1201 4804 1240 4871 in
1256 4798 1429 4874 Etbnicis.
1479 4799 1529 4873 At
1543 4805 1658 4874 multo
1678 4805 1903 4876 excellentior
1920 4805 1980 4873 lux
1998 4820 2049 4876 cst
2066 4807 2193 4877 notitia

160 4888 408 4985 Evangelium.
466 4895 540 4966 Nec
564 4896 677 4966 voluit
706 4897 802 4968 Deus
832 4927 988 4996 unquam
1014 4904 1152 4995 quoties
1200 4906 1319 4995 legum
1342 4918 1509 4989 naturae,
1541 4930 1631 4999 quae
1659 4918 1806 4977 testatur
1834 4919 1868 4975 et
1891 4929 1965 4976 esse
1988 4905 2122 4990 Deum,
2157 4923 2192 4981 et

161 5008 282 5085 gentes
306 4999 349 5065 ad
373 4998 571 5069 societatem
594 4994 772 5068 Ecclesiae
795 5024 876 5071 suae
894 5003 1048 5087 vocavit,
1082 5005 1152 5073 im·
1200 5030 1274 5078 esse
1291 5006 1496 5095 sapientem,
1521 5007 1666 5093 iustum,
1689 5031 1859 5089 veracem,
1885 5008 2190 5091 beneficumvin·

160 5121 294 5189 ponere
320 5098 481 5189 politiam
506 5099 716 5186 Mosaicam,
749 5104 810 5170 sed
840 5104 986 5194 imperia
1013 5105 1149 5195 singola
1200 5109 1312 5179 dicem
1327 5122 1362 5180 et
1377 5122 1548 5179 rectorem
1565 5109 1657 5179 vitae
1671 5104 1860 5183 humanae.
1898 5108 2190 5183 Haeclu'xetiam

160 5200 234 5271 suis
255 5200 392 5292 legibus
409 5203 481 5289 regi
504 5202 672 5294 permisit.
724 5198 856 5273 Darios
877 5218 911 5275 et
929 5204 1044 5300 Cyrus
1069 5233 1148 5277 cum
1200 5211 1238 5280 in
1254 5205 1419 5281 Etlmicis
1439 5235 1494 5281 res
1516 5212 1609 5282 bona
1627 5225 1679 5283 est
1695 5225 1731 5283 et
1745 5210 1815 5283 Dei
1830 5235 1930 5303 opus.
1982 5212 2208 5293 ldemetde,

160 5325 180 5371 a
195 5300 344 5372 Daniele
358 5303 659 5401 didicissent-veri
678 5301 745 5375 Dei
766 5306 1048 5394 invocationem,
1075 5334 1148 5379 non
1198 5313 1563 5384 demonstrationibus
1575 5339 1666 5408 quae
1678 5314 1762 5385 inde
1777 5316 1944 5386 oriuntur
1958 5314 2189 5384 iudicandum

159 5405 345 5476 mutabant
359 5402 491 5476 Persici
506 5406 647 5499 imperii
660 5409 822 5489 formam,
839 5409 879 5478 in
893 5410 1149 5499 gubernatione
1198 5426 1261 5488 est.
1313 5409 1432 5508 Atque
1454 5415 1502 5486 ita
1517 5430 1610 5489 recte
1626 5417 1831 5507 intelligetis
1844 5418 1962 5505 lcgpm
1985 5416 2190 5504 sententias,

158 5525 277 5575 rernm
293 5505 466 5582 civilium.
516 5503 566 5580 Et
578 5505 707 5578 Daniel
721 5509 796 5602 ipse
811 5534 1013 5608 quanquam
1030 5511 1068 5584 in
1083 5537 1148 5606 po-
1197 5538 1421 5589 cumeorum
1448 5540 1569 5590 causas
1590 5532 1627 5591 et
1646 5505 1966 5592 demonstrationes
1987 5517 2108 5589 dextre
2130 5519 2188 5590 in-
