4732 6030
126 398 131 410 ,
223 322 299 397 685

226 496 295 580 ita,
330 495 359 563 si
375 490 538 564 Creontis
563 489 657 559 lilius
681 502 870 570 mactatus,
903 487 1050 561 victima
1073 494 1132 561 liat
1154 517 1217 583 pro

226 596 351 688 patria.
409 586 556 661 Calchas
583 591 718 660 divinat
742 592 787 658 de
808 590 945 659 excidio
975 591 1124 663 Troiae:
1157 596 1218 662 sed

229 696 335 769 simul
351 695 448 764 iubet
462 689 570 780 Regis
585 691 694 760 filiam
711 691 902 764 immolari.
956 689 1046 762 Cum
1063 692 1220 764 Alexan-

229 802 333 868 drum
356 795 395 861 in
420 794 518 861 aditu
533 791 657 887 Syriae
679 794 794 862 subita
819 793 958 883 eclipsis
975 792 1098 864 Lunae
1123 819 1222 865 erce-

229 899 338 991 pisset
363 917 483 964 mense
504 889 675 978 Octobri,
708 908 741 963 et
763 895 932 963 nonnulli
957 898 1120 987 prodigio
1143 922 1222 967 mo·

231 1012 416 1080 verentur,
443 994 650 1065 vaticinatus
663 1009 715 1065 est
729 992 938 1065 Aristander
952 1020 994 1065 eo
1017 1022 1137 1069 mense
1151 996 1223 1068 Ba-

230 1100 410 1192 bylonem,
435 1096 620 1187 profligato
634 1094 743 1166 Dario
761 1110 947 1167 venturam
962 1097 1000 1166 in
1016 1113 1222 1190 potestatem

233 1196 438 1271 Alexandri.
488 1192 537 1266 Et
562 1197 644 1289 quia
667 1197 905 1288 periculosum
929 1214 1105 1270 certamen
1126 1201 1224 1295 lutu-

233 1326 311 1370 rum
330 1313 423 1378 erat,
448 1297 551 1367 iussit
566 1295 721 1366 humana
738 1293 852 1368 hostia
870 1299 978 1370 litari.
1031 1300 1149 1371 Multa
1164 1325 1224 1371 ex-

234 1415 311 1472 tant
325 1398 454 1470 similia
473 1398 630 1488 exempla
647 1398 684 1465 in
701 1394 865 1478 Graecis,
892 1399 1030 1470 Latinis
1046 1416 1080 1472 et
1096 1403 1225 1472 barba-

234 1503 317 1572 ricis
340 1498 516 1582 historiis,
550 1522 640 1590 quae
662 1494 776 1589 nuper
799 1501 904 1570 etiam
929 1501 1048 1594 inquit
1070 1500 1226 1572 Ambro-

234 1603 325 1682 sius,
351 1613 520 1687 renovata
542 1598 706 1668 audimus
721 1623 741 1667 a
756 1595 913 1685 luliano,
940 1601 1001 1694 qui
1017 1624 1054 1671 se
1069 1599 1227 1672 Alexan-

234 1706 339 1774 drum
360 1702 509 1770 alterum
533 1694 713 1790 perhiberi
737 1700 886 1770 volebat.
936 1700 1029 1774 Cum
1053 1704 1148 1771 enim
1166 1728 1226 1772 ve-

234 1805 343 1873 nisset
365 1803 403 1869 iu
427 1802 549 1870 eadem
573 1801 649 1869 loca
665 1798 808 1893 Syriae,
833 1824 969 1870 memor
986 1803 1167 1886 sacrificii,
1192 1816 1227 1872 et

236 1927 355 1974 rerum
370 1901 422 1971 ibi
437 1901 482 1969 ab
499 1898 704 1971 Alexandro
720 1914 915 1989 gestarum,
941 1914 977 1972 et
999 1902 1073 1992 ipse
1094 1917 1227 1974 macta-

237 2006 288 2075 vit
302 1998 475 2073 humanas
490 1995 643 2087 hostias,
668 2024 707 2071 ac
723 2001 833 2073 astitit
850 1996 957 2072 homo
973 1998 1227 2094 Philosophus,

236 2105 387 2189 scilicet,
409 2125 514 2195 quem
527 2099 643 2171 Pallas
666 2102 741 2192 ipsa
763 2103 808 2170 ad
830 2101 1020 2194 imperium
1044 2117 1078 2175 et
1093 2104 1228 2175 instau-

237 2206 366 2275 randas
396 2216 529 2273 veteres
552 2202 741 2292 religiones
766 2215 923 2287 vocarat,
955 2203 1063 2272 libras
1087 2205 1227 2275 dissecti

237 2305 395 2397 corporis
424 2303 596 2393 inspexit,
629 2316 665 2372 et
695 2302 816 2393 digitis
849 2302 921 2372 suis
954 2303 1157 2398 discerpsit,
1193 2321 1229 2379 et

237 2407 357 2477 omnia
373 2403 483 2474 cladis
499 2417 681 2474 secuturae
697 2403 861 2494 captavit.

309 2503 418 2575 Recte
433 2499 695 2593 aitEuripides:
718 2503 749 2573 ei
765 2499 850 2575 θεοί
861 2529 896 2575 τι
910 2501 1051 2599 δρῶσιν
1059 2504 1226 2603 αἰσχρὸν,

238 2603 307 2679 οὐκ
322 2605 414 2677 εἰσιν
433 2599 526 2674 θεοὶ.
579 2602 702 2673 Toties
715 2618 831 2674 autem
847 2608 953 2676 vestri
974 2604 1099 2693 Vates,
1123 2608 1227 2704 Sym·

238 2700 381 2791 mache,
407 2704 585 2776 iusserunt
607 2705 753 2774 mactari
770 2699 944 2777 humanas
964 2701 1115 2792 hostias,
1141 2734 1226 2779 con-

237 2809 466 2876 firmaverunt
498 2805 581 2876 item
612 2807 802 2876 absurdam
833 2805 931 2875 illam
955 2808 1161 2900 opinionem
1182 2812 1227 2881 tle

237 2910 385 2978 deorum
401 2906 643 2981 multitudine.

338 3005 434 3076 Haec
467 3007 597 3097 flagitia
634 3032 708 3077 non
742 3007 786 3077 ab
813 3007 874 3077 illa
907 3020 1048 3081 aeterna
1076 3025 1110 3081 et
1137 3012 1226 3082 iusta

237 3120 356 3176 mente
387 3107 580 3176 conditrice
608 3131 746 3191 rerum,
780 3111 840 3176 sed
868 3107 913 3178 ab
943 3110 1021 3178 aliis
1044 3113 1227 3183 autoribus

239 3207 457 3290 oriebantur,
482 3207 543 3296 qui
561 3207 644 3275 odio
663 3209 736 3276 veri
753 3205 820 3277 Dei
845 3210 1030 3281 saeviciam
1060 3212 1226 3304 ingenus

239 3303 436 3378 humanum
454 3319 645 3376 exercent,
678 3304 855 3377 Horresco
871 3311 1042 3398 referens,
1069 3338 1147 3382 cum
1165 3316 1224 3383 illa

238 3407 529 3501 superstitionum
562 3417 723 3500 portenta
751 3408 883 3497 cogito,
927 3435 1016 3504 quae
1042 3429 1226 3502 pervagata

239 3522 322 3581 sunt
346 3533 469 3578 omnes
489 3522 621 3599 gentes.
674 3506 766 3578 Cum
789 3532 881 3578 unus
901 3510 948 3581 sit
962 3509 1078 3595 Deus,
1105 3514 1166 3605 qui
1190 3539 1225 3584 se

238 3611 400 3704 patefecit
414 3633 475 3679 sua
493 3634 596 3690 voce,
623 3621 656 3677 et
671 3610 768 3680 misit
785 3632 884 3680 veros
900 3625 1001 3682 testes
1017 3613 1101 3682 inde
1116 3639 1225 3708 usque

237 3713 283 3783 ab
301 3709 421 3794 initio,
444 3710 587 3780 iuterim
606 3723 722 3780 tamen
740 3712 982 3799 superbissimi
999 3714 1144 3804 spiritus
1162 3717 1224 3785 ab·

237 3813 319 3884 iecti
339 3809 450 3882 aDeo
472 3811 679 3882 offuderunt
701 3807 907 3882 hominibus
922 3814 1010 3884 elias
1026 3815 1224 3906 opiniones,

237 3915 368 4009 quibus
380 3911 571 3986 festinatae
591 3926 725 3983 mentes
741 3914 830 3983 mira
849 3915 994 3986 audacia
1012 3915 1223 3989 luseruntin

236 4014 483 4105 religionibus,
509 4029 542 4082 et
556 4014 761 4102 polluerunt
774 4039 811 4084 se
831 4017 930 4086 omni
950 4019 1091 4094 scelere.
1141 4020 1221 4090 Non

235 4119 348 4187 miror
363 4129 479 4184 autem
495 4129 528 4184 te
542 4109 752 4203 Symmache
765 4116 899 4184 moveri
912 4130 965 4187 tot
979 4121 1150 4207 gentium,
1173 4136 1223 4192 tot

235 4217 455 4297 seculorum,
488 4225 540 4282 tot
564 4208 703 4300 Regum
729 4236 768 4282 ac
795 4238 1014 4288 summorum
1037 4214 1221 4291 hominum

237 4316 413 4404 exenrplis.
448 4313 624 4381 Miramur
639 4325 672 4380 et
689 4313 756 4402 ipsi
773 4327 904 4384 tantam
918 4341 995 4393 ¹esse
1010 4321 1220 4390 daemonum

236 4416 448 4510 potentiam,
475 4425 612 4481 tantum
637 4414 921 4502 praestigiarum,
948 4431 1064 4488 tantos
1085 4443 1222 4493 errores

234 4521 273 4589 in
287 4518 462 4587 mundum
481 4512 682 4604 pervasisse.
734 4512 805 4582 Nec
820 4517 964 4599 dubito,
986 4519 1072 4612 quin
1091 4524 1221 4595 multos

234 4617 394 4692 ethnicos
424 4618 506 4686 illae
537 4617 632 4707 ipsae
664 4610 900 4707 turpitudines
929 4622 1220 4711 superstitionum

233 4723 427 4805 moverint,
452 4733 490 4789 ut
508 4718 713 4806 cogitarint,
739 4720 834 4788 alind
852 4723 1021 4813 quiddam
1040 4747 1133 4802 esse,
1160 4751 1218 4793 ve-

232 4849 307 4894 ram
325 4825 542 4914 religionem.
568 4818 676 4891 liecte
691 4820 799 4908 igitur
812 4823 924 4893 sontes
941 4827 1096 4895 veritatis
1112 4851 1219 4921 quae·

233 4925 344 4995 rimus
358 4927 395 4992 in
412 4927 523 5013 prima
541 4922 701 4993 doctrina
718 4924 923 4994 confirmata
938 4929 1039 4995 certis
1057 4928 1219 4998 testimo*

191 5100 194 5105 ,
232 5026 534 5096 niiscoelestibus.

333 5124 516 5195 Habuistis
538 5125 718 5194 mirandos
739 5138 903 5197 eventus:
936 5130 994 5195 sed
1020 5126 1127 5198 habet
1146 5126 1217 5199 Ec·

230 5229 335 5299 clesia
352 5228 454 5314 longe
467 5224 555 5292 alios
570 5249 608 5292 ac
624 5249 729 5314 supra
744 5229 954 5297 daemonum
969 5229 1059 5298 vires
1074 5232 1216 5320 positos,

925 313 1095 394 DECL.
1131 317 1206 392 ΒΕ
1243 310 1570 390 AMBROSIO.

2198 325 2276 402 584

1370 484 1555 559 Habuistis
1581 489 1748 561 vaticinia
1774 493 2055 589 qualiacunque,
2097 516 2159 575 aut
2200 523 2278 570 am-

1273 589 1395 677 bigua,
1422 604 1483 660 aut
1505 613 1621 659 rerum
1645 615 1786 676 earum,
1812 617 1903 685 quae
1926 611 2028 667 erant
2051 617 2158 675 notae
2189 606 2277 675 dae-

1272 689 1449 762 monibus.
1500 689 1569 761 Sed
1587 689 1694 764 habet
1709 691 1869 771 Ecclesia
1884 695 1990 786 longe
2005 701 2075 771 alia
2092 708 2276 793 vaticinia,

1274 793 1318 859 de
1333 791 1515 860 voluntate
1530 791 1615 877 Dei,
1636 795 1681 862 de
1695 795 1862 865 fatalibus
1879 819 1940 868 seu
1958 800 2090 873 divinis
2107 810 2271 878 universi

1273 892 1679 978 mundimntationibus,
1695 896 1875 966 deordine
1894 898 2125 990 imperiorum
2142 935 2273 1002 perpe-

1275 1005 1349 1066 tuo.
1401 991 1498 1061 llaec
1521 996 1591 1065 fata
1613 1007 1648 1066 et
1672 996 1888 1085 ignorabant
1910 1013 1944 1070 et
1967 1003 2160 1081 formidant
2185 1016 2275 1083 dae·

1275 1115 1411 1163 mones.
1464 1091 1574 1164 lnitio
1599 1096 1693 1166 Deus
1717 1101 1894 1188 praedixit
1921 1124 1957 1170 se
1988 1105 2177 1181 missurum
2201 1109 2274 1185 bu-

1276 1216 1382 1263 mano
1397 1194 1517 1283 generi
1533 1195 1795 1290 liberatorem,
1822 1201 1885 1295 qui
1903 1205 2015 1293 possit
2033 1210 2160 1282 tollere
2174 1240 2274 1286 mor-

1276 1308 1361 1365 tem.
1403 1294 1528 1364 Postea
1549 1296 1653 1368 Vates
1669 1302 1782 1370 nostri
1800 1305 1845 1372 de
1859 1317 2019 1395 tempore
2036 1311 2213 1401 dixerunt,
2238 1330 2274 1387 et

1277 1396 1320 1463 iis
1341 1397 1617 1484 mutationibus,
1649 1423 1740 1492 quae
1768 1403 1912 1473 interim
1942 1422 2134 1482 eventurae
2163 1434 2273 1489 erant.

1276 1493 1406 1565 Daniel
1431 1497 1524 1566 clare
1550 1500 1619 1585 ait,
1643 1515 1796 1594 quatuor
1812 1506 1950 1576 futuras
1970 1510 2215 1603 monarchias,
2240 1535 2274 1590 et

1276 1597 1315 1664 in
1334 1609 1458 1688 quarta
1475 1597 1666 1670 venturum
1680 1604 1886 1688 dominum,
1912 1622 1946 1678 et
1968 1632 2057 1698 pene
2080 1614 2197 1704 ipsum
2213 1645 2272 1690 ar.

1279 1697 1427 1767 ticulum
1440 1701 1637 1771 constituit:
1663 1698 1797 1773 Omnia
1812 1724 2022 1797 congruunt,
2040 1717 2272 1789 venitDomi-

1278 1819 1364 1881 nus,
1398 1799 1460 1890 qui
1486 1802 1607 1871 multis
1634 1806 1801 1896 exemplis
1833 1820 1975 1880 testatus
1998 1827 2067 1898 est,
2099 1839 2136 1887 se
2167 1845 2270 1910 posse

1278 1900 1426 1967 reddere
1444 1899 1551 1969 vitam
1568 1905 1728 1976 mortuis.

1329 2062 1337 2076 ,
1379 1995 1427 2069 Et
1442 2001 1539 2071 venit
1554 2025 1596 2071 eo
1612 2018 1787 2097 tempore,
1808 2015 1903 2103 quod
1922 2031 2013 2088 extat
2028 2018 2066 2087 in
2081 2020 2270 2093 vaticiniis.

1278 2092 1380 2169 Nolre
1402 2103 1592 2191 praedixit,
1625 2118 1735 2177 totam
1759 2122 1886 2181 terram
1903 2117 2041 2189 diluvio
2065 2125 2270 2211 perituram,

1279 2212 1425 2271 eventus
1450 2205 1642 2292 respondit.
1701 2205 1824 2280 Esaias
1844 2218 1991 2288 nomine
2014 2218 2148 2314 Cyrum
2171 2248 2270 2294 com-

1279 2301 1403 2391 pellat,
1442 2303 1505 2393 qui
1531 2304 1640 2396 longo
1664 2322 1821 2402 tempore
1847 2331 1928 2404 post
1956 2335 2061 2392 natus
2087 2340 2154 2396 est:
2190 2340 2270 2416 post

1280 2396 1376 2471 huuc
1398 2404 1542 2476 adducit
1563 2406 1602 2475 iu
1630 2404 1752 2481 Asiam
1775 2408 2032 2496 Alexandrum.
2090 2423 2160 2497 Sed
2182 2428 2269 2496 illn-

1279 2502 1385 2571 strior
1406 2518 1458 2575 est
1478 2501 1638 2578 Danielis
1659 2514 1876 2603 praedictio,
1901 2545 1993 2613 quae
2014 2548 2102 2614 pene
2118 2521 2268 2598 historia

1279 2616 1330 2672 est
1352 2605 1548 2675 multorum
1564 2631 1765 2698 regnorum.
1815 2616 1889 2690 Nec
1910 2623 1983 2693 ulla
2006 2648 2090 2715 gens
2114 2629 2183 2697 alia
2201 2625 2266 2698 ha-

1279 2701 1357 2773 buit
1385 2704 1515 2776 similia
1537 2710 1720 2793 vaticinia,
1752 2740 1845 2808 quae
1869 2733 1976 2792 totam
2000 2729 2126 2797 mundi
2152 2725 2267 2798 histo-

1279 2804 1387 2888 riam,
1420 2829 1525 2898 quam
1551 2814 1758 2900 praevidere
1785 2822 1971 2894 daemones
2002 2850 2076 2896 non
2098 2843 2265 2919 poterant

1278 2906 1604 2995 complecterentur.

1381 3004 1501 3094 Quare
1517 3033 1597 3080 cum
1619 3038 1694 3087 uon
1711 3021 1861 3094 dubium
1878 3027 1941 3114 sit,
1963 3023 2049 3100 haec
2061 3052 2082 3101 a
2093 3025 2170 3100 Deo
2183 3045 2262 3103 orta

1278 3129 1369 3192 esse,
1394 3120 1568 3181 testantur
1590 3127 1624 3185 et
1649 3119 1820 3215 reliquam
1841 3128 2040 3202 doctrinam
2061 3126 2262 3203 nostrorum

1280 3204 1410 3278 Vatum
1425 3209 1583 3282 divinam
1606 3240 1689 3290 esse.
1741 3219 1885 3293 Utinam
1902 3225 1960 3301 hic
1976 3233 2117 3303 recitari
2131 3233 2266 3324 integra

1277 3309 1442 3380 refutatio
1458 3307 1658 3406 Symmachi
1681 3334 1807 3411 posset.
1857 3322 1931 3396 Sed
1953 3334 2069 3423 capita
2093 3333 2265 3415 recensui,

1277 3433 1366 3500 quae
1399 3412 1568 3501 cogitare,
1600 3420 1763 3490 studiosis
1789 3421 1877 3494 utile
1908 3441 1979 3514 est,
2016 3447 2056 3504 ut
2084 3435 2265 3506 erroribus

1277 3504 1427 3580 ethnicis
1440 3526 1474 3584 et
1489 3515 1701 3590 daemonum
1725 3524 1921 3616 praestigiis
1942 3554 2122 3624 opponere
2142 3537 2266 3623 gravia

1277 3622 1311 3679 et
1328 3609 1427 3682 firma
1444 3633 1649 3706 argumenta
1666 3623 1812 3714 possint·

1377 3712 1519 3785 Dictum
1542 3733 1593 3788 est
1617 3723 1661 3792 de
1683 3725 1912 3819 antiquitate,
1946 3743 1980 3800 et
2002 3732 2045 3799 de
2067 3732 2262 3811 miraculis.

1277 3811 1439 3884 Tertium
1457 3834 1703 3908 argumentum
1728 3828 1880 3898 sumitur
1896 3831 1941 3901 ab
1959 3830 2034 3920 ipso
2052 3856 2176 3921 genere
2191 3837 2261 3904 do-

1276 3913 1420 3985 ctrinae.
1459 3915 1549 3989 Nam
1564 3918 1700 4014 Celsus,
1727 3927 1897 4015 lulianus,
1921 3928 2162 4025 Symmachus,
2185 3935 2263 4005 dis-

1274 4018 1436 4087 serebant
1456 4019 1657 4093 uuiversam
1685 4026 1825 4101 virtutis
1854 4031 2068 4118 doctrinam,
2099 4059 2263 4127 compre-

1275 4112 1420 4186 hensam
1446 4143 1520 4191 esse
1541 4122 1675 4212 legibus
1690 4126 1818 4200 Atticis
1841 4144 1875 4202 et
1892 4129 2085 4221 Romanis,
2110 4151 2172 4208 aut
2188 4136 2262 4208 lle-

1274 4218 1365 4288 siodi
1381 4231 1414 4289 ct
1428 4215 1632 4315 Phocylidis
1651 4231 1859 4321 praeceptis,
1884 4248 1943 4305 aut
1960 4230 2261 4329 Philosophorum

1273 4320 1396 4406 literis,
1420 4344 1485 4390 nec
1499 4318 1720 4399 Christianos
1737 4355 1826 4402 nova
1842 4347 1904 4404 aut
1916 4327 2063 4406 meliora
2077 4353 2260 4429 praecepta

1273 4436 1363 4492 recte
1380 4421 1524 4492 vivendi
1550 4426 1744 4516 invenisse,
1770 4435 1942 4527 quaedam
1960 4439 2064 4507 etiam
2081 4441 2261 4511 miscuisse

1273 4524 1411 4593 inutilia
1429 4523 1596 4617 imperiis.

1318 4650 1320 4656 ’
1374 4623 1441 4694 Hic
1462 4639 1637 4696 certamen
1660 4654 1739 4700 cum
1755 4631 1969 4729 Symmacho
1986 4639 2097 4708 multo
2120 4641 2260 4731 longius

1273 4725 1479 4807 instituitur.
1544 4725 1684 4800 Genera
1720 4734 1960 4808 doctrinarum
1993 4740 2259 4814 discernuntur:

1274 4826 1319 4897 llt
1345 4827 1466 4896 lumen
1493 4828 1531 4896 in
1558 4833 1670 4901 oculis
1690 4851 1814 4904 natura
1840 4838 1970 4928 fulget,
2005 4841 2052 4912 ita
2080 4846 2260 4916 mentibus

1271 4923 1435 4997 humanis
1467 4927 1600 5002 inditae
1626 4949 1709 5006 sunt
1734 4936 1902 5020 noticiae,
1937 4959 2026 5032 quae
2052 4944 2259 5015 discernunt

1271 5025 1414 5097 honesta
1433 5043 1467 5099 et
1483 5034 1610 5125 turpia.
1663 5035 1784 5130 ltaque
1799 5053 1838 5108 ut
1861 5045 1905 5107 de
1919 5045 2077 5112 numeris
2094 5071 2133 5115 ac
2156 5071 2259 5116 men-

1269 5130 1360 5196 suris
1384 5132 1459 5199 sani
1484 5160 1607 5205 ornnes
1636 5140 1740 5207 etiam
1766 5140 1908 5211 barbari
1934 5148 2179 5234 consentiunt,
2209 5152 2258 5220 ita

1268 5231 1380 5300 officia
1405 5227 1550 5306 honesta
1574 5237 1611 5306 in
1636 5233 1701 5308 hac
1724 5245 1904 5312 communi
1929 5247 2091 5318 societate
2122 5250 2259 5321 intelli-

230 5329 529 5400 resuscitationem
559 5339 797 5412 mortuorum,
832 5345 950 5402 natam
982 5333 1141 5402 sobolem
1173 5359 1214 5404 er
1266 5332 1353 5420 gunt
1368 5337 1630 5411 acdiiudicant.
1681 5337 1728 5412 Et
1744 5346 1839 5435 quod
1861 5347 1973 5417 multo
1991 5350 2179 5435 gloriosius
2196 5369 2259 5439 est,

229 5433 384 5517 effoetis,
411 5450 607 5520 repressum
623 5427 706 5496 solis
722 5453 876 5506 cursum.

1264 5459 1343 5503 cum
1359 5431 1465 5506 homo
1481 5439 1526 5509 sit
1543 5436 1659 5529 iniago
1675 5438 1754 5527 Dei,
1781 5449 1952 5538 quaedam
1968 5450 2073 5519 etiam
2089 5455 2258 5526 condito·
