4732 6030
247 282 324 360 247
763 276 945 391 ¹DECL.
984 277 1060 354 DE
1092 276 1297 355 PRAEF.
1328 276 1389 351 IN
1420 272 1749 355 HESIODUM.
2215 294 2295 367 248

250 457 457 532 vitiasunt.'
496 456 661 548 Plerique
676 476 732 523 res
747 452 1057 547 quasproiitentur
1071 476 1144 522 non
1160 451 1245 523 satis
1295 450 1474 535 sentiunt,
1507 462 1549 522 ut
1578 452 1677 522 nulla
1708 466 1780 523 tarn
1800 453 1874 524 tera
1894 456 2077 529 barbaries
2099 459 2167 547 sit,
2201 466 2295 537 nulli

252 575 355 632 notas
378 557 592 640 habuerunt,
627 555 804 649 plerisque
827 556 919 626 ratio
943 555 1095 627 docendi
1119 555 1245 641 deluit,
1294 564 1367 623 tam
1390 551 1528 644 perdite
1544 554 1647 635 mali,
1673 555 1736 649 qni
1752 578 1827 624 non
1844 570 1881 627 et
1893 558 2049 633 sentiant
2062 572 2099 633 et
2111 562 2291 640 fateantur

255 676 291 735 et
311 663 342 732 si
367 684 483 732 rerum
506 658 633 757 peritia
653 682 728 727 non
752 657 921 740 desuerit,
943 681 1013 751 qua
1032 659 1075 727 de
1092 680 1130 726 re
1148 678 1245 733 nunc
1295 667 1388 725 recta
1402 677 1488 735 esse,
1512 678 1604 749 quae
1617 653 1699 726 illae
1714 658 1909 730 sentcntiae
1924 662 2182 753 praescribunt,
2207 671 2293 762 qui.

251 764 394 852 iongius
414 760 485 829 dici
507 784 581 828 non
604 772 729 849 potest.
780 756 929 828 Hesiodi
946 771 1063 829 autern
1082 759 1183 851 prior
1200 755 1246 826 li·
1294 780 1465 849 querum
1488 780 1563 827 non
1587 759 1896 849 obtemperarunt,
1921 785 1998 833 non
2019 763 2089 856 ipsi
2104 784 2291 861 peecatum

253 866 369 934 bellus
391 857 640 958 totusridsxdr
661 873 729 945 est,
753 862 930 952 posterior
950 864 1036 930 dum
1053 860 1245 951 agricultu-
1294 869 1459 929 accusent
1480 882 1521 928 ac
1544 861 1714 930 damnent
1737 880 1861 948 suum,
1887 864 2022 959 quique
2044 889 2119 939 non
2138 895 2291 943 verean-

252 990 315 1035 rae
338 977 522 1057 praecepta
551 965 677 1047 tradit,
711 974 811 1032 ortus
841 976 875 1032 et
901 984 1044 1032 occasus
1076 962 1244 1043 siderum,
1295 973 1354 1030 tur
1377 982 1510 1029 numen
1533 960 1681 1031 existere
1704 962 1867 1056 aliquod,
1893 968 1952 1035 cui
1973 968 2029 1038 vel
2048 970 2080 1040 si
2100 972 2193 1041 nulli
2218 999 2289 1045 arn·

252 1067 436 1161 multaque
459 1066 527 1134 alia
550 1089 639 1158 quae
654 1066 697 1133 ad
716 1076 877 1133 naturam
895 1065 1174 1155 cognoscendam
1190 1062 1245 1131 ia·-
1293 1084 1401 1153 quam
1430 1061 1598 1133 mortales
1619 1064 1810 1136 resciscant
1832 1066 1984 1154 iactum,
2016 1094 2150 1162 poenas
2170 1075 2293 1147 daturi

255 1170 375 1252 ciunt,
401 1168 657 1257 complectitur.
707 1163 914 1259 Requiretis
934 1166 1045 1255 igitur
1065 1189 1107 1234 ex
1124 1162 1245 1255 priore
1294 1162 1377 1236 sint.
1435 1159 1544 1233 Nulla
1571 1176 1644 1235 tam
1672 1164 1839 1236 immanis
1867 1168 1968 1241 natio
1997 1185 2068 1259 est,
2100 1197 2191 1267 quae
2212 1199 2290 1249 non

254 1270 379 1339 libello
399 1293 540 1337 morum
567 1278 767 1358 praecepta,
794 1266 962 1360 quoniam
984 1265 1054 1334 nisi
1069 1264 1174 1335 certis
1190 1265 1245 1334 le·
1295 1263 1399 1334 tacita
1413 1263 1600 1351 maleficos,
1622 1268 1794 1347 crudeles,
1819 1270 1979 1360 ingratos
1990 1274 2109 1345 oderit
2118 1299 2158 1346 ac
2168 1300 2289 1371 asper·

255 1373 359 1461 gibus
378 1385 414 1442 et
435 1369 621 1440 sententiis
643 1366 768 1437 moniti
792 1380 827 1437 et
848 1366 1057 1453 adsuefacti,
1094 1362 1245 1436 honesta
1294 1377 1420 1449 netur,
1445 1368 1640 1460 probetque
1662 1390 1703 1437 ea
1725 1393 1815 1462 quae
1839 1370 2041 1444 societatem
2064 1376 2159 1447 inter
2172 1401 2210 1448 se
2227 1402 2288 1470 ge-

254 1498 274 1543 a
299 1472 465 1562 turpibus
485 1471 684 1540 discernere
699 1467 946 1555 didicerimus,
974 1482 1009 1539 et
1024 1467 1186 1560 amplecti
1204 1491 1244 1537 ea
1287 1464 1392 1536 ‘neris
1413 1462 1561 1537 humani
1575 1467 1794 1540 devinciunt.
1845 1470 1937 1543 Nam
1953 1470 2068 1546 ethos
2084 1478 2149 1571 qui
2164 1473 2288 1571 hospi·

193 1582 198 1591 '
256 1598 347 1667 quae
368 1576 513 1658 decent,
538 1575 658 1662 fugere
673 1571 847 1642 contraria
863 1595 1052 1650 conemur,
1078 1584 1170 1640 recte
1186 1569 1244 1638 in·
1295 1582 1347 1637 tes
1370 1581 1544 1653 mactant,
1568 1569 1631 1663 qui
1651 1594 1753 1641 senes
1774 1584 1888 1663 patres
1902 1576 2099 1659 trucidant,
2123 1578 2187 1671 qui
2203 1582 2288 1651 nul·

256 1676 357 1746 stitui
386 1674 458 1744 vita
487 1698 562 1743 non
595 1686 718 1765 potest·
777 1670 1054 1743 Honestissimae
1084 1693 1243 1764 quaeque
1295 1671 1365 1739 larn
1391 1670 1637 1759 coniugiorum
1662 1671 1768 1742 iidem
1792 1675 1933 1758 colunt,
1963 1676 1993 1748 si
2014 1681 2287 1768 admoneantur,

256 1777 550 1870 gravissimaeque
575 1779 619 1845 de
641 1774 810 1845 omnibus
831 1774 955 1844 officiis
978 1774 1173 1843 sententiae
1197 1773 1243 1841 ob
1296 1784 1420 1839 natura
1443 1773 1543 1840 lateri
1562 1773 1677 1862 cogit,
1707 1773 1855 1866 indigna
1875 1800 1913 1847 se
1932 1772 2137 1849 hominibus
2155 1782 2282 1856 iacere.

256 1879 379 1949 oculos
402 1902 475 1947 esse
496 1878 631 1970 positae
653 1876 801 1955 debent,
834 1878 880 1945 ad
901 1898 988 1968 quas
1009 1896 1131 1942 ornnes
1153 1873 1244 1943 vitae
1296 1871 1369 1940 lam
1394 1872 1433 1941 in
1456 1868 1512 1943 his
1535 1874 1598 1967 qui
1620 1874 1690 1945 sibi
1712 1876 1864 1949 alicuius
1886 1878 2012 1969 flagitii
2032 1880 2165 1951 conscii
2186 1897 2286 1970 sunt,

255 1993 391 2072 partes,
416 1980 515 2049 velut
536 1981 580 2048 ad
595 1976 817 2074 Cynosuram
837 2000 980 2047 cursum
997 2000 1100 2045 suum
1117 1987 1245 2045 nautae
1295 1973 1471 2045 cruciatus
1499 1988 1534 2045 et
1554 1988 1707 2047 terrores
1727 1977 1815 2049 tanti
1838 1994 1994 2051 mentem
2016 1982 2211 2073 exagitant,
2242 1998 2285 2055 ut

256 2082 435 2171 dirigunt,
467 2102 721 2172 comparemus.
794 2076 864 2149 Sed
894 2077 1064 2170 quoniam
1094 2074 1242 2147 Hesiodi
1294 2076 1459 2164 adpareat
1488 2076 1646 2147 divinam
1676 2080 1855 2173 quandam
1885 2082 1960 2153 vim
1985 2106 2077 2170 esse,
2108 2108 2200 2179 quae
2222 2087 2286 2155 ad·

254 2196 438 2275 praecepta
454 2184 665 2276 quibusdam
683 2182 764 2250 ideo
780 2204 904 2272 parum
920 2180 1134 2267 probantur,
1160 2178 1242 2272 quia
1295 2176 1391 2245 missi
1416 2176 1557 2248 sceleris
1575 2180 1710 2272 pudere
1723 2196 1845 2273 cogat,
1868 2206 2029 2278 quaeque
2045 2184 2284 2276 impendentis

255 2285 399 2375 gentilis
416 2280 523 2354 bomo
540 2285 681 2353 videtur
694 2283 810 2351 aliena
824 2296 857 2351 et
873 2281 1062 2371 pugnantia
1079 2306 1159 2350 cnm
1177 2306 1243 2349 no·
1293 2278 1457 2368 supplicii
1473 2293 1606 2351 metum
1622 2281 1782 2357 incutiat.
1832 2285 2047 2377 Suntigitur
2063 2282 2285 2359 inhumanis

256 2400 328 2457 stra
351 2387 523 2477 religione
543 2386 722 2468 docuisse,
755 2379 814 2452 hic
836 2406 935 2451 error
958 2383 1063 2471 vulgo
1087 2384 1241 2451 eximen—
1293 2380 1423 2448 anisnis
1443 2394 1559 2452 certae
1579 2383 1626 2452 de
1644 2385 1806 2457 moribus
1827 2387 1939 2477 leges,
1963 2400 2147 2480 quactum
2162 2390 2283 2479 priva·

255 2487 322 2558 dus
340 2500 401 2557 est
419 2572 423 2579 Ι
454 2486 667 2578 Quanquam
683 2501 799 2555 autern
815 2484 958 2572 longior
972 2498 1024 2553 est
1041 2484 1100 2553 illa
1118 2484 1241 2573 dispu·
1292 2492 1365 2549 tam
1382 2480 1492 2552 vitam
1509 2499 1654 2574 regunt,
1680 2498 1755 2555 turn
1772 2489 1985 2559 constituere
1999 2512 2039 2559 ac
2053 2502 2172 2559 tencre
2186 2486 2282 2561 Res·

255 2587 359 2673 tatio,
391 2613 497 2681 quam
527 2603 567 2658 ut
597 2583 656 2655 hic
677 2585 844 2680 explicari
869 2599 940 2656 tota
965 2586 1091 2677 possit,
1124 2598 1240 2655 tamen
1293 2584 1378 2673 pub.
1401 2582 1532 2654 iudicia
1556 2610 1717 2657 exercere
1741 2603 1775 2659 et
1796 2590 1996 2661 societatem
2011 2586 2198 2661 hominum
2216 2594 2281 2661 de-

256 2689 410 2760 iudicavi
433 2714 560 2781 operae
581 2689 739 2781 precium
759 2712 816 2757 me
830 2688 1006 2757 facturum
1021 2710 1109 2769 esse,
1135 2687 1164 2754 si
1180 2711 1241 2756 ex·
1293 2683 1437 2755 iendere
1461 2687 1668 2759 docuerunt.
1719 2684 1769 2761 Et
1789 2706 1829 2763 ut
1848 2690 2002 2761 fatemur
2021 2714 2086 2761 nos
2104 2691 2280 2763 divinitus

255 2815 422 2883 ponerem
451 2816 541 2884 qnae
571 2791 625 2859 vis
652 2791 714 2874 sit,
746 2813 905 2882 quaeque
926 2790 1096 2859 autoritas
1118 2812 1240 2859 eorum
1292 2785 1455 2857 conditos
1475 2811 1550 2856 esse
1573 2814 1613 2859 ac
1638 2792 1840 2883 propagari,
1861 2790 1909 2864 ita
1931 2792 2096 2863 dubitare
2116 2814 2190 2871 non
2216 2796 2281 2862 de·

253 2907 538 2986 praeceptorum,
564 2917 653 2985 quae
668 2906 742 2961 tum
758 2888 951 2975 Hesiodus,
975 2905 1051 2961 turn
1065 2890 1124 2959 alii
1140 2889 1241 2959 inulti
1292 2887 1433 2972 manus,
1466 2890 1554 2981 quin
1583 2916 1603 2961 e
1628 2894 1726 2963 coelo
1755 2894 1793 2961 in
1814 2888 1907 2963 hanc
1926 2894 2035 2963 vitam
2057 2884 2282 2967 attulerimus

254 2996 429 3085 sapientes
451 3009 485 3065 et
505 2995 601 3064 docti
622 2994 690 3063 viri
707 3017 787 3064 cum
805 2991 1153 3072 animadvertissent,
1175 3016 1242 3060 uo·
1293 2989 1372 3059 illas
1388 2989 1480 3059 vitae
1494 2991 1600 3082 leges,
1621 3007 1654 3064 et
1669 2995 1946 3086 illosigniculos,
1970 2995 2033 3088 qui
2042 3008 2076 3065 et
2085 2998 2280 3069 ostendunt

255 3096 312 3165 bis
340 3120 360 3164 a
391 3109 516 3167 natura
549 3096 728 3188 proposita
756 3117 848 3180 esse,
888 3089 1105 3187 deprehensa
1135 3116 1241 3184 erpo·
1293 3085 1440 3161 honesta
1467 3104 1503 3161 et
1528 3096 1720 3166 admonent
1749 3121 1889 3187 semper
1912 3118 2072 3188 praeesse
2090 3120 2223 3166 numen
2244 3111 2283 3168 et

254 3206 418 3281 suerunt}
446 3211 480 3266 et
502 3197 542 3264 in
563 3197 681 3268 literas
704 3196 923 3281 retulerunt,
946 3209 987 3267 ut
1003 3195 1241 3266 commonefa-
1292 3193 1487 3283 inspectare
1508 3196 1629 3265 omnia
1652 3190 1840 3265 bominum
1862 3197 2010 3266 consilia
2032 3196 2194 3283 acfacta,
2217 3199 2282 3267 de-

255 3310 375 3367 cerent
394 3320 473 3378 eos,
505 3298 568 3390 qui
588 3310 733 3388 propter
753 3293 1002 3375 infirmitateml
1016 3297 1239 3387 ingeniorum
1291 3318 1360 3387 que
1379 3294 1556 3367 sceleratis
1576 3296 1792 3387 supplicium
1813 3319 1951 3367 sumere
1974 3297 2099 3366 solere.
2149 3297 2282 3371 Paulus

253 3413 316 3470 aut
341 3399 485 3483 aetatis,
518 3411 579 3469 aut
601 3398 707 3469 etiam
727 3398 980 3468 cousuetudine
1003 3399 1041 3466 in
1064 3413 1117 3469 tot
1138 3398 1240 3467 malis
1291 3394 1424 3467 alicubi
1442 3388 1648 3467 huiusmodi
1665 3395 1857 3469 sententias
1872 3398 2057 3467 veritatem
2073 3394 2142 3468 Dei
2156 3401 2281 3490 adpel-

254 3501 422 3592 exemplis
445 3496 647 3592 depravati,
671 3522 813 3570 cernere
835 3498 905 3591 ipsi
929 3502 1051 3568 eadem
1067 3522 1142 3568 non
1159 3523 1240 3589 pos-
1290 3497 1359 3581 lat,
1384 3521 1466 3569 cunr
1486 3496 1594 3569 vellet
1613 3496 1810 3588 significare
1831 3494 1895 3569 has
1915 3497 2104 3592 opiniones
2125 3524 2200 3569 non
2217 3526 2277 3571 er·

252 3617 341 3672 sent.
393 3602 549 3673 Proinde
567 3603 616 3672 sic
629 3615 830 3685 statuemus,
855 3595 971 3670 nihilo
987 3600 1105 3670 minus
1117 3601 1239 3670 divina
1291 3622 1371 3669 rore
1392 3600 1546 3692 quodam
1565 3622 1586 3669 a
1605 3600 1799 3671 maioribus
1816 3624 1880 3692 per
1892 3623 2019 3671 manus
2034 3624 2105 3669 esse
2118 3600 2279 3689 traditas,

209 3741 213 3747 ·
251 3710 434 3795 praecepta
459 3729 531 3773 esse
554 3729 593 3774 ea
616 3728 704 3797 qnae
727 3725 869 3773 asensu
887 3703 1069 3773 communi
1087 3716 1121 3773 et
1135 3715 1239 3773 natu·
1291 3725 1357 3771 nec
1386 3712 1516 3770 temere
1544 3701 1600 3771 vel
1631 3699 1826 3794 obrepsisse
1855 3702 1976 3788 nobis,
2008 3700 2063 3771 vel
2087 3700 2280 3775 inanimis

250 3829 311 3876 rae
332 3806 464 3879 iudicio
481 3806 633 3878 mutuati
648 3803 743 3875 docti
759 3800 920 3873 homines
935 3805 1101 3894 gentiles,
1128 3804 1239 3874 literis
1291 3798 1454 3887 haerere,
1486 3803 1548 3873 'sed
1578 3804 1667 3875 adeo
1691 3805 1870 3874 mentibus
1894 3803 2026 3875 nostris
2046 3802 2169 3872 infixas
2191 3826 2280 3891 esse,

249 3910 485 3988 mandarunt,
512 3933 618 4002 qnam
632 3932 722 4001 quae
735 3919 855 3977 extant
869 3906 908 3975 in
922 3906 1129 3997 ipsissaxeis
1143 3903 1237 3975 Mosi
1291 3903 1358 3988 ita,
1382 3917 1422 3973 ut
1445 3904 1607 3975 eiici‘aut
1628 3904 1705 3975 erui
1728 3906 1828 3977 nulla
1852 3905 1885 3973 vi
1907 3902 2054 3997 possint.
2103 3902 2181 3995 Ego
2196 3929 2281 3975 cum

251 4011 394 4083 tabulis.
444 4007 509 4080 Est
523 4008 618 4079 enirir
633 4010 672 4078 in
688 4009 846 4079 confesso
861 4003 1036 4079 humanae
1053 4006 1163 4078 menti
1180 4007 1238 4077 di·
1290 4006 1448 4098 expendo
1464 4006 1688 4077 autoritatem
1704 4001 1830 4078 harum
1846 4007 1972 4097 legum,
1998 4019 2033 4077 et
2049 4006 2278 4077 animadver-

249 4112 385 4181 vinitus
410 4110 601 4197 insculptas
622 4133 695 4178 esse
711 4109 879 4201 quasdam
897 4110 989 4198 leges
1006 4112 1049 4179 de
1066 4110 1238 4194 moribus,
1290 4123 1347 4192 to,
1374 4132 1481 4202 qnam
1503 4107 1666 4198 religiose
1687 4108 1755 4178 coli
1777 4131 1835 4178 eas
1855 4108 1956 4179 Deus
1979 4108 2152 4198 postulet,
2177 4130 2278 4179 com·

251 4213 372 4303 quales
391 4224 491 4280 sunt:
519 4208 704 4279 Neminem
727 4210 937 4279 laedendum
953 4235 1043 4296 esse;
1071 4212 1239 4281 colendos
1289 4234 1435 4279 moveor
1451 4210 1627 4300 profecto,
1657 4222 1692 4279 et
1706 4232 1826 4280 earum
1843 4208 2075 4301 scriptoribus
2090 4209 2202 4298 magis
2219 4232 2278 4281 ca-

252 4336 324 4381 esse
354 4325 531 4400 parentes3
566 4311 656 4379 bene
686 4309 903 4378 merentibus
934 4306 1133 4387 habendam
1165 4336 1238 4381 esse
1289 4311 1387 4402 pior;
1417 4333 1570 4400 agnosco
1591 4309 1687 4381 enim
1710 4334 1785 4379 non
1807 4311 1885 4381 sine
1909 4325 2044 4393 mente,
2071 4324 2112 4382 ut
2133 4309 2197 4382 ille
2217 4309 2279 4397 ait,

195 4484 198 4489 ,
250 4413 415 4501 gratiam;
443 4410 707 4500 Magistratibus
723 4412 918 4502 parendum
932 4435 1020 4496 esse3
1047 4412 1193 4481 alendos
1206 4427 1238 4483 et
1288 4412 1366 4484 sine
1387 4412 1535 4484 numine
1559 4411 1701 4496 divum,
1731 4406 1817 4483 haec
1839 4412 1886 4484 ab
1910 4413 1982 4483 illis
2004 4412 2110 4483 nobis
2131 4412 2279 4483 vivendi

250 4514 492 4585 defendendos
522 4535 595 4581 esse
623 4536 682 4582 eos
711 4511 773 4606 qui
796 4522 936 4580 nostrae
958 4512 1237 4583 fideicommissi
1290 4528 1472 4605 praecepta
1495 4515 1624 4586 tradita
1647 4536 1732 4582 esse.
1798 4511 1919 4603 Quare
1939 4538 2014 4584 non
2037 4514 2123 4585 satis
2143 4513 2281 4586 intelli·

249 4632 351 4703 sunt;
384 4627 482 4708 pacta
508 4617 680 4685 servanda
705 4638 791 4685 esse.
855 4610 929 4683 Has
952 4639 1033 4686 cnm
1058 4614 1134 4685 sani
1157 4616 1237 4704 qui·
1288 4629 1375 4704 gunt
1399 4611 1529 4685 horum
1552 4615 1764 4705 scriptorum
1781 4617 1948 4700 consilia,
1970 4615 2033 4710 qui
2050 4640 2125 4686 non
2139 4614 2280 4709 perspi·

249 4720 332 4789 dam
361 4714 523 4789 homines
547 4713 783 4809 deprehensas
808 4716 1029 4788 ostenderint
1051 4716 1236 4809 imperitis,
1288 4716 1388 4786 ciunt
1410 4717 1506 4786 unde
1530 4729 1582 4807 tot
1601 4711 1750 4786 honesta
1767 4732 1968 4810 praecepta,
1993 4729 2046 4788 tot
2058 4724 2182 4808 graves
2197 4740 2282 4788 sen-

248 4821 335 4915 quid
358 4835 407 4913 est¹
430 4844 494 4890 cur
509 4842 584 4891 non
598 4833 632 4891 et
646 4840 811 4889 vocemus
826 4818 967 4888 divinas
982 4819 1094 4910 leges,
1122 4831 1157 4899 et
1173 4841 1237 4909 pa·
1288 4818 1419 4888 tentiae
1440 4817 1631 4892 manarint.
1682 4816 1737 4890 De
1759 4814 1935 4909 religione
1950 4814 2055 4890 aliter
2066 4821 2196 4892 docent
2212 4841 2282 4891 nos

248 4946 388 4992 reamns
419 4923 468 4992 eis
500 4937 668 5016 tanquam
698 4922 841 4991 divinae
868 4920 971 4991 voci?
1020 4920 1144 5016 Neque
1175 4920 1235 4988 ille
1286 4915 1509 4993 Christianae
1538 4919 1681 5003 literae,
1711 4921 1774 4993 sed
1802 4909 1986 4991 decivilis
2010 4920 2283 4993 vitaeconsue·

247 5024 323 5116 ipse
349 5024 508 5094 coelestis
529 5024 634 5095 Pater
654 5025 769 5116 pluris
791 5047 811 5091 a
833 5021 938 5092 nobis
962 5023 1038 5093 lieri
1061 5048 1119 5094 eas
1142 5022 1236 5110 leges
1287 5022 1431 5105 tudine,
1469 5023 1719 5094 communibus
1748 5035 1896 5093 naturae
1926 5024 2121 5115 praeceptis
2153 5044 2281 5116 parere

247 5126 362 5195 voluit
387 5126 533 5217 quasin
556 5148 638 5196 saxo
663 5125 820 5217 scripsit,
844 5148 951 5217 quam
973 5149 1059 5218 quas
1081 5126 1119 5194 in
1140 5122 1235 5213 ipsos
1285 5144 1351 5190 nos
1364 5119 1528 5195 Christus
1542 5124 1673 5210 voluit;
1699 5147 1815 5217 neque
1829 5149 1913 5196 vero
1928 5120 2022 5195 nihil
2038 5126 2084 5198 ad
2098 5119 2281 5197 Christia-

246 5230 448 5298 animorum
474 5241 675 5297 nostrorum
699 5249 821 5297 sensus
844 5226 1085 5316 impresserat,
1128 5249 1234 5320 quas-
1284 5246 1372 5291 num
1396 5224 1550 5315 pertinet
1572 5225 1688 5294 civilis
1704 5224 1797 5295 vitae
1814 5228 2043 5300 consuetudo.
2093 5224 2179 5298 Non
2193 5239 2282 5298 sunt

245 5355 331 5422 que,
365 5342 405 5400 ut
426 5324 557 5399 Paulus
585 5328 653 5414 ait,
682 5327 720 5397 in
745 5327 913 5399 cordibus
936 5322 1123 5398 hominurn
1145 5326 1233 5397 scri-
1282 5322 1391 5414 igitur
1415 5326 1741 5417 praetermittenda,
1767 5327 1889 5424 siqua
1911 5329 2008 5398 docti
2031 5340 2067 5399 et
2088 5328 2196 5418 periti
2210 5323 2281 5415 ¹ho·

244 5446 380 5521 pserat,
404 5432 448 5503 de
463 5429 657 5525 quibussic
672 5429 765 5501 iuter
779 5453 953 5501 seomnes
968 5427 1132 5503 homines
1146 5451 1232 5500 con·
1281 5424 1397 5499 mines
1422 5452 1462 5499 ea
1483 5429 1529 5499 de
1550 5450 1589 5497 re
1608 5444 1837 5502 monuerunt.
1886 5428 2032 5501 Nullius
2049 5442 2169 5502 autem
2186 5425 2280 5501 Phi-
