4732 6030
112 281 161 357 ts
236 254 246 275 ”
625 275 785 350 neon
817 275 894 348 uu
926 273 1162 351 srunus
1195 269 1616 350 rusonocrcrs.
2086 271 2137 344 aa

112 455 235 526 luisset
250 454 386 542 lapsus,
412 463 496 520 tunc
512 473 634 518 omnes
651 450 798 538 posteri,
831 463 863 519 et
880 444 1041 518 homines
1059 472 1099 517 er
1132 449 1246 539 .quod
1280 446 1377 539 quasi
1410 447 1536 534 figulus
1568 445 1818 516 candelabrum
1851 445 1951 514 linxit
1978 455 2139 535 pateret

114 555 269 638 coorti,
306 545 415 646 φύσει
445 552 592 621 fuissent
618 547 809 639 'l’heologiz
850 565 924 627 turn
953 552 1099 620 vidisses
1152 550 1247 618 Deus
1267 562 1397 617 noster.
1455 547 1595 616 Deinde
1614 546 1705 617 Cain
1728 564 1760 617 et
1777 547 1892 617 llalrel
1917 545 2075 636 parvuli,
2101 556 2137 613 et

114 672 223 728 totum
240 655 363 723 orbem
379 669 552 723 terrarum
568 646 768 721 nilrilaliud
784 676 874 733 esse,
897 677 1003 745 quam
1019 676 1098 742 spa·
1151 645 1267 719 adhuc
1286 650 1325 718 in
1344 648 1446 718 cunis
1468 662 1660 739 reptantes,
1683 665 1745 719 aut
1763 651 1923 718 alacriter
1937 648 2138 717 circumvo-

111 758 240 826 ciosam
282 757 461 848 quandam
501 772 542 822 ac
582 754 900 846 frequentissimam
943 749 1098 822 scholam
1151 752 1264 820 lantes
1291 751 1429 841 potius,
1462 751 1599 843 quoties
1622 746 1767 820 herbam
1797 752 1951 842 aliquam
1974 751 2137 830 odoram,

111 853 384 945 Theologicam,
417 856 454 923 in
487 857 563 945 ipso
593 855 771 946 paradiso,
806 855 907 947 quasi
931 855 968 922 in
995 850 1099 924 horto
1151 855 1288 945 quoties
1312 852 1441 920 violam
1467 868 1527 922 aut
1550 877 1683 936 rosam,
1714 853 1850 944 quoties
1873 875 2016 940 pomum
2031 872 2137 937 gene·

110 963 284 1050 quodam,
333 969 395 1025 aut
443 956 581 1045 porticu
623 951 894 1045 Philosophica,
944 955 1098 1025 mirabili
1152 979 1289 1037 rosum,
1321 955 1464 1022 botrum
1494 968 1556 1023 aut
1586 977 1674 1023 uvas
1700 955 1932 1044 aspexissent,
1964 975 2039 1019 non
2061 949 2138 1017 siue

111 1060 343 1140 amoenitate,
372 1059 495 1146 passim
520 1059 808 1149 consedentibus,
835 1057 1100 1127 obambulanti·
1151 1055 1405 1124 iucundissimo
1437 1078 1543 1123 sensu
1577 1055 1735 1125 infinitae
1767 1069 1802 1124 et
1835 1049 2138 1143 inperserutabilis

111 1163 176 1229 bus
199 1175 251 1230 tot
275 1159 477 1247 discipulis,
512 1182 663 1249 quorum
685 1153 961 1253 συμφιλόσοφοι
984 1171 1099 1228 essent
1152 1157 1319 1226 bonitatis
1336 1167 1369 1223 et
1383 1156 1575 1241 sapientiae
1591 1155 1674 1236 Dei,
1698 1157 1921 1245 cogitassent:
1953 1147 2138 1222 haecsunt

109 1261 258 1350 Angeli,
292 1285 442 1352 quorum
471 1259 638 1328 dominus
669 1273 704 1327 et
729 1259 1001 1349 magisterlesset
1025 1261 1098 1349 ipse
1151 1262 1243 1327 dona
1267 1257 1378 1325 nostri
1409 1257 1507 1324 illius
1534 1254 1667 1339 Patris,
1700 1252 1758 1326 hic
1781 1263 1887 1337 odor,
1919 1251 1979 1324 hic
2000 1274 2136 1337 succus,

107 1360 223 1432 Deus:
258 1361 404 1430 vidisses
423 1361 616 1428 masculum
639 1375 673 1429 et
690 1361 881 1445 foeminam
902 1362 940 1428 iu
962 1385 1098 1430 summa
1150 1383 1256 1450 opera
1292 1373 1375 1427 sunt
1410 1357 1568 1428 coelestis
1605 1362 1763 1426 dextrae:
1813 1353 1919 1426 huius
1947 1357 2041 1425 botri
2080 1353 2137 1421 vel

111 1464 288 1548 castitate,
327 1475 361 1532 et
391 1460 543 1552 puritate
571 1460 668 1546 dulci
693 1464 863 1552 quadam,
898 1478 932 1532 et
962 1463 1098 1531 sincera
1149 1485 1262 1531 unum
1292 1461 1499 1549 pampinum
1530 1482 1594 1549 ego
1623 1484 1696 1526 non
1728 1482 1862 1548 possem
1885 1458 2025 1543 lingere.
2087 1451 2138 1524 Et

109 1570 269 1660 στοργῇ,
303 1586 384 1630 vera
408 1566 559 1654 quadam
584 1577 619 1632 et
640 1564 792 1653 perfecta
814 1564 985 1633 suavitate
1007 1564 1098 1634 vitae
1149 1576 1224 1631 tum
1244 1559 1359 1629 Adam
1377 1576 1410 1630 et
1427 1557 1502 1629 Eva
1518 1561 1657 1630 coelesti
1677 1563 1847 1652 quadam,
1879 1561 1979 1628 beata
2001 1571 2036 1627 et
2056 1579 2138 1624 sua-

108 1679 141 1734 et
159 1689 316 1747 morum,
339 1661 468 1732 deDeo
484 1678 517 1732 et
533 1662 777 1753 operibusDei
792 1664 981 1750 disserere,
1009 1690 1096 1734 con·
1151 1663 1290 1731 vissima
1319 1662 1603 1746 conversatione,
1643 1687 1715 1730 non
1745 1662 1849 1730 aliter
1877 1675 1981 1750 atque
2015 1655 2137 1727 tenelli

108 1766 277 1835 fabulari:
308 1765 454 1833 vidisses
482 1759 645 1833 homines
666 1780 822 1855 expertes
847 1767 1097 1855 calamitatum,
1151 1765 1212 1832 lilii
1235 1765 1302 1831 sub
1323 1764 1456 1832 blando
1479 1776 1640 1853 parente,
1674 1763 1712 1830 iu
1738 1787 1874 1832 summa
1902 1760 2029 1830 fiducia
2055 1781 2137 1844 erga

107 1890 377 1948 aerumnarum,
412 1865 598 1947 tristiciae,
629 1865 771 1953 ignaros
793 1869 959 1935 funerum
986 1883 1019 1935 et
1041 1890 1097 1933 se·
1149 1864 1286 1946 Deum,
1323 1865 1369 1933 in
1389 1888 1524 1933 summa
1551 1865 1759 1934 certitudine
1788 1878 1822 1933 et
1850 1863 2036 1932 dulcedine
2058 1883 2138 1928 cor·

107 1962 269 2056 pulchri,
295 1969 459 2034 liberosa
475 1966 737 2036 totterroribus
751 1963 914 2044 Diaboli,
940 1967 985 2035 ab
1000 1966 1099 2034 omni
1151 1965 1267 2047 dium,
1293 1963 1402 2060 illum
1425 1961 1541 2033 Deum
1567 1965 1687 2034 vivum
1709 1980 1742 2035 et
1765 1990 1887 2034 verum
1906 1986 2008 2033 suum
2028 1985 2137 2050 agno-

107 2069 273 2145 tristitia‚
302 2079 419 2149 metu,
451 2088 598 2156 pavore,
631 2079 668 2136 et
690 2066 849 2147 miseria,
874 2068 1097 2157 inperpetuo
1151 2067 1282 2135 vissent
1302 2067 1545 2150 conditorem,
1577 2067 1848 2148 nutricatorem,
1879 2078 2081 2157 parentem,
2103 2078 2137 2134 et

106 2168 238 2258 gaudio
255 2167 409 2259 Spiritus
428 2166 562 2248 sancti,
577 2167 861 2237 ⁴admirabundus
879 2168 1039 2260 quotidie
1054 2169 1098 2236 de
1149 2169 1341 2236 admodum
1353 2170 1535 2258 perspicua
1548 2168 2029 2256 cognitioneintellexissent,
2046 2190 2137 2257 quo-

107 2266 376 2359 operibusllei‚
403 2266 696 2349 iucundissimum
712 2268 751 2335 in
766 2271 912 2339 modum
929 2269 1095 2362 colloqui.
1148 2273 1256 2340 modo
1279 2282 1330 2339 tot
1353 2269 1535 2357 magnilica
1559 2284 1592 2340 et
1615 2270 1826 2360 praestantia
1849 2294 1976 2361 opera,
2011 2279 2138 2336 totes-

108 2368 190 2440 Nou
211 2369 360 2440 luissent
380 2370 545 2437 tenebrae
566 2362 651 2453 hae,
676 2382 727 2439 tot
748 2372 1097 2460 moestaecogitatio-
1148 2371 1312 2440 cellentes
1350 2385 1547 2453 creaturae,
1587 2395 1682 2439 mera
1712 2372 1918 2464 quotidiana
1955 2369 2138 2451 miracula,

107 2496 171 2540 nes
199 2486 233 2540 et
255 2494 359 2540 crrrae
392 2464 627 2538 humanarum
655 2471 846 2556 mentium,
881 2497 970 2564 quae
1000 2496 1097 2542 nunc
1148 2496 1243 2540 mera
1257 2472 1398 2560 specula
1413 2488 1545 2553 essent,
1570 2471 1607 2539 in
1625 2472 1755 2561 quibus
1769 2473 1885 2561 fulgur
1900 2470 2058 2538 inlinitae
2073 2470 2138 2536 bo-

107 2584 208 2654 sunt,
233 2574 292 2641 sed
309 2571 429 2643 omnia
445 2572 548 2661 plena
565 2571 663 2650 luce,
688 2572 779 2655 vita,
804 2569 1001 2656 hilaritate,
1026 2575 1098 2642 lae·
1149 2573 1269 2641 nitatis
1286 2585 1321 2645 et
1343 2575 1518 2661 potentiae
1532 2570 1599 2643 Dei
1617 2574 1787 2642 redditur.
1846 2571 1936 2640 Nam
1957 2565 2137 2659 haecpol-

107 2673 190 2745 ticia
219 2673 410 2743 ineffabili:
446 2686 481 2741 et
506 2672 721 2741 eiuscemodi
746 2676 907 2744 coelestia
935 2676 1097 2766 poiimata
1148 2671 1322 2742 cherrima
1351 2698 1468 2742 rerum
1495 2669 1658 2743 machina
1680 2674 1719 2741 in
1744 2669 1810 2742 hoc
1833 2672 1974 2743 condita
1999 2685 2066 2754 est,
2097 2683 2139 2741 ut

107 2798 148 2843 ac
161 2775 293 2843 cantica
310 2776 352 2842 de
367 2771 443 2843 Deo
458 2787 491 2843 et
507 2772 673 2863 operibus
685 2771 751 2843 Dei
767 2775 1022 2868 (cuiuscemodi
1038 2776 1096 2844 vix
1149 2776 1194 2844 sit
1222 2789 1381 2858 aeterna,
1419 2775 1566 2844 mirifica
1595 2789 1630 2844 et
1667 2775 1867 2844 indelebilis
1905 2775 2061 2864 pictura,
2096 2771 2138 2838 iu

105 2877 253 2944 summis
276 2870 507 2956 patriarchis,
540 2872 689 2954 Davidi,
722 2889 756 2941 et
779 2877 956 2943 similibus
973 2900 1097 2944 canere
1149 2901 1217 2970 qua
1242 2873 1339 2945 Deus
1366 2888 1399 2944 et
1422 2898 1526 2964 opera
1550 2875 1627 2944 eius
1652 2896 1861 2959 cernantur,
1891 2877 1981 2944 sicut
2005 2871 2153 2942 Paulus,

105 2991 225 3068 postea
246 2978 369 3045 datum
395 2972 464 3064 est)
486 2989 560 3042 torn
585 2971 712 3040 bimuli
736 2973 906 3054 infantes,
934 2973 1097 3044 etllabel
1149 2975 1455 3048 adRom.1.dicit.
1496 2973 1611 3043 Multa
1628 2992 1710 3044 sunt
1722 2979 1912 3044 admodum
1928 2978 1972 3043 de
1986 2999 2022 3045 se
2038 2973 2138 3058 signa

106 3079 277 3167 parvulus
296 3077 335 3141 in
352 3073 473 3156 cunis,
499 3071 594 3140 inter
607 3071 681 3161 ipsa
697 3074 889 3164 crepundia
906 3076 1097 3150 cecinisset.
1149 3079 1286 3160 «tantia,
1306 3090 1341 3145 et
1355 3098 1513 3164 expressa
1530 3077 1672 3164 vestigia
1687 3078 1906 3160 divinitatis,
1929 3077 1967 3144 in
1985 3071 2049 3145 hac
2065 3087 2137 3144 tote

103 3177 197 3247 Nam
221 3174 291 3243 ni'si
314 3199 333 3242 e
359 3175 457 3242 c‘oelo
480 3195 647 3261 generosa
673 3173 733 3242 illa
758 3188 794 3245 et
817 3176 950 3246 nobilis
972 3192 1098 3246 natura
1148 3177 1378 3247 universitate
1400 3199 1539 3260 rerum,
1572 3174 1849 3267 pulcherrimum
1866 3174 1932 3247 hoc
1952 3193 1987 3248 et
2001 3177 2137 3268 spacio-

105 3273 284 3358 hominis,
326 3299 389 3365 per
422 3286 600 3365 peccatum
631 3274 779 3362 originis
812 3289 846 3346 et
878 3272 1097 3346 hurreudurn
1148 3304 1246 3363 sum,
1279 3291 1314 3347 et
1337 3292 1390 3348 tot
1414 3290 1588 3346 astrorum
1612 3279 1810 3349 luminibus
1833 3278 2038 3349 distinctum
2057 3301 2140 3346 coe-

105 3379 247 3468 lapsum
262 3372 378 3460 Adae,
404 3400 484 3444 cum
507 3375 546 3443 in
562 3377 738 3466 corporis,
760 3391 836 3448 tum
856 3379 996 3449 animae
1010 3379 1097 3450 viri·
1149 3382 1243 3472 lum,
1267 3380 1392 3469 ingens
1412 3379 1473 3448 illa
1497 3381 1613 3448 moles
1625 3394 1757 3465 terrae,
1782 3395 1817 3452 et
1833 3382 1978 3450 mirifica
1995 3381 2070 3448 eius
2087 3380 2141 3446 et-

103 3481 174 3549 hus
190 3490 355 3567 corrupta
373 3490 480 3560 esset,
509 3489 542 3545 et
559 3476 679 3545 lumen
696 3476 787 3548 illud
805 3474 980 3550 humanae
997 3506 1098 3549 men-
1149 3481 1319 3559 facientia,
1346 3480 1433 3551 etin
1448 3482 1547 3549 omni
1562 3505 1688 3570 genere
1705 3483 1936 3552 crescentium
1952 3479 2140 3551 foecrrndi-

105 3582 151 3651 tis
173 3575 398 3656 hebetatum,
430 3592 504 3647 turn
526 3577 616 3647 mira
636 3584 787 3670 quadarn
817 3583 889 3650 acie
914 3583 1099 3651 mentiret
1148 3600 1220 3666 tas,
1251 3583 1390 3650 infinita
1414 3605 1504 3671 pene
1533 3583 1742 3671 magnitudo
1762 3586 1892 3666 ruatis,
1924 3597 1958 3652 et
1985 3572 2140 3650 inclusio

106 3681 312 3763 oculorum,
350 3695 468 3748 motus
506 3678 587 3747 illos
618 3681 799 3765 coelestes,
844 3684 944 3764 solis,
981 3685 1099 3767 lunae,
1149 3708 1320 3777 aquarum
1344 3683 1440 3761 eins,
1472 3695 1512 3751 ut
1526 3681 1687 3777 Psalmns
1703 3686 1772 3769 ait,
1794 3686 1894 3777 quasi
1910 3684 1948 3751 in
1966 3699 2062 3763 utre,
2086 3694 2145 3750 tot*

82 3830 85 3834 ι
107 3783 331 3873 aliorumque
353 3780 507 3849 siderum
529 3793 623 3848 ratos
649 3781 955 3877 immutabilesque
976 3808 1099 3854 cursus
1149 3786 1325 3870 volucres,
1358 3798 1409 3854 tot
1430 3806 1558 3871 genera
1580 3784 1814 3854 animantium
1838 3801 1872 3854 et
1895 3785 2061 3871 piscium,
2086 3785 2154 3853 tot*

110 3899 181 3957 tarn
198 3906 307 3973 prope
321 3881 435 3951 Adam
452 3893 540 3950 esset
555 3880 725 3964 intuitus,
750 3909 854 3974 quam
876 3910 942 3954 nos
954 3912 1097 3955 currum
1148 3884 1297 3971 herbae,
1330 3899 1384 3954 tot
1409 3885 1583 3965 remedia,
1618 3897 1714 3950 tanta
1747 3887 1784 3950 in
1807 3885 1936 3965 succis,
1968 3883 2139 3953 odoribus

113 3986 151 4053 iu
176 3997 286 4067 terra,
317 3996 379 4051 aut
402 3983 521 4050 navim
542 3981 580 4048 in
603 3983 691 4050 mari
714 3988 901 4071 gubernari
928 3987 1098 4057 videmus.
1150 3987 1319 4067 varietas,
1349 4003 1438 4072 quos
1457 4003 1529 4046 una
1551 3995 1585 4051 et
1607 3984 1727 4049 eadem
1752 3996 1842 4052 terra
1866 3982 2017 4074 profert,
2049 4008 2140 4076 quae

114 4081 162 4155 Et
181 4108 254 4154 nou
276 4085 391 4152 solum
413 4083 660 4173 cognovissent
683 4096 756 4152 turn
776 4087 881 4174 primi
903 4087 955 4152 illi
973 4110 1099 4175 paren-
1149 4085 1269 4153 omnia
1292 4106 1332 4151 ex
1357 4107 1430 4150 uno
1455 4083 1648 4174 eodemque
1668 4085 1895 4156 sobolescunt
1917 4088 2078 4176 pulvere,
2103 4100 2138 4158 et

114 4200 185 4266 tes,
220 4189 315 4278 qnod
340 4183 437 4254 Deus
459 4197 606 4254 creasset
626 4185 784 4268 coelum,
809 4197 957 4269 terram,
992 4211 1099 4269 mare,
1150 4173 2140 4274 incomprehensibiliacoccultissimoaoctunascuntur.

113 4302 149 4358 ct
170 4288 288 4355 omnia
313 4310 403 4380 qnae
424 4287 531 4354 ineis
552 4297 656 4368 suut,
688 4287 747 4357 sed
774 4303 809 4356 et
837 4290 924 4355 inira
948 4290 1097 4378 ‹pradarn
1151 4286 1246 4356 Haec
1269 4286 1411 4378 quidem
1436 4283 1520 4352 satis
1541 4309 1666 4375 magna
1688 4288 1886 4360 testimonia
1908 4304 2010 4374 sunt,
2041 4289 2138 4382 quod

113 4389 324 4499 perspicacia
357 4387 628 4470 intellexissent,
672 4387 787 4475 ipsum
824 4407 992 4478 perpetuo
1026 4412 1099 4458 esse
1152 4386 1209 4458 hic
1226 4390 1382 4458 mundus
1398 4408 1470 4455 non
1485 4409 1566 4454 casu
1581 4389 1753 4475 extiterit,
1780 4415 1844 4460 nec
1858 4416 1898 4461 ex
1912 4393 2039 4461 atomis
2052 4418 2138 4461 con·
2199 4435 2207 4455 .

113 4503 328 4581 praesentem
362 4490 531 4558 onrrribus
565 4483 769 4572 hominibus
799 4488 924 4574 simul,
960 4504 995 4558 et
1020 4491 1099 4558 ani-
1149 4493 1254 4559 {latus
1283 4490 1347 4572 sit,
1385 4501 1427 4556 ut
1452 4489 1597 4579 qnidam
1627 4486 1836 4582 Philosophi
1864 4495 2037 4577 sentiunt,
2076 4497 2138 4566 sed

112 4588 294 4659 mantibus
313 4593 396 4659 dare
420 4591 581 4659 vitamet
604 4583 774 4670 halitum,
799 4605 904 4683 atque
923 4593 970 4662 ita
988 4591 1097 4659 aidini
1150 4605 1327 4661 aeternam
1354 4592 1532 4681 quandam
1562 4604 1595 4658 et
1619 4591 1794 4662 infinitam
1826 4619 1899 4665 esse
1920 4596 2141 4688 sapientiam,

113 4705 149 4763 et
169 4692 275 4760 corda
298 4715 416 4761 eorum
439 4689 702 4762 iucundissimis
725 4690 908 4764 affectibus
929 4693 1048 4782 gandii
1066 4706 1100 4760 et
1150 4717 1240 4785 qnae
1255 4688 1342 4762 haec
1356 4691 1475 4759 onmia
1491 4690 1637 4760 mirifice
1653 4692 1879 4766 architectata
1890 4698 1954 4781 sit,
1980 4721 2140 4792 quaeque

111 4791 304 4862 ineffabilis
319 4791 473 4862 laeticiae
489 4791 717 4878 inussissent,
744 4798 788 4859 de
804 4791 901 4877 Deo,
927 4801 972 4863 de
992 4793 1097 4861 ruini.
1149 4797 1272 4863 eodem
1290 4793 1547 4883 elegantissimo
1566 4795 1691 4863 ordine
1705 4812 1887 4868 conservet
1902 4823 1942 4868 ac
1957 4803 2142 4888 gubernet,

112 4895 181 4963 mis
195 4892 428 4988 maximisque
446 4895 613 4984 operibus
637 4892 719 4976 Dei,
740 4910 820 4963 tum
838 4897 980 4986 quidem
1000 4909 1096 4964 tanta
1149 4911 1188 4965 ut
1212 4893 1344 4964 Paulus
1366 4918 1507 4986 quoque
1533 4894 1572 4961 in
1598 4891 1883 4983 Actistestatur,
1918 4905 2013 4993 quod
2043 4902 2142 4972 Dens

110 4995 302 5079 certitudo,
324 5011 400 5077 ‚tam
414 4994 510 5064 tinua
525 4988 757 5089 πληροφορία
773 4994 907 5066 deDeo
922 4998 1041 5066 luisset
1060 4997 1097 5062 in
1150 4996 1231 5065 ideo
1255 4997 1294 5065 in
1316 5010 1387 5065 tota
1414 5007 1570 5063 ereatura
1593 4995 1640 5064 ita
1668 5001 1809 5088 vestigia
1833 5002 1907 5087 sni,
1936 5005 1974 5072 in
1990 5005 2141 5094 singulis

111 5097 291 5166 mentibus
316 5090 497 5178 humanis,
527 5112 564 5168 ut
587 5095 733 5188 quoties
750 5094 864 5165 Adam
887 5104 953 5169 sub
970 5122 1095 5165 anrura
1149 5122 1238 5188 pene
1260 5097 1435 5181 flosculis,
1466 5096 1615 5184 singulis
1636 5122 1725 5187 pene
1747 5098 1914 5172 arborum
1935 5106 2031 5175 loliis
2053 5109 2141 5177 reli·

109 5221 234 5280 orans,
260 5212 318 5266 aut
336 5193 411 5264 Eva
432 5222 531 5267 mane
553 5222 684 5267 ornans
698 5222 734 5264 se
754 5201 798 5265 ad
818 5202 968 5288 proximi
988 5199 1097 5268 foratis
1148 5200 1286 5290 querit,
1319 5212 1354 5268 et
1374 5221 1448 5266 sese
1466 5198 1685 5287 depinxerit,
1719 5221 1758 5274 ut
1782 5228 2032 5292 cognoscamus
2055 5233 2137 5292 eum

108 5300 307 5389 speculum,
342 5298 451 5366 solem
476 5298 646 5369 orientem
672 5296 833 5380 vidisset,
859 5324 1094 5369 nonnarum
1150 5323 1220 5368 uon
1237 5300 1340 5390 longe
1356 5300 1475 5368 abesse
1497 5302 1542 5369 ab
1556 5324 1772 5397 unoquoque
1790 5323 1971 5389 nostnrrn,
1997 5325 2030 5378 et
2049 5331 2138 5394 pene
2232 5324 2235 5329 ⁴

107 5403 286 5492 voluptate
304 5401 503 5490 cogitasset:
530 5397 589 5472 En
603 5402 732 5471 iterum
749 5400 854 5471 nobis
875 5403 973 5473 sidus
994 5404 1096 5488 illud,
1148 5399 1187 5470 in
1212 5417 1334 5473 nostro
1357 5401 1504 5493 proprio
1526 5426 1691 5497 corpore,
1729 5409 1768 5476 in
1798 5433 1889 5500 pane
1917 5425 1953 5481 et
1977 5412 2060 5478 vino
2086 5409 2136 5480 air
