4732 6030
155 313 229 385 491
314 224 324 243 ⁸
633 296 800 375 nuel.
838 297 914 373 DE
947 296 1392 376 RESTITUENDIS
1425 297 1706 382 senonis,
1754 314 1759 323 '
2120 320 2196 397 492

158 489 220 558 sed
249 484 410 557 omnium
443 476 594 545 maxime
619 473 773 544 salutare
803 497 845 543 eo
872 485 1045 564 tempore:
1076 470 1145 542 luit
1192 469 1281 542 scire
1306 483 1441 543 veteres
1462 468 1719 566 Apostolorum
1748 480 1956 569 sententias,
1993 488 2084 562 scire
2116 521 2199 589 pera

158 590 252 659 enim
271 583 430 655 hortator
449 578 630 647 faciendae
647 575 857 661 deditionis,
881 587 987 669 atque
1002 575 1051 646 itu
1072 598 1146 645 ser·
1195 597 1283 665 quos
1300 585 1439 644 autores
1457 589 1645 666 propagata
1663 580 1826 650 doctrina
1849 583 1967 659 suerit.
2025 589 2195 672 Clemens

159 691 254 761 vavit
270 684 436 777 reliquias
457 679 591 767 gentis,
616 702 696 746 cum
714 678 776 745 alii
792 690 894 747 antea
909 676 1065 766 depulsis
1077 670 1146 746 ho-
1195 674 1245 744 ait
1260 698 1297 744 se
1311 687 1541 765 pervagatum
1558 700 1634 749 esse
1647 691 1757 748 totam
1774 680 1908 770 Asiam,
1933 693 2029 762 etde
2046 696 2192 789 singuli.

158 792 269 860 stibus
295 783 445 875 patriam
480 791 684 852 servassent.
746 777 832 848 ldco
858 801 940 849 cum
965 771 1026 848 hic
1051 800 1146 847 novo
1197 776 1380 846 doctrinae
1422 777 1582 848 articulis
1615 781 1835 852 consuluisse
1865 789 2025 864 eruditos
2056 801 2195 896 ubique

159 888 318 979 exemplo
336 882 552 954 deditionem
565 882 738 960 suaderet,
763 903 852 972 quae
870 881 1056 948 videbatur
1069 893 1147 949 tur·
1198 876 1268 946 Sed
1293 890 1481 968 postquam
1506 880 1602 948 venit
1618 876 1892 970 Alexandriam,
1919 890 2026 965 luisse
2048 921 2084 969 se
2102 927 2193 973 con.

157 993 214 1085 pis
238 1001 274 1058 et
296 986 460 1067 exitiosa,
482 983 585 1052 valde
612 993 835 1072 contemptus
857 994 910 1051 est
928 1003 948 1050 a
963 979 1148 1050 Pontifici·
1198 988 1336 1046 tentum
1359 977 1492 1046 iudicio
1516 976 1706 1062 Pantaeni,
1740 1008 1846 1076 quem
1868 989 1918 1058 ait
1934 999 2134 1073 eruditione
2157 1019 2194 1076 ,a

159 1097 238 1163 bus.
292 1088 363 1158 Sed
387 1084 482 1156 Deus
506 1107 580 1152 nou
601 1076 767 1152 humanis
789 1081 965 1167 consiliis,
996 1080 1056 1150 sed
1083 1104 1147 1150 suo
1199 1078 1326 1169 pietate
1343 1078 1471 1147 eximia
1487 1080 1685 1170 praeditum
1707 1083 1832 1167 fuisse,
1857 1112 1897 1159 ac
1912 1109 2077 1168 ornatum
2095 1107 2194 1175 testi.

160 1195 333 1284 gubernat
345 1185 548 1269 Ecclesiam,
573 1183 726 1271 castigat,
751 1197 785 1252 et
798 1183 998 1272 castigatam
1014 1182 1149 1251 miran—
1200 1179 1330 1247 moniis
1348 1176 1504 1269 Spiritus
1523 1183 1652 1267 sancti,
1678 1208 1740 1255 seu
1764 1188 1958 1266 miraculis.
2011 1197 2060 1271 Ut
2085 1202 2192 1294 igitur

161 1297 217 1365 dis
240 1292 357 1361 modis
378 1286 546 1357 restituit.
598 1282 697 1372 Quid
720 1283 758 1351 in
781 1283 885 1353 exilio
906 1282 1150 1376 Babylonico?
1199 1276 1266 1349 hae
1290 1273 1432 1349 scholae
1454 1282 1499 1350 ab
1524 1278 1705 1372 Apostolis
1728 1283 1914 1361 inchoatae
1937 1319 2190 1374 conservaren.

161 1421 206 1466 an
221 1411 306 1467 tunc
322 1392 511 1460 deluerunt
524 1381 689 1454 scholae?
739 1382 815 1453 lmo
830 1408 910 1455 cum
927 1383 1062 1454 Iudaici
1076 1381 1150 1455 Re-
1200 1395 1278 1464 tur,
1311 1380 1470 1469 Collegia
1497 1381 1535 1449 in
1556 1376 1724 1456 Ecclesiis
1744 1385 2002 1485 Episcoporum
2030 1402 2190 1479 instituta

162 1521 220 1587 ges
239 1518 311 1564 non
333 1492 501 1560 aluissent
514 1485 702 1565 Doctores,
728 1484 798 1554 iam
814 1485 914 1555 alunt
927 1483 1151 1580 Babylonici.
1201 1494 1301 1565 sunt,
1326 1496 1360 1553 et
1379 1483 1507 1551 donata
1527 1483 1633 1558 victu.
1685 1485 1756 1558 Sed
1771 1505 1957 1586 postquam
1972 1523 2057 1590 opes
2071 1529 2191 1576 treve.

160 1597 291 1671 Daniel
306 1617 385 1662 cum
402 1589 544 1678 collegis
565 1586 763 1656 instituitur
775 1587 938 1657 doctrina
951 1582 1151 1656 Chaldaeo·
1201 1596 1306 1667 runt,
1344 1582 1385 1650 in
1412 1579 1578 1671 Collegiis
1606 1586 1767 1658 doctrina
1793 1594 1945 1667 extincta
1970 1615 2031 1672 est.
2092 1606 2190 1695 Quid

162 1724 262 1785 rum,
297 1697 358 1763 sed
383 1691 555 1768 vicissim,
591 1682 686 1756 hunc
712 1700 831 1777 postea
850 1686 966 1777 Reges
989 1687 1150 1758 omnium
1202 1683 1297 1753 enim
1312 1698 1505 1755 nuncsunt
1519 1684 1580 1755 illa
1594 1687 2016 1786 agminaCanonicorunr,
2042 1705 2114 1774 nisi
2132 1733 2191 1777 so·

163 1798 328 1879 maximi,
360 1809 526 1883 tanquam
552 1786 735 1879 discipuli,
765 1787 935 1873 audiunt,
959 1786 1152 1876 Nabugdo·
1202 1785 1298 1854 dales
1318 1782 1460 1875 Apicii?
1484 1783 1648 1873 Quarum
1669 1813 1787 1861 rerum
1808 1798 1923 1867 studia
1946 1800 1985 1868 in
2009 1802 2081 1873 illis
2100 1808 2189 1878 locis

163 1924 288 1983 noant,
312 1884 605 1971 Evilmerodach‚
638 1886 785 1968 Darius,
819 1887 947 1958 Medus
969 1902 1004 1959 et
1026 1886 1152 1982 Cyrus.
1202 1886 1360 1976 vigeant,
1385 1908 1459 1955 non
1477 1886 1666 1977 ignoratis,
1690 1895 1752 1961 sed
1766 1896 1811 1964 de
1824 1890 1881 1968 his
1893 1923 1967 1968 uon
1982 1904 2096 1972 dicam
2117 1902 2188 1979 hoc

165 2003 281 2093 Quem
297 1998 413 2066 virum
428 2018 469 2062 ex
486 1990 651 2061 omnibus
666 1989 837 2059 aetatibus
852 1989 1037 2059 nominare
1054 1988 1153 2082 quis-
1202 2002 1370 2076 tempore.
1422 1984 1609 2058 Caeterum
1625 1984 1710 2062 haec
1725 2005 1796 2063 tam
1811 1996 1915 2088 longa
1933 2024 2189 2100 qommemora-

164 2127 269 2198 quam
296 2110 430 2190 potest,
455 2092 516 2186 qui
537 2103 654 2162 tantos
668 2085 800 2161 heroas.
810 2091 1003 2181 discipulos
1019 2087 1153 2159 habue-
1202 2088 1252 2158 tio
1282 2088 1326 2155 de
1354 2083 1569 2179 propheticis
1598 2103 1633 2160 et
1666 2096 1868 2184 apostolicis
1894 2097 2094 2175 Academiis
2119 2134 2190 2202 quo

162 2207 235 2292 rit?
260 2201 345 2271 Post
357 2195 542 2266 Danielem
559 2191 750 2261 extiterunt
763 2185 894 2260 Esdras
908 2203 944 2260 et
953 2185 1154 2274 Nehemias,
1203 2186 1398 2280 pertinuit?
1431 2186 1526 2260 lllud
1547 2194 1731 2263 ostendere
1749 2198 1931 2284 volebam,
1956 2200 2032 2275 Deo
2056 2210 2191 2298 placere

165 2307 226 2400 qui
245 2303 437 2390 attigerunt
447 2291 642 2364 Alexandri
656 2290 863 2361 Macedonis
876 2304 1035 2366 aetatem.
1069 2289 1153 2361 Post
1203 2289 1505 2359 conservationem
1527 2285 1743 2380 scholarum,
1768 2322 1835 2369 nec
1858 2325 1958 2391 posse
1978 2306 2105 2379 llorere
2119 2307 2192 2382 Ec-

164 2404 406 2477 Alerandrum
423 2396 575 2464 celebrat
587 2392 681 2461 liber
696 2386 820 2461 Sirach
837 2390 1020 2462 Simonem
1035 2388 1153 2463 Ouiae
1203 2390 1325 2459 clesias
1345 2389 1423 2459 sine
1451 2385 1603 2477 scholis,
1627 2407 1663 2464 et
1687 2398 1829 2489 quidem
1852 2425 1978 2493 magna
2000 2410 2130 2480 artium
2150 2436 2191 2481 ac

164 2509 300 2585 filium,
359 2499 422 2590 qui
459 2494 642 2563 doctrinae
691 2492 879 2581 puritatem
923 2493 1154 2563 conservavit.
1203 2491 1386 2559 literarum
1404 2491 1571 2565 varietate
1596 2517 1686 2584 opus
1704 2512 1766 2572 est.
1815 2500 1905 2572 Nam
1931 2506 2036 2576 etiarn
2057 2511 2191 2580 illive-

163 2606 303 2680 Deinde
323 2598 429 2691 paulo
452 2607 532 2664 ante
555 2587 851 2662 Machabaeorum
876 2582 1049 2685 temphra,
1074 2617 1154 2662 curu
1203 2605 1293 2662 teres
1308 2585 1565 2681 Prophetarum
1581 2597 1769 2684 auditores,
1796 2603 1861 2672 etsi
1877 2608 2062 2699 praecipue
2077 2611 2191 2681 disce-

164 2706 352 2779 Pontilices
377 2707 550 2768 certarent
581 2694 674 2762 inter
694 2716 731 2760 ee
753 2694 968 2779 ambitione,
999 2709 1156 2764 emerent
1203 2694 1289 2762 bant
1301 2691 1463 2762 coelestia
1478 2695 1641 2781 oracula,
1659 2710 1776 2768 tamen
1789 2703 1876 2771 alias
1891 2724 1984 2776 artes
2004 2713 2107 2780 etiam
2125 2717 2191 2783 ad-

164 2806 414 2881 Pontificatum
436 2795 599 2868 avicinis
615 2787 793 2884 Regibus,
818 2796 1016 2866 doctrinam
1041 2795 1155 2884 negli·
1203 2793 1417 2882 iungebant,
1455 2794 1639 2867 discebant
1668 2798 1804 2893 aliquid
1830 2805 1873 2872 de
1899 2821 2026 2877 natura
2057 2834 2191 2899 rerum,

166 2919 304 3001 gerent,
331 2899 493 2989 collapsis
507 2891 659 2979 scholis,
685 2918 853 2985 magnum
870 2898 1001 2968 vulnus
1024 2896 1156 2987 accepit
1204 2896 1418 2988 quaerebant
1443 2888 1628 2982 historias,
1655 2899 1716 2969 alii
1740 2898 1931 2991 Musicam,
1955 2909 2015 2978 alii
2035 2909 2192 2984 Medici-

165 3009 309 3097 religio:
336 3002 450 3071 voluit
467 3014 584 3069 tamen
602 2993 698 3067 Deus
715 3019 892 3088 superesse
915 2999 1051 3091 aliquas
1070 2996 1156 3067 reli·
1204 3018 1289 3065 nam
1307 2994 1576 3085 profitebantur.
1628 2998 1680 3069 lta
1701 3024 1797 3075 nunc
1816 3007 1943 3077 videtis
1967 3005 2041 3080 sine
2063 3013 2191 3101 literis,

166 3111 280 3203 quias.
330 3096 542 3170 Machabaei
562 3103 791 3168 restituerunt
810 3100 1019 3171 doctrinam.
1071 3097 1157 3168 Post
1204 3097 1280 3165 siue
1301 3096 1505 3185 linguarum
1528 3100 1749 3188 cognitione,
1782 3106 1858 3177 sine
1878 3106 2088 3199 Dialectica,
2111 3117 2190 3185 sine

166 3209 233 3281 hos
256 3203 367 3274 crevit
388 3198 606 3290 impudentia
629 3198 667 3264 in
693 3199 826 3289 populo
847 3196 933 3284 Dei,
963 3199 1156 3291 repudiatis
1204 3197 1323 3289 aliqua
1340 3197 1479 3266 liberali
1496 3201 1715 3287 emditione,
1741 3208 1899 3295 profecto
1917 3212 2093 3284 neminem
2108 3219 2190 3288 satis

165 3303 424 3400 Prophetarum
455 3298 714 3379 monumentis,
750 3313 942 3388 coeperunt
971 3296 1154 3392 prophana
1203 3299 1372 3367 idoneum
1387 3322 1460 3367 esse
1477 3302 1521 3368 ad
1536 3302 1758 3391 explicandas
1774 3313 2033 3385 controversias
2051 3318 2191 3407 religio-

165 3410 308 3502 ingenia
331 3424 449 3474 amare
464 3392 637 3488 Graecam
652 3393 936 3489 Philosophiam,
961 3396 1046 3469 hinc
1068 3401 1156 3469 exti-
1204 3399 1270 3470 nis.
1321 3393 1418 3492 Ergo
1440 3399 1478 3467 in
1506 3397 1635 3473 scholis
1656 3405 1847 3477 multarum
1870 3413 2002 3482 artium
2028 3421 2192 3490 exercitia

165 3524 287 3585 terunt
302 3519 413 3576 sectae
428 3503 586 3570 diversae
595 3492 863 3569 Pharisaeorum
879 3514 913 3572 et
929 3499 1156 3571 Zadducaeo·
1204 3497 1481 3585 institutarum,
1502 3527 1651 3595 quarum
1672 3506 1857 3602 pleraeque
1873 3513 1938 3581 etsi
1958 3518 2191 3608 multiplicem

166 3639 266 3698 rum,
307 3608 369 3701 qui
399 3605 514 3696 palam
544 3597 759 3691 Epicuraeas
794 3601 980 3692 opiniones
1010 3602 1156 3693 professi
1204 3599 1243 3668 iu
1259 3599 1331 3669 vita
1347 3623 1451 3671 usum
1474 3597 1626 3690 habent,
1651 3620 1768 3678 tamen
1790 3612 1973 3704 praecipue
1985 3621 2192 3694 conducunt

165 3730 260 3789 sunt.
313 3710 436 3800 ltaque
457 3728 538 3774 cum
563 3702 626 3771 diu
646 3697 837 3772 horribiles
854 3717 969 3774 essent
989 3705 1155 3775 tenebrae
1203 3703 1250 3771 ad
1277 3702 1541 3774 ecclesiasticam
1566 3707 1762 3778 doctrinam
1783 3710 2041 3788 illustrandam.
2091 3717 2192 3792 Haec

166 3820 205 3888 in
227 3812 360 3908 pupulo
376 3807 462 3892 Dei,
488 3826 609 3874 rursus
629 3804 793 3873 excitavit
813 3802 910 3874 Deus
931 3799 1068 3874 scholas
1091 3829 1156 3894 per
1202 3826 1285 3872 cum
1305 3801 1353 3871 ita
1375 3803 1465 3884 sint,
1492 3820 1572 3874 cum
1593 3803 1734 3879 scholae
1755 3817 1966 3884 necessariae
1980 3817 2050 3888 sint
2063 3815 2191 3890 Eccle-

166 3919 337 3990 loannem
360 3909 573 4001 Baptistam,
598 3905 728 3975 deinde
752 3929 815 3996 per
833 3901 1029 3979 Christum.
1079 3905 1157 3978 Hos
1203 3903 1282 3986 siis,
1307 3904 1563 3975 ardentissimis
1587 3911 1678 3979 votis
1701 3925 1822 4002 optare
1834 3939 1955 3987 omnes
1976 3919 2024 4009 pii
2043 3923 2190 4003 debent,

166 4016 333 4090 habuisse
365 4008 591 4081 scholasticos
624 4021 763 4090 coetus,
797 4003 943 4078 historia
968 4004 1156 4099 Evangelii
1205 4017 1245 4074 ut
1261 4002 1358 4073 Deus
1378 4007 1543 4079 exuscitet
1558 4007 1764 4102 Principum
1783 4015 1921 4086 animos
1934 4021 1978 4087 ad
2000 4023 2192 4093 restituen-

168 4147 242 4193 uon
266 4120 414 4187 obscure
438 4120 595 4177 testatur.
646 4105 770 4175 Postea
786 4110 943 4198 exempla
960 4105 1155 4202 Propheta-
1204 4109 1266 4175 das
1282 4120 1315 4177 et
1332 4112 1510 4178 ornandas
1526 4109 1753 4200 Academias,
1776 4119 1822 4185 ad
1845 4119 2027 4191 excitanda
2050 4136 2083 4194 et
2106 4148 2191 4215 pro·

168 4245 267 4300 rum,
302 4227 337 4283 et
359 4208 519 4289 loannis,
553 4230 592 4274 ac
615 4201 750 4275 Christi
775 4207 960 4276 imitantur
981 4208 1156 4302 Apostoli.
1204 4203 1363 4277 vehenda
1384 4209 1567 4280 literarum
1585 4237 1625 4282 ac
1642 4215 1816 4286 bonarum
1831 4219 2099 4312 disciplinarum
2116 4240 2193 4296 stu-

166 4320 258 4390 Nam
281 4312 348 4382 hos
368 4331 509 4403 quoque
532 4329 649 4374 sumas
674 4302 809 4374 scholas
832 4302 995 4377 habuisse
1011 4325 1156 4402 apparet
1202 4306 1274 4380 dia.
1325 4306 1487 4403 Cumque
1503 4335 1542 4380 ea
1556 4312 1592 4381 in
1611 4338 1648 4382 re
1665 4317 1834 4407 optimam
1852 4323 2070 4395 voluntatem
2085 4326 2192 4396 Prin-

169 4445 209 4492 ex
225 4417 390 4492 irenaeo,
417 4410 477 4502 qui
493 4409 542 4477 ait
556 4406 724 4474 loannem
741 4400 906 4476 habuisse
919 4411 1077 4482 assiduos
1092 4436 1156 4482 au-
1203 4433 1284 4500 ceps
1299 4405 1462 4481 Marchio
1480 4416 1688 4501 ostenderit,
1714 4420 1885 4508 gratulari
1903 4418 1995 4494 hanc
2018 4429 2192 4498 foelicita-

168 4524 300 4593 ditores
314 4514 455 4595 multos,
477 4524 510 4579 et
528 4509 565 4576 in
582 4503 637 4576 his
654 4505 901 4601 Polycarpum.
952 4508 1059 4583 Hunc
1076 4536 1152 4583 mo-
1204 4523 1273 4581 tem
1292 4509 1447 4601 Reipub.
1470 4514 1654 4601 debemus,
1681 4542 1721 4588 ac
1744 4523 1879 4611 precari
1902 4522 2037 4611 Deum,
2063 4543 2104 4599 ut
2127 4553 2191 4599 au·

167 4648 240 4695 rem
262 4630 381 4714 postea
406 4613 556 4683 servavit
579 4624 613 4679 et
638 4610 711 4700 ipse
736 4608 951 4704 Polycarpus
973 4610 1157 4706 Smyrnae.
1201 4612 1321 4700 spiciis
1344 4609 1610 4684 honestissimae
1633 4631 1739 4712 atque
1760 4622 1969 4696 utilissimae
1990 4630 2041 4698 rei
2065 4631 2191 4702 faveat.

166 4725 252 4804 Fuit
272 4735 390 4792 autem
408 4712 729 4809 frequentissimum
749 4709 985 4806 Gymnasium
1001 4713 1156 4785 Alexan·
1203 4710 1366 4784 Profecto
1384 4715 1509 4784 melius
1531 4718 1575 4786 de
1599 4721 1675 4789 suis
1693 4723 1834 4812 populis
1861 4739 1895 4797 et
1919 4730 1964 4796 de
1987 4742 2057 4800 tota
2074 4746 2192 4820 poste-

166 4827 283 4909 driae,
309 4847 349 4892 ea
365 4844 435 4914 quo
452 4817 563 4887 multa
579 4814 712 4885 lumina
730 4809 906 4884 Ecclesiae
927 4830 1046 4886 exorta
1062 4834 1155 4891 sunt.
1204 4814 1307 4884 ritate
1328 4810 1393 4882 hac
1415 4816 1453 4884 in
1475 4840 1513 4886 re
1537 4836 1709 4907 meretur,
1735 4847 1840 4915 quam
1863 4828 1894 4896 si
1912 4853 2022 4899 novas
2036 4832 2116 4900 auri
2134 4858 2193 4902 ar-

167 4928 257 4999 lnde
276 4925 509 4994 mittebantur
530 4931 685 5008 pastores
706 4916 751 4982 ad
767 4910 940 4987 Ecclesiae
957 4918 1155 4991 vicinarum
1203 4914 1299 5005 genti
1324 4938 1431 4986 venas
1452 4932 1522 4989 tam
1544 4922 1674 5012 largas,
1702 4948 1809 5016 quam
1833 4928 1977 5003 fuerunt
1994 4955 2103 5003 venae
2119 4933 2194 5029 Ly.

166 5030 364 5118 regionum.
389 5020 466 5090 Hae
480 5015 618 5088 scholae
635 5015 963 5088 consulebanturde
976 5020 1155 5092 doctrina:
1203 5017 1298 5096 diae,
1323 5042 1413 5110 quae
1427 5018 1547 5092 Croesi
1570 5047 1655 5119 opes
1675 5037 1858 5117 tantopere
1878 5024 2066 5116 auxerant,
2091 5060 2197 5126 repe,

167 5133 218 5202 ibi
242 5127 336 5198 enim
362 5123 526 5191 extabant
548 5117 748 5188 testimonia
772 5119 977 5208 dogmatum
993 5125 1039 5193 ab
1055 5117 1156 5216 Apo.
1204 5119 1301 5189 riret.
1351 5119 1431 5192 Hoc
1448 5148 1577 5195 munus
1591 5126 1777 5216 praecipue
1791 5129 1923 5222 flagitat
1937 5133 2033 5206 Deus
2050 5161 2070 5204 a
2085 5135 2195 5206 Prin.

166 5233 267 5306 stolis
296 5237 457 5314 accepta,
496 5233 537 5289 ut
566 5232 659 5289 certo
690 5233 885 5306 constaret,
917 5247 1009 5314 quae
1033 5225 1155 5295 fuisset
1203 5220 1350 5310 cipibus.
1402 5222 1485 5295 ldeo
1506 5225 1602 5294 enim
1622 5223 1721 5296 Deus
1744 5232 1787 5299 ad
1813 5235 2010 5306 societatem
2029 5241 2194 5310 condidit

167 5330 357 5427 apostolica
374 5321 556 5394 sententia.
599 5318 757 5411 Cogitate
773 5323 1004 5417 autemquam
1017 5338 1154 5415 gratum
1202 5317 1384 5406 homines,
1416 5341 1456 5397 ut
1477 5327 1539 5396 alii
1569 5327 1657 5397 alios
1683 5332 1727 5398 de
1758 5317 1930 5423 religione
1951 5339 2119 5425 doceant,
2153 5358 2194 5413 ut

165 5439 252 5528 piis,
284 5454 390 5527 quam
423 5425 509 5496 utile
532 5420 640 5491 luerit
671 5423 715 5490 ad
746 5426 984 5495 confimandas
1008 5441 1155 5512 mentes,
1203 5427 1350 5516 quidam
1365 5428 1609 5499 venustissime
1623 5431 1779 5522 scripsit:
