4756 6022
161 261 230 332 111
677 251 839 328 DECL.
874 252 948 329 DE
987 251 1192 332 PRAEF.
1226 255 1287 330 IN
1326 253 1658 334 HESIODUM.
1708 308 1713 315 -
2115 264 2187 336 112

162 433 399 518 conservatis,
433 430 566 502 durare
602 426 729 517 religio
757 441 792 498 et
813 427 928 499 bonae
958 429 1050 518 leges
1072 453 1146 498 non
1198 431 1355 499 alienum
1377 429 1552 519 flagitem,
1587 453 1788 525 quanquam
1812 429 1935 500 videre
1962 456 2026 499 vos
2057 456 2185 522 magna
2247 505 2251 510 ,

163 550 327 628 possunt:
355 546 531 627 praeterea
547 528 653 618 exigit
669 529 783 614 Deus,
808 545 851 602 ut
865 531 997 602 liberos
1014 544 1148 600 vestros
1199 545 1357 624 exparte
1373 533 1588 618 existimem,
1611 556 1783 622 exponam
1806 545 1925 601 tamen
1951 533 2020 603 mei
2043 537 2187 606 consilii

165 640 207 708 ad
233 638 397 710 virtutem
426 657 464 702 ac
486 630 696 718 religionem
725 631 931 705 instituatis.
990 627 1058 703 Est
1085 655 1149 701 au·
1198 634 1385 707 rationem.
1434 630 1510 723 Ego
1533 657 1671 724 semper
1691 658 1838 724 operam
1854 634 1954 717 dedi,
1979 650 2019 705 ut
2043 660 2102 705 eos
2122 663 2188 706 au-

163 754 235 811 tem
260 762 333 808 non
356 737 463 804 modo
482 734 522 804 in
542 757 688 825 superos
703 732 855 825 impius,
880 736 939 802 sed
959 735 1064 827 plane
1078 727 1148 803 hu·
1200 749 1296 804 tores
1329 732 1431 804 vobis
1464 756 1720 829 proponerem,
1761 735 1825 828 qui
1859 737 1967 805 simul
2001 749 2036 806 et
2068 762 2186 808 rerum

164 865 269 913 mana
302 836 416 929 specie
449 835 630 909 beluinam
664 849 819 904 mentem
851 835 953 926 tegit,
988 834 1150 929 quisquis
1200 837 1382 906 scientiam
1406 837 1560 922 alerent,
1585 853 1620 908 et
1644 840 1688 905 ad
1705 840 1898 927 parandam
1923 837 2097 908 sermonis
2123 865 2184 908 co-

163 966 237 1011 non
256 943 317 1012 dat
332 950 551 1028 operam,ut
565 938 620 1007 sui
634 937 736 1006 liberi
750 938 943 1007 rectissime
958 938 1151 1007 instituan-
1202 941 1294 1030 piam
1330 938 1523 1030 plurimum
1556 939 1806 1011 conducerent.
1873 938 1962 1008 Nam
1996 935 2062 1008 hae
2096 943 2187 1010 duae

164 1059 245 1129 tur,
269 1038 338 1112 hoc
354 1044 445 1109 inter
461 1037 644 1109 hominem
660 1064 698 1108 ac
716 1041 857 1108 beluam
872 1031 1061 1108 discrimen
1085 1063 1150 1107 na·
1204 1054 1318 1133 parles
1335 1035 1544 1124 cohaerent,
1568 1055 1602 1109 11
1616 1040 1707 1109 sicut
1722 1038 1894 1109 Horatius
1914 1042 2050 1133 inquit,
2077 1042 2190 1112 amice

165 1160 245 1218 tura
268 1140 369 1227 fecit,
395 1144 489 1235 quod
515 1142 641 1209 beluae
666 1143 851 1231 deponunt
870 1165 989 1210 curam
1007 1140 1152 1220 sobolis,
1203 1143 1456 1225 coniurarunt,
1482 1154 1522 1211 ut
1537 1142 1645 1211 altera
1661 1142 1805 1211 alterius
1822 1167 1888 1233 ope
1903 1156 1970 1212 stet
1986 1168 2026 1211 ac
2042 1145 2189 1215 nitatur.

166 1272 247 1317 cum
264 1244 438 1329 adolevit,
461 1238 602 1311 homini
618 1243 792 1333 iniunxit,
818 1256 860 1312 ut
875 1267 916 1311 ex
931 1267 968 1313 se
985 1266 1149 1335 procrea·
1202 1244 1326 1337 Neque
1359 1242 1454 1312 enirn
1487 1243 1694 1329 benedicere
1724 1244 1930 1336 quisquam,
1966 1244 2035 1312 nisi
2069 1259 2191 1336 pectus

165 1363 220 1421 tos
246 1373 320 1417 non
342 1347 449 1415 modo
475 1346 512 1412 in
536 1345 648 1435 prima
673 1344 821 1414 infantia
840 1345 931 1429 alat,
958 1345 1018 1412 sed
1039 1345 1153 1414 multo
1204 1343 1406 1434 cognitione
1432 1345 1647 1436 optimarum
1671 1369 1790 1414 rerum
1815 1346 2028 1416 instructum
2051 1342 2192 1433 habeat,

164 1451 297 1538 magis,
327 1461 368 1517 ut
392 1471 508 1517 mores
537 1470 683 1530 eorum,
715 1471 795 1515 cum
827 1445 1067 1532 adoleverint,
1109 1445 1153 1514 ad
1206 1459 1337 1540 potest,
1372 1461 1405 1515 11
1430 1469 1550 1516 rernm
1575 1444 1718 1517 scientia
1746 1461 1969 1532 mancaest,
2005 1448 2035 1515 si
2069 1450 2192 1519 lumen

102 1568 104 1572 ’
167 1547 387 1623 honestatem
397 1550 543 1619 formet.
1205 1547 1379 1620 orationis
1396 1543 1566 1617 adhibere
1580 1571 1652 1616 non
1668 1547 1855 1638 possimus.
1908 1545 1955 1618 Et
1976 1563 2017 1618 ut
2038 1551 2081 1618 ad
2099 1565 2193 1620 certa

268 1651 388 1740 Quare
406 1651 442 1718 in
463 1650 585 1740 primis
609 1650 648 1720 in
674 1651 766 1718 bene
791 1648 980 1719 constituta
1003 1648 1156 1727 civitate,
1204 1653 1319 1722 sidera
1338 1666 1464 1719 nautae
1480 1673 1621 1719 cursum
1639 1674 1780 1718 omnem
1799 1650 1975 1738 dirigunt,
2010 1650 2060 1720 ita
2077 1652 2115 1720 in
2134 1648 2191 1723 his

170 1749 300 1824 scholis
322 1777 410 1843 opus
425 1766 508 1834 est,
533 1751 597 1818 ubi
620 1753 790 1842 pueritia,
812 1772 902 1843 qnae
925 1750 1152 1818 seminarium
1207 1754 1337 1821 nostris
1363 1752 1490 1820 studiis
1516 1746 1585 1819 huc
1609 1751 1728 1820 omnia
1753 1753 1936 1820 referenda
1957 1766 2060 1832 sunt,
2090 1766 2131 1823 ut
2157 1768 2194 1825 et
2229 1826 2232 1830 ,

173 1870 223 1925 est
257 1854 426 1939 civitatis,
461 1854 666 1936 erudiatur,
697 1854 798 1920 valde
828 1851 924 1919 enim
957 1852 1093 1921 fallitur
1125 1849 1155 1919 si
1206 1854 1387 1923 scientiam
1406 1866 1498 1921 recte
1514 1855 1557 1921 de
1579 1846 1759 1935 moribus,
1785 1854 1899 1945 deque
1921 1866 2048 1923 natura
2071 1879 2191 1924 rerum

170 1959 251 2052 quis
276 1959 353 2025 sine
373 1955 533 2024 doctrina
554 1956 703 2022 solidam
725 1953 890 2022 virtutem
917 1953 1034 2041 parari
1058 1975 1157 2043 posse
1208 1955 1389 2025 iudicandi
1409 1967 1445 2022 et
1465 1953 1664 2043 explicandi
1685 1978 1739 2022 res
1758 1955 1954 2042 graviores,
1976 1956 2192 2026 mediocrem

172 2058 364 2141 existimat,
390 2081 455 2125 nec
473 2058 518 2124 ad
533 2052 692 2149 Respub.
709 2055 955 2142 gubernandas
970 2055 1157 2147 quisquam
1208 2060 1386 2150 quandam
1405 2055 1608 2124 facultatem
1633 2055 1738 2126 nobis
1760 2078 1941 2146 paremus,
1964 2057 2092 2127 utilem
2108 2083 2194 2129 vero

171 2163 254 2232 satis
281 2161 432 2229 idoneus
455 2170 524 2242 est,
550 2160 626 2226 sine
650 2156 794 2225 scientia
818 2178 939 2224 earnm
960 2157 1158 2236 literarum,
1209 2162 1251 2226 ad
1276 2171 1455 2248 utrunque
1476 2154 1693 2240 Hesiodum,
1719 2180 1922 2248 quanquam
1946 2158 2070 2229 rustici
2090 2174 2194 2230 auto-

171 2263 302 2357 quibrts
319 2260 411 2330 ratio
435 2257 552 2328 omnis
576 2261 809 2347 regendarum
836 2255 1019 2327 civitatum
1042 2257 1158 2326 conti-
1209 2284 1283 2328 rem
1302 2256 1489 2341 carminis,
1516 2254 1764 2345 Quintilianus
1779 2281 1852 2326 esse
1868 2259 2050 2332 iudicavit.
2086 2259 2194 2331 Prior

172 2379 287 2434 netur.
341 2361 437 2431 Haec
460 2386 540 2430 cum
562 2361 780 2451 expendetis,
807 2382 879 2426 non
903 2359 1058 2443 invidia,
1084 2381 1157 2426 uon
1209 2361 1326 2452 operis
1343 2381 1422 2450 pars
1439 2371 1510 2427 tota
1527 2371 1578 2428 est
1592 2353 1729 2452 ἠθικὴ,
1756 2360 1941 2429 continens
1955 2361 2101 2432 vitaeac
2117 2389 2197 2432 mo-

171 2466 350 2536 ullisaliis
374 2463 641 2532 difficultatibus
668 2460 851 2552 patiemini
876 2484 939 2528 vos
960 2457 1159 2543 absterreri,
1211 2488 1292 2532 rum
1317 2462 1426 2549 leges,
1460 2460 1662 2552 profuturas
1694 2461 1797 2528 vobis
1827 2464 1870 2528 ad
1904 2465 2195 2559 consuetudinem

172 2568 386 2660 quominus
410 2566 454 2633 ad
480 2564 686 2634 discendum
708 2577 842 2632 vestros
872 2562 964 2631 cives
986 2563 1158 2631 invitetis.
1214 2565 1305 2632 vitae
1334 2575 1367 2630 et
1396 2564 1438 2629 ad
1475 2562 1704 2630 iudicandum
1730 2564 1773 2629 de
1795 2562 2047 2634 communibus
2066 2559 2196 2635 huma-

171 2668 226 2738 De
257 2667 515 2759 professoribus
543 2666 668 2734 vestris
689 2661 767 2733 hoc'
780 2663 940 2756 polliceri
956 2664 1056 2734 robis
1080 2687 1160 2753 pos·
1210 2665 1332 2735 nitatis
1351 2663 1493 2742 officiis,
1521 2688 1600 2730 nam
1620 2664 1664 2730 de
1678 2664 1849 2753 religione
1862 2688 1936 2733 non
1952 2666 2044 2739 dico.
2087 2666 2195 2756 Quod

106 2779 112 2799 ¹
171 2793 270 2852 sum,
296 2783 331 2838 11
358 2768 595 2836 eruditionem
622 2780 781 2857 suscepto
809 2765 910 2833 oneri
928 2764 1047 2857 parem
1075 2789 1160 2849 esse,
1211 2769 1239 2835 si
1267 2779 1429 2857 putamus
1451 2762 1787 2834 iurisconsultorum
1816 2771 2105 2849 commentarios,
2136 2785 2198 2840 aut

172 2872 258 2942 etin
286 2871 467 2961 fungendo
496 2892 644 2937 1111111111
666 2890 839 2936 suminam
864 2866 968 2934 fidem
995 2870 1161 2937 futuram.
1211 2862 1515 2956 Philosophorum
1539 2867 1795 2956 disputationes
1820 2860 2001 2937 discendas
2024 2894 2118 2955 esse,
2154 2887 2195 2942 ut
2252 2933 2255 2936 ,

170 2969 353 3044 Christum
377 2994 501 3064 precor
526 2985 565 3040 ut
594 2969 758 3058 auspiciis
788 2968 987 3058 gravissimi
1022 2968 1162 3056 negocii
1212 2971 1250 3037 in
1267 2964 1432 3037 civilibus
1457 2967 1612 3056 negociis
1636 2968 1775 3037 facilius
1792 2969 1987 3061 prospicere
2006 2972 2196 3062 possimus,

170 3076 306 3157 faveat,
342 3089 376 3142 et
409 3084 523 3141 vestra
555 3072 702 3142 consilia
729 3070 916 3162 studiaque
950 3069 1159 3141 discentium
1213 3070 1298 3163 quid
1317 3094 1467 3162 aequum
1486 3069 1572 3161 quid
1592 3068 1757 3162 iniquum
1775 3072 1838 3154 sit,
1863 3085 1897 3139 et
1919 3098 1960 3141 ex
1980 3073 2126 3144 istorum
2149 3074 2196 3141 li-

172 3176 344 3243 fortunet.
394 3170 490 3243 Dixi.
1214 3174 1303 3242 teris'·
1314 3171 1510 3258 colligenda
1527 3193 1599 3238 esse
1613 3164 1824 3239 simulachra
1845 3173 2025 3259 iusticiam,
2040 3176 2198 3268 aequita-

1214 3276 1277 3357 tis,
1303 3286 1363 3341 aut
1378 3273 1527 3340 aliarum
1549 3273 1720 3341 virtutum
1737 3293 1937 3357 censemus,
1964 3276 2062 3347 iuvet
2077 3281 2197 3346 eadem

1214 3377 1259 3443 al»
1283 3370 1349 3442 hoc
1367 3372 1478 3443 Poiita
1501 3387 1638 3464 petere,
1674 3396 1715 3441 ex
1737 3397 1807 3464 quo
1832 3377 2009 3464 permulta
2042 3379 2195 3450 mutuati

1121 3534 1127 3543 .
1214 3488 1297 3545 sunt
1322 3475 1377 3542 illi
1400 3475 1467 3565 ipsi
1488 3475 1605 3565 legum
1621 3475 1807 3567 scriptores
1827 3489 1861 3544 et
1873 3470 2117 3569 Philosophi·
2148 3477 2198 3552 Et

52 3628 58 3637 .
144 3611 147 3615 ·
186 3555 358 3682 Q
981 3559 1164 3680 (Q
1215 3591 1268 3650 est
1294 3577 1466 3671 quaedam
1494 3600 1536 3647 ex
1561 3577 1721 3648 fontibus
1745 3576 1827 3663 illa,
1853 3578 1882 3647 si
1908 3580 2020 3670 possis
2044 3575 2203 3668 haurire,

1212 3681 1396 3770 voluptas,

398 3758 563 3876 Procf.
594 3765 644 3847 in
673 3723 938 3853 Hesiodum.

1264 3834 1343 3899 Nam
1366 3856 1539 3918 quanquam
1563 3857 1651 3919 sapor
1683 3849 1746 3915 est,
1780 3826 1837 3925 (ut
1860 3828 1908 3901 all
1936 3824 2068 3927 Ovid.)
2103 3841 2202 3903 oblata

242 3945 323 4015 Apud
342 3943 417 3998 Crat.
435 3941 506 4012 Myr.
532 3961 560 4013 p.
577 3940 654 4009 613„
690 3940 719 3995 io
738 3941 890 4000 Declamat.
907 3946 943 4002 ll.
954 3966 989 4070 p.
1005 3949 1044 4016 1.,
1072 3949 1102 4003 ln
1121 3951 1164 4004 ed.
1282 3988 1286 3995 -
1627 3939 1722 4000 dulcis
1736 3944 1769 3999 in
1786 3941 1883 4017 unda,

274 4010 799 4148 1111111.1.·..1111111
809 4015 1108 4158 castrata
1119 4021 1163 4144 l:
1317 4033 1438 4100 111
1454 4042 1574 4121 111
1590 4039 1675 4102 111
1693 4044 1836 4102 bibuntur
1852 4061 1965 4124 111

276 4149 471 4219 terpretatione
491 4147 572 4200 latina
590 4156 642 4200 etc.
661 4146 741 4204 Baril.
761 4150 837 4206 1561.
1262 4138 1303 4203 Et
1317 4147 1413 4222 inagis
1427 4141 1555 4202 adducto
1571 4163 1698 4223 pomum
1712 4145 1868 4226 decerpere
1882 4164 1984 4220 ramo,

1319 4227 1422 4321 Quam
1437 4242 1473 4302 de
1488 4247 1599 4305 caelata
1612 4267 1729 4307 sumere
1743 4249 1932 4308 1111111111.

286 4327 333 4393 ln
360 4319 565 4391 Hesiodum
585 4313 784 4483 praefotro
809 4319 924 4394 Phil.
951 4327 1054 4399 Mel.
1214 4381 1305 4452 Nam
1328 4399 1362 4455 e,
1383 4384 1514 4479 reliqui
1535 4388 1745 4479 ‘camora’
1771 4389 1833 4482 quq
1858 4412 1996 4458 ,nomm
2017 4404 2199 4482 praecepi,

175 4462 286 4563 erod
306 4471 344 4539 in
364 4467 527 4538 Plautina
543 4466 660 4535 fabula
677 4460 804 4584 histrio
821 4470 1013 4558 praefatur,
1034 4473 1162 4543 iustam
1215 4499 1248 4554 et
1263 4486 1354 4577 leges
1372 4488 1568 4570 tradidere,
1595 4507 1740 4584 propter
1762 4491 1950 4561 infantiam
1974 4504 2007 4559 et
2026 4493 2201 4561 sermonis

175 4602 211 4647 se
238 4599 310 4643 rom
337 4571 458 4638 venire
484 4583 620 4638 oratum
646 4583 679 4637 et
703 4569 864 4656 facilem,
900 4571 935 4639 id
964 4595 1027 4661 ego
1051 4578 1163 4646 multo
1216 4587 1371 4676 inopiam
1399 4589 1471 4656 vim
1493 4591 1635 4660 virtutis
1660 4617 1700 4661 ac
1721 4594 1871 4661 formam
1895 4614 2099 4681 germanam
2126 4618 2201 4662 110ss

176 4677 306 4748 rectius
323 4670 390 4743 hoc
406 4674 446 4747 in
462 4672 541 4741 loco
560 4671 709 4761 praefari
731 4694 889 4760 possum,
918 4676 1003 4743 dum
1028 4700 1102 4745 non
1123 4693 1163 4749 ut
1213 4701 1406 4779 potuerunt
1427 4691 1532 4759 nobis
1555 4695 1602 4761 ob
1619 4696 1746 4764 oculos
1761 4717 1903 4785 ponere·
1955 4688 2203 4765 ΑῑΗθδὶθᾶῦ8

71 4792 73 4797 ·
176 4781 237 4850 ille
265 4777 421 4848 ioculare
454 4771 668 4843 adulterium
699 4773 737 4840 in
760 4797 900 4843 scenam
916 4777 1065 4863 adfero,
1101 4784 1161 4849 sed
1215 4813 1410 4879 expressam
1438 4795 1615 4883 quandam
1645 4797 1835 4886 imaginem
1863 4795 1959 4865 vivis
1986 4793 2203 4867 illuslffllaffl

177 4878 379 4971 gravissima
414 4877 506 4947 vitae
540 4888 744 4966 praecepta,
777 4880 950 4969 quosdam
979 4881 1084 4950 etiam
1118 4884 1162 4953 de
1214 4891 1411 4977 coloribus,
1437 4917 1502 4962 nec
1523 4897 1700 4968 adscititio
1716 4897 1875 4965 vitiatam
1898 4898 1998 4980 fuco,
2023 4897 2203 4994 planeque

176 4996 304 5051 natura
330 5003 470 5062 rerum,
504 4979 547 5045 de
567 4977 723 5045 siderum
746 4991 828 5048 ortu
851 4992 885 5047 11
908 5004 1032 5051 occasu
1055 4983 1162 5059 locos.
1215 4993 1338 5077 talem,
1372 4995 1511 5087 qualem
1533 4994 1676 5090 Apellis¹
1693 4997 1792 5067 color
1823 4998 1860 5066 in
1883 4999 2014 5067 fabulis
2038 5017 2203 5088 spectan-

175 5082 326 5154 Decrevi
346 5082 443 5149 ,nim
460 5078 608 5148 Hesiodi
632 5075 723 5177 ἔργα
744 5074 964 5176 καὶ’ἡμέρας
987 5108 1163 5156 enarrare.
1215 5090 1466 5185 dam-exhibet.
1515 5098 1630 5168 Porro
1645 5112 1685 5168 ut
1708 5094 1890 5170 architecti
1916 5113 2037 5170 tenent
2058 5101 2096 5169 in
2122 5104 2203 5171 ani·

176 5186 215 5256 ld
236 5207 300 5273 ego
316 5184 440 5272 poema
457 5180 617 5272 postulo,
643 5194 684 5249 ut
702 5204 838 5251 summa
863 5207 945 5253 cura
959 5186 1162 5276 diligentia·
1214 5218 1272 5262 mo
1289 5194 1443 5266 inclusas
1461 5213 1572 5268 certas
1589 5202 1720 5269 formas
1737 5202 1994 5281 aedificiorum,
2014 5226 2103 5294 quas
2121 5204 2206 5273 5¹⁰5·

177 5313 246 5383 que
261 5284 434 5355 studeatis
454 5305 675 5370 cognoscere.
730 5282 809 5371 Qua
832 5285 871 5352 in
894 5310 950 5368 re,
975 5313 1080 5379 quam
1105 5294 1161 5359 ni·
1215 5309 1336 5366 lentur
1361 5299 1399 5366 in
1419 5301 1656 5385 aedificando,
1680 5317 1715 5373 et
1731 5318 1771 5374 ut
1796 5305 1925 5373 insidet
1948 5301 1985 5372 in
2003 5319 2122 5375 mente
2144 5307 2201 5396 pi·

176 5385 429 5481 hiliniquum,
454 5400 512 5455 aut
536 5383 864 5473 indignumvobis,
890 5400 952 5499 aut
975 5391 1019 5459 ab
1043 5391 1161 5463 officio
1216 5400 1323 5467 ctoris
1365 5401 1496 5491 species
1537 5399 1817 5494 pulchritudinis
1855 5405 1982 5474 eximia
2018 5411 2208 5498 quaedam,

1226 5514 1243 5541 0
