4732 6030
116 294 120 303 ,
167 231 242 304 345
832 225 994 310 DECL.
1032 225 1107 299 DE
1140 222 1541 304 ARISTOTELE.
2118 252 2194 325 340

169 402 322 496 gravitas
343 401 449 491 digna
467 400 590 484 la'ude,
616 400 714 493 quod
730 423 808 471 sero
824 401 1016 470 admodum
1032 402 1159 470 docere
1207 400 1347 470 stoteles
1368 399 1475 468 rediit
1492 395 1670 485 Athenas,
1695 425 1736 471 ac
1749 403 1883 481 scholas
1904 411 2032 488 habere
2054 424 2186 514 coepit·

171 505 301 596 coepit:
339 502 429 573 Nam
459 498 720 571 Platonevivo
751 527 826 572 non
854 497 979 573 habuit
1011 496 1158 575 scholas.
1207 524 1360 595 cumque
1380 501 1516 571 videret
1539 527 1620 573 cum
1643 526 1764 573 rerum
1784 509 1926 582 scientia
1951 476 2187 614 eloquentiani

171 608 288 678 Multa
310 619 427 674 autem
450 617 569 673 extant
593 597 788 674 honorifica
812 605 1012 676 testimonia
1036 603 1158 674 Plato·
1208 602 1492 692 coniungendam
1506 627 1599 687 esse,
1622 604 1793 675 matutina
1806 610 1938 692 studia,
1961 639 2038 699 seu,
2061 628 2187 718 ὤρη

170 711 227 779 nis
251 710 295 776 de
324 701 432 776 huius
459 704 614 794 ingenio.
681 705 840 776 Vocabat
863 708 958 775 enim
983 705 1158 777 Aristote-
1207 705 1416 776 nominabat
1438 697 1601 790 ἑώθινα,
1634 707 1812 775 tribuebat
1835 703 2103 807 Philosophiae,
2126 752 2187 797 ve.

169 812 237 881 lem
245 803 503 900 Philosophum
519 806 687 890 veritatis,
708 820 741 877 et
758 832 966 899 comparans
981 833 1061 877 eum
1077 831 1156 876 cum
1208 806 1362 898 spertina
1393 830 1456 876 seu
1483 801 1624 878 δείλινα
1646 802 1831 876 rhetoricis
1855 812 2037 881 exercitiis.
2089 821 2188 896 unu,

170 911 386 994 Xenocrate,
412 911 462 977 ait
477 903 661 978 Aristoteli
682 909 783 978 freno
808 934 897 998 opus
919 933 1009 993 esse,
1035 909 1158 978 Xeno-
1208 909 1368 979 omnium
1386 909 1535 977 maxime
1549 909 1639 977 vidit
1655 908 1898 996 cognationem
1915 911 2056 982 artium.
2099 914 2189 991 Nam

170 1013 255 1085 crati
280 1012 486 1081 calcaribus.
536 1008 700 1078 Vicissim
724 1013 768 1078 de
787 1009 957 1100 Magistro
972 1013 1038 1081 nisi
1057 1034 1156 1101 prae·
1207 1006 1380 1104 Physicen
1396 1010 1550 1081 instituit
1566 1024 1600 1080 et
1616 1005 1788 1080 inchoata
1806 1010 2024 1097 geometricis
2042 1014 2189 1087 demon.

169 1116 261 1185 clare
283 1112 447 1182 sensisset
468 1107 693 1194 Aristoteles,
728 1114 883 1182 tamdiu
906 1136 979 1201 non
1003 1126 1157 1206 putasset
1208 1113 1450 1186 strationihus.
1516 1111 1601 1181 ldeo
1626 1135 1749 1183 omnes
1773 1124 1864 1179 artes
1888 1112 2076 1196 tractabat,
2108 1120 2193 1186 scri·

170 1217 388 1287 audiendum
410 1235 492 1281 esse.
543 1209 683 1282 Dicitur
699 1214 804 1282 etiam
822 1208 962 1284 Platoni
979 1239 1075 1284 aram
1093 1239 1157 1306 po·
1209 1216 1314 1285 bebat
1333 1216 1377 1283 de
1399 1229 1525 1285 natura
1547 1238 1686 1298 rerum,
1709 1215 1753 1282 de
1775 1211 1955 1295 moribus,
1981 1211 2025 1280 de
2048 1214 2192 1287 immor-

171 1319 281 1388 snisse
311 1330 346 1386 et
366 1311 592 1405 Epigramma
624 1316 820 1398 addidisse,
853 1319 949 1409 quod
973 1330 1084 1401 extat,
1117 1316 1155 1382 in
1210 1316 1341 1386 talitate
1367 1317 1568 1385 animorum
1600 1329 1634 1385 et
1661 1317 1766 1385 rebus
1790 1312 2009 1383 coelestibus.
2077 1312 2193 1388 Multa

169 1445 241 1513 quo
264 1417 487 1509 amplissimis
510 1415 675 1487 laudibus
698 1429 802 1486 ornat
819 1416 1014 1492 Platonem.
1065 1416 1155 1487 Nam
1209 1419 1443 1509 componebat
1471 1421 1514 1487 ad
1538 1415 1800 1501 Alexandrum,
1833 1429 1874 1484 ut
1900 1415 2015 1484 victor
2036 1411 2194 1505 Respub.

168 1522 224 1590 vel
245 1516 303 1590 hic
325 1540 418 1590 unus
441 1540 560 1587 versus
582 1519 716 1590 indicat
737 1532 910 1613 quantum
928 1520 961 1590 ei
980 1519 1157 1604 tribuerit,
1208 1520 1365 1609 legibus,
1389 1519 1485 1600 iure,
1511 1520 1672 1602 iudiciis,
1698 1518 1884 1609 disciplina
1907 1517 2073 1586 muniret.
2126 1514 2195 1587 Hic

170 1647 249 1693 cum
267 1620 332 1692 ait:
1209 1623 1349 1713 scripsit
1371 1645 1496 1690 aureos
1520 1622 1600 1689 illos
1622 1621 1734 1690 libros
1750 1622 1793 1688 de
1810 1616 1959 1689 historia
1973 1617 2196 1702 animalium,

324 1727 981 1793 Nullafereuttslemseolrfuturevimm.
1113 1712 1117 1721 ¹
1209 1748 1278 1816 qua
1301 1724 1339 1791 in
1364 1747 1400 1791 re
1424 1747 1498 1790 non
1521 1723 1635 1791 solum
1660 1720 1861 1791 Aristotelis
1885 1720 2068 1808 diligentia
2093 1718 2195 1786 miri-

167 1825 273 1915 Quod
296 1848 380 1895 vero
403 1820 566 1894 homines
580 1824 735 1916 imperiti
750 1827 964 1895 simultatem
979 1822 1156 1916 quandam
1210 1827 1289 1908 lica,
1336 1826 1394 1891 sed
1429 1825 1534 1893 etiarn
1566 1819 1760 1892 Alexandri
1791 1821 1982 1890 liberalitas
2016 1821 2193 1889 laudanda

165 1927 339 1999 intereos
362 1925 597 1996 intercessisse
614 1940 756 2016 putant,
781 1952 822 1996 eo
839 1929 934 2018 quod
948 1920 1157 1994 Aristoteles
1209 1939 1269 1995 est.
1319 1922 1467 1994 Nauia
1491 1948 1632 2017 quoque
1655 1926 1790 2012 regium
1815 1936 1886 2007 est,
1910 1919 2089 2012 Rempub.
2107 1921 2195 1991 arti-

165 2029 347 2100 interdum
371 2052 390 2096 a
408 2025 581 2115 Magistro
603 2026 785 2110 dissentit,
811 2027 929 2119 inepta
954 2024 1077 2116 opinio
1096 2034 1156 2091 est.
1209 2030 1273 2096 hus
1294 2039 1328 2095 et
1343 2025 1454 2127 literis
1472 2050 1610 2099 ornare.
1661 2024 1752 2097 Cum
1771 2025 1865 2094 enim
1884 2023 2029 2117 privatis
2046 2022 2195 2111 sumpti-

167 2129 258 2200 Nam
282 2144 323 2198 ut
340 2126 527 2198 in'Senatu
542 2126 582 2194 in
597 2126 746 2197 dicenda
762 2129 934 2198 sententia
951 2150 1052 2217 saepe
1067 2124 1155 2193 ami·
1209 2132 1273 2198 bus
1303 2128 1476 2217 explorari
1506 2141 1649 2196 naturae
1678 2127 1913 2198 animantium
1943 2151 2017 2194 nou
2041 2138 2195 2216 possent,

167 2231 298 2302 cissimi
318 2230 395 2298 sine
413 2227 610 2297 offensione
630 2230 830 2298 animorum
848 2229 1080 2308 dissentiunt,
1108 2226 1154 2294 ita
1209 2231 1302 2299 misit
1317 2225 1519 2299 Alexander
1534 2227 1719 2301 Aristoteli
1736 2231 1936 2319 octingenta
1953 2228 2101 2310 talenta,
2127 2222 2195 2294 hoc

165 2333 255 2403 boni
281 2347 315 2401 et
339 2329 435 2400 docti
451 2329 520 2398 viri
538 2330 615 2398 sine
630 2331 818 2401 acerbitate
834 2332 1035 2401 animorum
1051 2328 1154 2419 dissi-
1208 2347 1276 2415 est,
1301 2332 1555 2424 quadringenta
1572 2346 1606 2402 et
1621 2333 1797 2420 octoginta
1814 2332 1925 2399 millia
1942 2342 2194 2400 coronatorum

165 2437 269 2506 miles
292 2428 424 2501 habent
444 2429 641 2522 opiniones.
700 2430 769 2502 Sed
792 2433 837 2503 de
859 2428 924 2502 hac
944 2426 1154 2524 opinionum
1198 2437 1249 2503 'ad
1274 2436 1522 2502 conducendos
1545 2448 1728 2502 venatores
1752 2447 1787 2502 et
1808 2432 1952 2500 alendas
1973 2432 2123 2514 bestias,
2154 2442 2195 2500 ut

167 2535 459 2608 dissimilitudine
481 2534 587 2623 paulo
611 2547 690 2624 post
711 2535 838 2604 dicam.
889 2534 975 2605 Post
997 2532 1156 2603 Platonis
1207 2560 1329 2605 eorum
1354 2548 1499 2605 naturae
1522 2535 1737 2604 considerari
1763 2546 1916 2624 possent.
1976 2529 2054 2601 Etsi
2076 2546 2194 2600 autem

166 2653 336 2721 mortem,
362 2660 441 2706 cum
461 2634 530 2704 iam
555 2635 791 2705 celebraretur
811 2639 938 2706 domus
955 2634 1156 2705 Aristotelis
1207 2639 1377 2730 quaedam
1401 2637 1578 2727 praeclara
1600 2637 1727 2728 scripta
1750 2637 1825 2705 eius
1847 2634 2049 2729 perierunt,
2075 2647 2194 2702 tamen

166 2768 185 2812 a
206 2738 439 2810 nobilissimis
460 2731 686 2818 hominibus,
711 2738 864 2806 incensis
882 2738 1040 2809 discendi
1055 2736 1156 2826 cupi·
1207 2739 1366 2809 existimo
1387 2762 1425 2806 ea
1441 2761 1530 2831 quae
1545 2740 1680 2832 reliqua
1696 2754 1796 2819 sunt,
1823 2761 1912 2832 quae
1928 2736 2072 2830 quidem
2089 2728 2194 2803 scho-

165 2845 293 2926 ditate,
328 2840 473 2911 accersit
497 2861 578 2906 enm
604 2832 793 2927 Philippus
809 2837 885 2908 Rex
904 2839 1155 2921 Macedonum,
1207 2842 1250 2909 lis
1271 2841 1423 2909 maxime
1446 2860 1526 2931 apta
1550 2854 1648 2924 sunt,
1682 2841 1853 2910 divinitus
1878 2840 2013 2908 se'rvata
2037 2861 2128 2921 esse,
2152 2848 2195 2905 ut

166 2963 201 3018 et
225 2945 332 3015 tradit
354 2943 387 3010 ei
407 2939 521 3008 lilium
543 2938 582 3004 iu
607 2938 844 3026 disciplinam.
897 2937 1008 3006 Porro
1032 2939 1101 3006 nisi
1123 2951 1156 3006 et
1206 2943 1389 3033 posteritas
1411 2943 1538 3012 rectius
1561 2942 1679 3010 doceri
1704 2955 1831 3031 posset.
1881 2940 2072 3033 Postquam
2097 2938 2194 3007 enim

167 3047 366 3118 doctrinam
397 3052 432 3106 et
458 3058 575 3104 mores
605 3035 814 3107 Aristoteles
844 3035 922 3108 Rex
957 3035 1155 3128 Philippus,
1206 3045 1244 3112 in
1261 3042 1428 3127 Graecia,
1455 3057 1496 3112 ut
1510 3045 1567 3127 lit,
1593 3045 1804 3113 recentiores
1820 3038 2194 3134 Philosophi,·stoici,

166 3150 228 3242 qui
253 3139 452 3214 acutissime
475 3139 519 3205 de
540 3137 692 3225 ingeniis
715 3139 870 3207 iudicare
894 3154 1045 3231 poterat,
1072 3164 1154 3231 pro·
1200 3136 1371 3236 Epicurei
1398 3159 1431 3216 et
1455 3140 1658 3213 Academici
1684 3159 1875 3237 coeperunt
1897 3145 1936 3213 in
1958 3142 2193 3213 admiratione

165 3254 302 3329 basset,
325 3261 545 3333 nequaquam
562 3239 594 3307 ei
612 3239 722 3307 hlium
739 3253 857 3310 tantae
871 3243 943 3334 spei
960 3256 993 3311 et
1008 3265 1155 3330 genero·
1206 3269 1296 3328 esse,
1328 3271 1407 3315 cum
1439 3247 1581 3339 quidem
1606 3247 1703 3338 pleni
1729 3247 1802 3318 sint
1824 3247 2039 3338 ineptiarum
2063 3269 2103 3313 ac
2125 3242 2193 3315 So-

166 3348 325 3419 sissimae
341 3339 472 3411 indolis
490 3343 780 3410 commendasset.
834 3339 1153 3436 ltaquehoctesti·
1206 3343 1388 3437 phistices,
1422 3348 1584 3419 doctrina
1610 3351 1718 3418 veteri
1743 3373 1783 3418 ac
1806 3350 1999 3419 eruditiore
2025 3347 2192 3435 neglecta,

165 3448 327 3519 monium
353 3440 511 3531 Philippi
540 3443 583 3509 de
607 3438 797 3512 Aristotele
827 3445 1072 3535 gravissimum
1103 3458 1154 3513 est
1204 3451 1331 3540 scripta
1349 3448 1550 3519 Aristotelis
1572 3451 1839 3521 excutiebantur
1861 3449 2028 3518 studiosis
2049 3450 2093 3516 de
2115 3469 2192 3514 ma-

164 3549 408 3623 iudicandum.
458 3541 511 3612 Ne
523 3542 597 3633 ipse
611 3544 753 3636 quidem
770 3548 944 3631 alumnus,
971 3560 1153 3616 comesset
1203 3552 1327 3634 nibus,
1353 3565 1386 3620 et
1410 3552 1493 3619 libri
1512 3553 1550 3618 in
1569 3548 1795 3621 bibliothecis
1814 3574 2006 3642 paucorum
2022 3562 2192 3620 vetustate

164 3654 309 3726 heroico
326 3661 359 3717 et
375 3646 509 3716 excelso
526 3644 689 3731 ingenio,
715 3660 896 3736 tantopere
910 3662 1056 3716 amasset
1073 3646 1155 3715 Ma·
1204 3665 1236 3720 et
1252 3653 1344 3720 carie
1361 3654 1677 3738 consumebantur3
1704 3677 1743 3722 ac
1756 3667 1875 3722 tantus
1889 3648 2075 3723 thesaurus
2089 3673 2193 3742 pror-

165 3758 324 3847 gistrum,
350 3749 420 3817 nisi
435 3747 494 3815 ille
511 3749 554 3815 ad
568 3749 765 3814 doctrinam
783 3750 997 3819 adiunxisset
1013 3772 1152 3816 morum
1180 3804 1184 3812 .
1202 3777 1260 3822 sus
1276 3753 1453 3843 periisset,
1479 3754 1547 3821 nisi
1564 3753 1682 3846 Syllae
1696 3755 1867 3824 foelicitas
1884 3754 1987 3820 nohis
2002 3748 2088 3818 haec
2102 3770 2191 3841 quae

164 3857 385 3929 sanctitatem
411 3863 443 3917 ct
467 3849 684 3918 suavitatem.
737 3848 848 3940 Saepe
869 3865 985 3919 autem
1013 3849 1153 3940 praedi·
1203 3849 1392 3935 habemus,
1427 3853 1561 3944 reliqua
1584 3855 1731 3923 fecisset.
1800 3852 1834 3920 Is
1856 3854 1950 3919 enim
1974 3845 2190 3920 bibliotheca

164 3961 257 4031 cavit
275 3954 494 4034 Alexander,
520 3973 556 4017 se
581 3974 653 4017 non
677 3973 773 4019 secus
790 3976 907 4019 amatre
926 3952 1150 4020 Aristotelem
1203 3955 1240 4020 in
1261 3953 1355 4021 bello
1371 3967 1490 4041 parta,
1513 3952 1612 4044 (nam
1629 3952 1715 4031 olim
1737 3951 1967 4042 lmpe‘ratores
1981 3948 2072 4022 hanc
2089 3975 2191 4043 prae-

162 4085 204 4132 ac
226 4073 373 4150 patrem.
426 4051 561 4122 Mansit
582 4065 698 4119 autem
724 4050 932 4121 Aristoteles
955 4055 1048 4143 apud
1066 4047 1153 4120 Ale-
1202 4056 1294 4137 dam,
1319 4066 1359 4121 ut
1373 4054 1466 4121 bona
1482 4052 1608 4142 scripta
1622 4056 1970 4146 servarentpmaxime
1983 4049 2190 4148 captabant)

160 4163 338 4233 xandrum
363 4178 475 4225 annos
497 4153 636 4223 circiter
659 4167 756 4238 octo,
797 4179 868 4246 quo
891 4166 1049 4243 tempore
1072 4175 1150 4221 cum
1202 4180 1280 4224 cnm
1311 4167 1425 4223 essent
1448 4154 1499 4223 ibi
1523 4156 1635 4224 multa
1662 4155 1860 4226 Aristotelis
1881 4157 2087 4248 volumina,
2126 4156 2190 4225 sed

162 4264 251 4335 alias
270 4253 520 4346 Philosophiae
552 4270 666 4344 partes
700 4256 729 4323 ei
759 4257 926 4339 tradidit,
965 4268 1042 4325 tum
1068 4278 1152 4322 vero
1202 4280 1289 4348 pene
1312 4256 1518 4341 obliterata,
1544 4259 1680 4328 curavit
1703 4259 1861 4352 undique
1884 4260 1920 4328 in
1943 4258 2091 4329 Graecia
2113 4257 2189 4328 eius

164 4369 270 4436 etiam
295 4360 462 4433 medendi
487 4371 608 4426 artent.
663 4354 779 4450 Atque
800 4353 865 4426 hac
882 4358 919 4425 in
936 4382 973 4425 re
989 4382 1062 4424 non
1079 4370 1150 4426 tam
1201 4359 1334 4427 autoris
1350 4359 1461 4427 libros
1476 4360 1639 4450 conquiri
1655 4375 1688 4430 et
1702 4364 1903 4431 emendatos
1920 4363 1964 4431 ab
1979 4359 2188 4432 Andronico

161 4468 389 4539 foelicitatem
414 4459 614 4530 Aristotelis
638 4459 883 4529 admirandam
909 4477 1013 4549 puto,
1054 4462 1149 4550 qttod
1202 4461 1406 4552 publicavit.
1475 4459 1532 4550 ¹lta
1564 4465 1862 4554 quemadmodum
1891 4465 1972 4532 vivo
2005 4462 2189 4534 Aristoteli

161 4572 196 4641 ei
212 4566 397 4655 contigerit
414 4561 553 4631 erudire
570 4559 715 4648 Regem,
740 4586 852 4630 unenn
869 4561 1030 4630 omnium
1048 4560 1151 4649 longe
1201 4562 1332 4631 amicus
1352 4562 1419 4631 fuit
1440 4560 1578 4650 Regum
1602 4587 1779 4647 summus,
1812 4566 1858 4634 ita
1883 4590 1973 4654 pene
1996 4566 2188 4635 extinctum

160 4667 506 4760 ingeniosissimum,
532 4675 564 4730 et
582 4686 687 4752 quem
701 4664 770 4731 fala
784 4658 829 4730 'ad
850 4663 1037 4753 imperium
1054 4662 1152 4730 orbis
1201 4664 1376 4732 revocavit
1400 4663 1438 4730 in
1454 4663 1568 4730 lucem
1586 4686 1743 4732 summus
1761 4679 1794 4734 et
1809 4666 2055 4736 foelicissimus
2071 4666 2188 4756 lmpe·

159 4789 337 4847 terranem
356 4770 547 4844 vocabant,
573 4787 680 4856 quam
696 4766 919 4851 prudentiam
935 4765 1150 4833 laudandam
1200 4780 1295 4834 rator
1321 4763 1430 4857 Sylla.
1480 4759 1612 4833 Extant
1634 4779 1752 4835 tamen
1773 4763 1888 4835 adhuc
1912 4768 2053 4858 vestigia
2079 4766 2187 4838 huius

161 4899 236 4948 esse
266 4873 404 4947 iudico,
440 4870 533 4960 quod
561 4890 600 4934 ea
624 4865 771 4934 tradidit
793 4866 1026 4948 adolescenti,
1060 4890 1149 4957 quae
1199 4865 1425 4949 calamitatis,
1451 4866 1489 4933 in
1512 4861 1569 4934 his
1587 4867 1688 4936 libris
1705 4867 1767 4959 qui
1782 4868 1910 4960 reliqui
1926 4885 2028 4954 sunt,
2050 4872 2086 4940 in
2105 4871 2186 4962 qni·

159 4974 408 5062 vehementem
451 4983 611 5038 naturam
646 4967 820 5038 flexerunt
851 4970 895 5035 ad
930 4969 1149 5050 suavitatem,
1199 4970 1265 5036 bu's
1295 4982 1437 5059 apparet
1470 4968 1600 5037 alicubi
1630 4970 1811 5039 mutilatas
1841 4994 1913 5039 esse
1945 4973 2183 5044 sententiolas.

160 5104 322 5177 qtaaeque
341 5075 413 5162 ipse
431 5070 537 5140 sensit
552 5070 711 5160 regnanti
729 5091 857 5156 magno
873 5070 952 5137 casui
970 5084 1003 5140 et
1019 5091 1148 5157 magno
1198 5068 1311 5138 Porro
1335 5083 1504 5138 renovato
1529 5067 1737 5154 Aristotele,
1780 5073 1948 5162 paulatim
1972 5077 2186 5145 recentiores

158 5192 373 5254 ornamento
399 5198 483 5246 esse.
533 5169 592 5240 Sic
617 5171 712 5241 enim
734 5172 783 5239 ait
799 5167 1016 5240 Alexander:
1042 5170 1149 5239 malle
1197 5184 1311 5239 sectae
1333 5171 1460 5260 frigere
1477 5185 1684 5262 coeperunt,
1710 5198 1789 5243 cum
1806 5197 1843 5243 se
1858 5170 1895 5243 hi
1913 5176 1972 5269 qni
1990 5178 2185 5270 plurimum
2263 5190 2269 5199 “

160 5310 197 5357 se
222 5282 401 5366 doctrina,
424 5299 531 5371 quam
553 5273 692 5363 imperii
709 5272 954 5362 magnitudine
972 5272 1149 5341 excellere.
1197 5272 1348 5360 ingeniis
1364 5273 1556 5364 pollebant,
1578 5274 1685 5343 veteri
1700 5277 1882 5348 doctrinae
1897 5281 2076 5352 dederent.
2112 5276 2184 5349 Sed

158 5388 352 5482 Postquam
370 5407 453 5453 vero
465 5374 668 5450 Alexander
681 5374 721 5444 in
737 5372 858 5448 Asiam
874 5374 1022 5446 traiecit.
1062 5371 1148 5443 Ari-
1197 5376 1302 5444 redeo
1319 5376 1362 5444 ad
1382 5369 1564 5445 historiam
1583 5375 1686 5448 vitae.
