4732 6030
260 293 333 367 511
745 283 908 358 nucu
944 263 1032 356 'nn
1066 279 1463 358 tuvuusrouu
1496 279 1745 365 oruoun
1776 290 1806 367 1.
2214 308 2293 386 ω

261 466 421 543 censium
448 474 483 532 et
504 455 873 546 Lunaeburgensium:
898 450 958 527 hic
976 470 1110 545 patrem
1126 451 1251 527 habuit
1300 477 1346 524 ne
1364 453 1585 528 incommodi
1603 459 1773 552 accipias,
1796 475 1903 556 atquc
1918 464 1948 533 si
1965 471 2113 560 quando
2130 465 2294 552 Ecclesia

263 569 455 658 Magnum,
493 557 808 629 brunsvicensium
830 556 1044 649 principem,
1077 559 1139 652 qui
1164 581 1251 627 con·
1302 552 1369 626 hoc
1384 556 1452 625 sibi
1466 580 1488 628 a
1502 569 1537 627 te
1553 557 1593 626 in
1610 558 1688 630 loco
1704 563 1816 653 patris
1830 565 1882 636 tui
1899 569 2115 660 constituto,
2140 579 2296 657 voluerit

264 669 455 758 sanguineo
474 655 874 742 successitWilhelmo,
899 658 1251 749 Lnnaeburgensium
1301 658 1470 748 praestari
1483 657 1662 746 officium,
2270 698 2273 703 ’

264 770 356 841 duci.
406 764 559 853 Magnus
575 777 707 853 patrem
726 757 850 830 habuit
867 755 1053 829 Albertum
1073 758 1252 842 Crassum,
1451 764 1598 846 lgnrvum
1613 772 1701 832 tucos
1715 791 1807 851 penu
1821 792 1839 833 r
1853 780 2044 860 praesepibus
2056 803 2134 850 mcc.

261 871 375 940 filium
391 865 531 937 Albcrti
548 862 694 953 Magni,
719 861 818 933 cuius
836 875 934 951 pater
944 856 1033 932 Otto
1051 862 1133 946 fuit,
1158 861 1252 929 tilius
1401 857 1615 932 Hortabitur
1632 876 1668 933 te
1683 867 1727 933 ad
1744 889 1822 935 eam
1838 892 1913 939 rem
1928 874 2035 944 etiam
2050 881 2222 953 autoritas
2237 885 2297 954 di·

262 965 480 1046 withelmi,
513 964 589 1035 nati
611 989 652 1033 ex
668 960 827 1032 Henrico
846 960 997 1047 Leione,
1022 962 1085 1056 qui
1103 977 1250 1032 matrem
1301 958 1376 1026 vini
1392 963 1564 1031 mandati:
1589 960 1640 1035 Et
1651 989 1747 1035 nunc
1762 992 1859 1057 reges
1873 971 2079 1067 iutelligite,
2098 985 2296 1056 erudimini

262 1068 389 1142 habuit
421 1066 666 1149 Gerdrudem,
696 1064 806 1134 liliam
838 1061 1064 1156 lmperatoris
1092 1059 1250 1135 Lothsrii
1302 1060 1365 1152 qui
1387 1061 1549 1132 iudicatis
1570 1078 1718 1151 terram,
1751 1071 1881 1143 servite
1903 1070 2061 1150 Domino
2092 1081 2130 1150 iu
2153 1085 2295 1161 timore.

262 1172 433 1253 Saxonis,
459 1169 559 1239 cuius
574 1191 663 1237 uxor
676 1163 768 1236 Rixa
790 1177 825 1232 et
841 1178 939 1254 patre
952 1163 1109 1236 Henrico
1124 1165 1251 1235 Crasso
1302 1160 1374 1230 Nec
1391 1164 1598 1234 dubitabitis
1614 1166 1737 1253 etiam,
1763 1173 1871 1263 quin,
1895 1178 1924 1244 si
1947 1170 2014 1250 hoc
2029 1199 2214 1278 praecepto
2235 1189 2295 1258 di-

263 1289 344 1344 nata
367 1271 453 1355 fuit,
475 1271 549 1338 tilio
573 1265 737 1349 Ottonis,
772 1265 871 1332 ducis
894 1264 1074 1335 Bavariae.
1134 1264 1253 1335 Huius
1302 1263 1531 1351 ligentissime
1549 1267 1754 1356 observato,
1781 1275 1957 1346 rationem
1975 1274 2293 1359 habueritisollicii

263 1372 412 1445 Ottonis
442 1382 541 1464 patre
571 1367 709 1458 reperio
733 1364 927 1434 Henricum
954 1367 1079 1452 fuisse,
1107 1368 1251 1436 fratrem
1302 1364 1428 1444 vestri,
1455 1389 1677 1458 nequaqnam
1695 1370 1733 1438 in
1749 1395 1829 1443 eum
1845 1376 2070 1452 deducamini
2089 1409 2227 1475 casum,
2251 1404 2292 1461 ut

264 1471 411 1546 Ottonis
434 1471 559 1563 primi,
584 1467 802 1537 Bavarorum
832 1469 974 1550 ducem,
999 1469 1111 1539 lilium
1131 1469 1254 1537 claris-
1302 1466 1463 1557 quamvis
1484 1468 1665 1539 tonunam
1690 1472 1736 1541 ab
1761 1468 1923 1547 hostibus
1945 1484 2018 1573 pati
2043 1490 2236 1576 cogamini,
2261 1491 2292 1559 si

263 1577 344 1647 simi
363 1572 587 1664 lmperatoris
601 1568 748 1639 llenrici
766 1567 889 1658 primi,
912 1569 974 1661 qui
996 1594 1038 1639 ex
1054 1568 1254 1641 saxonibus
1302 1567 1347 1634 ad
1365 1590 1461 1635 arma
1477 1582 1621 1639 ventum
1636 1572 1760 1654 luerit,
1778 1572 1941 1648 Christus
1953 1606 2092 1671 prorna
2106 1590 2293 1662 clementia

264 1678 400 1770 primus
437 1670 532 1744 hunc
568 1684 706 1741 tantum
737 1668 879 1759 imperii
908 1663 1080 1739 honorem
1109 1684 1254 1762 propter
1302 1681 1441 1757 pmeter
1462 1671 1624 1739 omnium
1649 1667 1803 1745 bostium
1830 1679 2053 1769 opinionem,
2085 1702 2119 1758 te
2141 1704 2293 1783 tuosque

264 1777 438 1867 egregiam
455 1774 596 1843 virtutis
611 1771 836 1861 opinionem,
861 1783 912 1840 est
928 1785 1114 1843 assecutus.
1160 1769 1251 1842 Cum
1303 1782 1572 1840 conservaturus
1587 1786 1657 1858 est,
1683 1770 1777 1844 nihil
1797 1779 1900 1851 vobis
1917 1784 2122 1857 interamna
2138 1791 2204 1860 erit
2220 1792 2292 1861 ima

264 1879 384 1970 itaque
399 1901 439 1946 ex
456 1871 524 1945 hoe
541 1870 840 1965 praestantissimo
865 1868 1080 1962 Imperatore
1094 1871 1252 1943 Henrico
1304 1870 1482 1959 peditum,
1508 1864 1670 1944 hostibus
1689 1872 1783 1945 nihil
1806 1891 1952 1967 tutum,
1973 1899 2014 1957 ut
2034 1890 2096 1982 qui
2110 1913 2130 1959 a
2144 1891 2293 1962 fortuna

264 1981 401 2072 primo,
436 1977 581 2068 eiusque
618 1971 893 2043 bellicosissimis
925 1972 1008 2042 tiliis
1039 1969 1254 2065 Imperatore
1277 2022 1280 2029 ·
1302 1969 1404 2038 facile
1426 1985 1460 2040 et
1486 1971 1616 2044 virtute
1639 1974 1857 2052 deserentur.
1908 1977 2042 2058 Omnia
2060 2014 2292 2085 quaecunque

266 2074 403 2152 Ottone
420 2080 553 2171 primo,
578 2089 613 2145 et
626 2072 784 2143 Henrico
795 2069 1016 2143 Bavarorum
1038 2075 1126 2144 dirce
1141 2074 1251 2144 excel·
1304 2071 1358 2138 illi
1373 2072 1601 2164 reliquerint,
1627 2077 1697 2147 tuis
1713 2084 2006 2167 reservabuntur,
2031 2103 2173 2161 tuorum
2188 2109 2293 2166 erunt

267 2182 464 2253 lentissimo
492 2177 658 2267 Principe
687 2174 763 2244 sitis
796 2194 859 2242 vos
897 2174 1089 2266 procreati,
1133 2175 1254 2264 legetis
1303 2175 1443 2264 praeda.
1493 2173 1642 2267 Semper
1656 2179 1752 2248 euim
1765 2185 1981 2272 praesidinm
1996 2188 2036 2259 in
2052 2192 2177 2263 divino
2192 2196 2294 2264 anxi-

267 2279 434 2352 historias
455 2279 630 2349 maiorum
651 2289 868 2358 vestrorum,
891 2277 953 2368 qui
969 2276 1159 2367 praestanti
1173 2301 1255 2345 eru·
1304 2274 1353 2342 lio
1378 2296 1485 2364 quam
1508 2277 1781 2367 amicissimum,
1807 2284 1940 2379 siquid
1961 2313 2051 2380 opus
2067 2295 2159 2364 lacto
2176 2296 2295 2380 fuerit,

267 2385 404 2454 ditione
417 2380 600 2461 instructi,
621 2378 758 2447 nullam
775 2398 917 2466 operam
932 2378 1025 2467 passi
1041 2375 1255 2448 suntEccle·
1303 2374 1385 2445 estis
1406 2370 1573 2448 habituri.
1631 2377 1970 2481 llloquusuquam
1993 2387 2086 2461 nihil
2111 2409 2194 2464 ante
2217 2421 2292 2466 non

266 2486 337 2553 siae
351 2486 482 2551 deesse.
532 2478 736 2566 Quinetiam
754 2476 847 2544 inter
859 2500 956 2545 arma
976 2478 1014 2546 id
1028 2478 1181 2547 maxime
1195 2502 1256 2547 co-
1303 2475 1543 2567 providerint,
1567 2482 1688 2551 omnia
1710 2484 1857 2557 deficere
1876 2489 2110 2578 videbuntur,
2136 2496 2293 2586 pertina-

267 2585 340 2653 nati
356 2594 438 2652 sunt
452 2581 608 2664 efficere,
631 2592 670 2648 ut
685 2578 921 2647 illustraretur
937 2579 1097 2647 doctrina
1110 2575 1256 2662 Christi,
1305 2576 1359 2644 cia
1373 2577 1530 2665 ipsorum
1548 2583 1728 2669 augebunt
1744 2587 1956 2675 periculum,
1980 2593 2093 2663 donec
2110 2597 2291 2688 desperata

266 2685 468 2756 constitutis
479 2683 517 2749 in
531 2678 726 2749 Germania
741 2680 956 2768 pastoribus,
982 2681 1044 2771 qui
1057 2692 1256 2770 praeessent
1305 2677 1415 2746 salute
1430 2679 1621 2770 impietatis
1637 2704 1720 2755 suae
1737 2710 1882 2777 pneusm
1906 2693 2158 2780 persolverint,
2183 2723 2292 2790 quam

266 2783 451 2868 Ecclesiis,
476 2797 580 2875 atque
597 2781 785 2868 religiones
799 2779 1126 2871 interpretarentur.
1177 2779 1257 2851 Hoc
1306 2778 1457 2866 effugere
1481 2804 1540 2850 eos
1560 2807 1635 2877 non
1657 2789 1832 2877 oportuit,
1864 2796 1959 2883 quod
1982 2796 2152 2887 scriptum
2175 2800 2221 2869 sit
2245 2801 2292 2870 ab

267 2891 414 2981 inquam
431 2881 584 2956 Ottones
598 2883 829 2964 studuerunt,
853 2880 935 2951 iecit
948 2879 1143 2971 Imperator
1156 2879 1258 2950 Hen-
1304 2874 1424 2947 Esaia:
1451 2877 1491 2950 Si
1512 2883 1635 2953 audire
1653 2886 1855 2975 nolueritis,
1879 2905 1914 2961 et
1934 2918 1989 2963 me
2004 2897 2049 2966 ad
2068 2895 2293 2970 iracundiam

267 2989 361 3060 ricus
391 2983 539 3058 Ottonis
574 2984 681 3074 primi
720 3005 863 3074 pareus,
901 2983 1074 3074 praestitit
1107 2981 1256 3054 Carolus
1305 2983 1596 3071 provocaveritis,
1621 2986 1760 3074 gladius
1775 2992 1961 3065 devorabit
1976 3021 2051 3072 vos.
2089 2994 2179 3071 Rem
2195 3003 2292 3073 nosti

267 3088 440 3177 Magnus,
462 3087 525 3179 qui
544 3109 607 3154 vos
623 3099 780 3176 posteros
804 3098 840 3154 et
867 3085 1148 3174 coirsanguineos
1175 3106 1257 3154 suos
1307 3095 1483 3171 praeterea
1513 3085 1716 3189 testimonio
1740 3115 1833 3179 esse,
1863 3097 1961 3189 quod
1991 3121 2056 3189 pro
2088 3101 2291 3172 defensione

268 3190 314 3258 ad
330 3183 614 3255 honestissimum
633 3182 699 3255 hoc
715 3187 967 3275 praescriptum
985 3210 1086 3255 snum
1104 3186 1258 3275 impera·
1305 3183 1460 3251 nominis
1475 3186 1529 3253 sui
1545 3188 1706 3274 gloriosis
1721 3214 1823 3278 saepe
1838 3197 1997 3268 victoriis
2010 3202 2292 3274 ornaveritDeus

268 3303 369 3360 turos
389 3309 462 3355 esse
484 3309 558 3354 non
581 3285 767 3354 dubitavit.
820 3285 965 3355 Decebit
985 3288 1094 3375 igitur
1117 3301 1151 3355 te
1167 3311 1257 3378 quo·
1304 3282 1494 3368 Davidem,
1516 3284 1759 3375 Salomonem,
1775 3289 1985 3377 Ezechiam,
2007 3297 2294 3389 Constantinum,

269 3413 356 3485 que,
395 3385 586 3456 clarissime
608 3383 796 3474 Princeps,
829 3385 1002 3455 maiorum
1038 3401 1181 3456 tuorum
1202 3411 1257 3454 res
1306 3381 1476 3456 Ottonem
1503 3389 1674 3476 primum,
1707 3405 1742 3460 et
1764 3406 1885 3465 nostra
1914 3403 2087 3473 mernoria
2111 3401 2292 3496 Principes

199 3544 208 3559 ,
269 3502 381 3582 gestas
404 3509 632 3576 cognoscere,
659 3500 699 3555 ut
717 3486 866 3555 lectione
885 3488 1011 3556 talium
1027 3482 1257 3557 historiarum
1306 3486 1640 3574 periculosissimum
1658 3492 1807 3563 'bellum
1838 3520 1922 3566 curu
1954 3501 2100 3572 rusticis·
2121 3520 2295 3592 gerentes,

268 3591 384 3662 maior
412 3588 581 3681 paulatim
607 3588 814 3657 innascatur
839 3588 1001 3658 alacritas
1030 3587 1115 3673 tibi,
1153 3602 1257 3681 atque
1306 3610 1411 3678 quam
1427 3584 1497 3659 Dei
1510 3591 1729 3667 voluntatem
1742 3617 1824 3685 erga
1838 3619 1902 3667 vos
1914 3597 2166 3693 quoquehaud
2183 3607 2297 3676 dubie

269 3693 426 3765 studium
442 3689 605 3762 imitandi
628 3690 716 3759 lacta
730 3689 1101 3760 excellentissimorum
1117 3687 1259 3761 Princi-
1306 3692 1539 3777 cognoscetis,
1571 3693 1710 3784 quoties
1730 3696 1904 3787 praesidio
1930 3713 1966 3770 ct
1988 3718 2196 3775 ornamento
2219 3703 2295 3776 Ec-

268 3819 373 3889 pum,
397 3816 549 3886 quorum
566 3806 605 3861 ut
620 3795 715 3884 apud
732 3804 765 3860 te
780 3791 975 3881 plurimum
997 3791 1258 3862 valeatautori-
1307 3790 1431 3858 clesiae
1445 3814 1518 3859 esse
1533 3795 1763 3867 studueritis·
1859 3866 1863 3873 ,

267 3913 339 3983 tas,
371 3896 410 3964 in
441 3917 544 3965 causa
573 3894 639 3965 tibi
669 3891 739 3965 erit
767 3893 872 3964 etiam
906 3890 994 3978 hoc,
1024 3917 1105 3963 cum
1133 3893 1258 3984 legeris
1410 3887 1482 3959 lam
1499 3896 1595 3985 quod
1612 3896 1753 3987 inopiae
1769 3890 2098 3985 reifrusue'utsriae,
2123 3905 2296 3976 aliarum-

267 4007 392 4093 poc'tae
407 4020 563 4066 carmen:
1306 4014 1375 4083 que
1392 4015 1509 4060 rerum
1524 3996 1704 4076 omnium,
1729 4023 1800 4092 qua
1815 4000 1974 4095 plerique
1986 4020 2131 4097 propter
2147 4008 2296 4095 ingrati-

344 4105 465 4190 Ecquid
479 4109 514 4165 in
529 4107 683 4185 conquam
695 4105 1138 4184 viuunmmimosqusvirites
1307 4092 1467 4195 tudinem
1490 4088 1597 4165 hodie
1621 4098 1828 4188 plectimur,
1858 4101 1999 4176 facilius
2029 4108 2143 4179 vestra
2166 4110 2295 4200 pietate

346 4207 386 4269 Et
402 4219 485 4287 peter
499 4206 637 4278 Aeneas,
664 4216 695 4263 et
708 4206 873 4264 avunculus
889 4209 999 4264 excitet
1011 4202 1135 4264 Hector.
1185 4279 1193 4292 .
1307 4195 1440 4263 mederi
1477 4220 1618 4289 quoqne
1656 4201 1857 4290 potueritis,
1898 4207 2023 4277 eodem
2051 4208 2295 4282 existimabitis

270 4301 492 4372 Nou'minus
518 4298 611 4365 idem
636 4292 703 4364 hoc
723 4296 909 4364 consilium
932 4297 1115 4364 adiuvabit
1142 4295 1258 4378 etiam,
1306 4295 1493 4385 pertinere.
1550 4296 1660 4382 Nam,
1693 4306 1787 4393 quod
1814 4304 1946 4390 mults,
1978 4307 2220 4403 quibusopus
2244 4327 2296 4383 est

270 4403 367 4496 quod
399 4397 496 4468 Deus
533 4409 647 4466 totum
676 4399 848 4464 mundum
886 4396 1042 4485 imperiis
1075 4396 1258 4483 magistra·
1305 4395 1351 4463 ad
1368 4400 1586 4469 tolerandam
1602 4401 1750 4487 famem,
1775 4397 1843 4474 hoc
1857 4428 1954 4477 anno
1964 4411 2093 4500 partim
2108 4426 2295 4504 tempesta·

270 4520 371 4576 tuum
400 4501 643 4588 obtemperare
666 4511 849 4587 propterea
872 4497 1045 4580 voluerit,
1071 4499 1169 4567 utin
1193 4493 1258 4569 hac
1306 4498 1401 4567 tibus
1422 4501 1653 4589 deperierint,
1689 4506 1818 4594 partim
1833 4520 1979 4598 propter
1998 4511 2171 4584 siccitates
2184 4538 2296 4603 ungu·

269 4602 450 4676 communi
471 4603 635 4670 societate
655 4611 908 4668 conserventur
927 4594 1150 4670 Christianae
1174 4599 1257 4668 reli·
1306 4599 1394 4667 stius
1420 4603 1665 4689 provenerint,
1687 4628 1911 4700 nequaquam
1933 4611 2141 4685 dubitabitis
2157 4612 2296 4686 Princi-

271 4708 392 4798 giones
430 4717 465 4774 et
494 4701 691 4785 Ecclesiae,
725 4700 821 4793 qnod
852 4701 912 4793 qui
940 4702 979 4771 in
1012 4695 1067 4769 hir
1098 4701 1258 4769 maximis
1308 4723 1391 4790 pum
1412 4703 1514 4793 culpa
1543 4703 1581 4772 id
1605 4706 1755 4777 maxime
1786 4709 1962 4783 accidisse.
2020 4710 2178 4785 Maxima
2198 4717 2297 4787 enim

271 4826 305 4881 et
321 4808 468 4878 infinitis
481 4805 750 4875 difficultatibus
764 4826 899 4871 summa
917 4803 985 4872 tide
1000 4827 1076 4873 non
1085 4815 1257 4893 praestant
1306 4824 1387 4892 pars
1403 4799 1627 4894 Principum,
1652 4822 1687 4879 et
1709 4811 1959 4882 sceleratorum
1972 4807 2235 4908 Episcoporum
2251 4819 2297 4889 ad

274 4909 473 5001 Principes,
500 4903 592 4977 nihil
608 4906 902 4976 existimabuntur
914 4905 1086 4976 institutis
1100 4919 1135 4975 et
1151 4927 1258 4973 cona·
1306 4902 1440 4973 rabiem
1455 4929 1475 4973 a
1490 4900 1646 4979 Diabolo
1661 4912 1817 4995 redacta,
1842 4912 2040 4985 doctrinam
2056 4917 2101 4985 de
2117 4919 2299 4995 remissio-

271 5013 368 5082 tibns
389 5010 508 5101 impiis
528 5010 672 5078 differre
696 5032 717 5076 a
740 5005 971 5094 Gigantibus,
999 5016 1154 5098 quorum
1180 5020 1258 5076 tan·
1307 5028 1351 5072 ne
1376 5022 1595 5095 peccatorum
1622 5036 1695 5081 non
1718 5013 1810 5082 ridet
1835 5014 1971 5100 solum,
1992 5019 2055 5087 sed
2072 5019 2236 5104 damnat,
2259 5034 2299 5090 et

272 5128 342 5181 tam
358 5112 395 5181 iu
411 5113 539 5182 fabulis
553 5126 604 5181 est
619 5111 727 5180 fuisse
741 5107 953 5186 amentiam,
977 5119 1017 5177 ut
1038 5108 1135 5178 coelo
1152 5109 1256 5177 etiam
1306 5107 1495 5179 crudeliter
1526 5112 1566 5180 in
1599 5113 1745 5183 miseros
1769 5108 2011 5203 Christianos,
2048 5144 2131 5190 cum
2163 5135 2300 5211 potest,

272 5215 404 5283 bellum
428 5208 667 5282 inferre-nihil
691 5209 893 5279 veritisiut.
948 5205 1093 5278 Talium
1109 5223 1201 5278 certe
1219 5222 1257 5276 tu
1306 5210 1438 5280 statuit.
1490 5208 1585 5283 Hinc
1601 5213 1728 5285 accidit
1746 5208 1870 5300 hodie,
1897 5233 1937 5288 ut
1956 5220 2124 5314 quicquid
2141 5222 2299 5293 delirant

271 5311 638 5404 clarissimoPrlnceps
652 5312 789 5383 aditum
805 5332 1073 5402 sermonemque
1091 5308 1257 5397 refugies,
1280 5292 1283 5361 l
1300 5305 1437 5397 Reges,
1463 5312 1660 5401 plectantur
1671 5307 1818 5384 Achivi:
1845 5324 1940 5411 quod
1957 5334 1990 5391 et
2007 5318 2299 5416 Aegyptiis'ncci-

272 5432 312 5488 ut
328 5408 835 5495 hostiumEcclesiaeChristi3
862 5413 1010 5506 nequid
1024 5411 1256 5499 mconugio
1305 5408 1367 5481 dit.
1381 5424 1524 5502 propter
1536 5408 1740 5485 :Pharaonis
1759 5420 1970 5494 caecitatem.
2026 5422 2181 5510 Verum,
2213 5428 2298 5520 quis
