4732 6030
232 269 308 346 307
701 254 874 335 DE'CL..
911 254 987 335 titt
1017 254 1358 335 tntuuatco
1388 254 1803 343 BARBAROSSA.
2195 272 2275 349 808

236 443 413 518 studiosos
441 438 590 532 optarim
618 434 656 503 in
680 429 902 503 Germanicis
921 431 1028 502 rebus
1052 431 1225 503 ornandis
1273 429 1432 519 maniae,
1463 431 1564 503 daret
1586 430 1753 522 auspiciis
1777 432 1835 507 sui
1854 433 2009 529 imperii.
2060 435 2110 512 Et
2125 454 2167 512 ut
2186 437 2280 517 bane

238 547 438 626 elaborare,
461 541 544 632 quia
566 536 670 605 video
689 533 872 624 Principes
894 548 1033 604 nostros
1055 534 1226 605 laudatis-
1274 534 1446 605 iacturam
1480 532 1619 604 facilius
1645 535 1771 621 ferret,
1806 537 1906 609 aurit
1930 533 2070 610 honore
2100 545 2280 617 familiam

239 649 338 720 simis
367 642 526 732 Regibus
553 651 657 730 atque
685 634 979 726 imperatoribus,
1013 632 1160 705 Graecis
1189 640 1227 705 et
1275 630 1509 706 Austriacam.
1557 630 1649 706 Cum
1666 635 1762 705 euim
1777 634 2132 728 anteszarchiones
2148 664 2281 736 esseut,
2325 662 2337 669 “

238 744 423 823 Romanis,
447 740 544 810 omni
561 739 732 810 virtutum
749 759 875 826 genere
892 760 992 826 pares
1007 759 1090 809 esse.
1123 734 1225 825 Qua·
1275 747 1361 807 tuuc
1378 736 1423 806 ab
1440 732 1655 829 imperatore
1671 739 1790 808 ducali
1815 739 1920 810 titulo
1938 742 2056 813 ornati
2072 760 2167 821 sunt.
2224 749 2277 822 ita

241 875 279 923 re
305 842 442 915 institui
475 841 672 912 orationem
702 840 747 908 de
778 837 963 908 Friderico
990 837 1225 921 Aenobarbo,
1276 849 1312 907 et
1332 835 1471 926 Bavaru
1492 838 1668 932 aequitate
1695 837 1923 930 imperatoris
1954 845 2160 934 amplificati
2191 866 2277 923 sunt

241 949 341 1022 cuius
372 944 436 1015 etsi
467 967 523 1013 res
552 956 664 1032 gestas
692 962 969 1010 commemorare
1002 963 1125 1010 omnes
1153 960 1227 1007 nou
1275 937 1363 1008 fines
1377 952 1412 1009 et
1424 963 1527 1009 causa
1545 940 1699 1028 ingentis
1716 941 1804 1010 beili
1817 945 1956 1013 sublata
1974 961 2038 1018 est.
2087 947 2274 1038 Quantum

240 1071 403 1146 possum,
425 1060 541 1116 tamen
555 1045 726 1138 quaedam
744 1039 924 1129 eligemus,
949 1065 989 1110 ex
1006 1041 1137 1135 quibus
1152 1040 1229 1109 eius
1277 1053 1395 1110 autem
1410 1039 1526 1109 laudis
1540 1035 1627 1110 haec
1641 1043 1839 1113 moderatio
1861 1044 1899 1113 in
1913 1044 2083 1138 Principe
2098 1067 2276 1124 mereatur

243 1149 450 1240 magnitudo
465 1147 575 1214 animi
591 1156 696 1238 atque
711 1141 870 1222 consilii,
895 1142 997 1228 iides,
1021 1140 1229 1224 constantia,
1279 1164 1352 1212 uon
1377 1153 1427 1210 est
1442 1141 1645 1216 obscurum.
1695 1140 1803 1214 Nulla
1820 1146 2047 1220 euimvirtus
2069 1153 2201 1240 gratior
2222 1171 2274 1227 est

242 1255 355 1346 pietas
379 1246 571 1318 existimari
597 1257 783 1339 poterunt,
808 1256 849 1313 ut
871 1240 1076 1333 intelligatis
1091 1242 1229 1311 nullam
1279 1243 1319 1311 iu
1334 1240 1564 1333 Principibus
1576 1257 1611 1314 et
1625 1239 1782 1334 Reipub.
1798 1247 1911 1337 magis
1930 1253 2146 1339 necessaria,
2167 1266 2274 1349 quam

244 1355 276 1425 ci
295 1354 462 1422 virtutem
483 1347 628 1438 dignam
650 1346 727 1415 viro
750 1366 877 1434 magno
895 1360 930 1417 et
947 1345 1043 1415 bono
1061 1341 1228 1434 Principe
1279 1343 1426 1436 privatis
1445 1342 1629 1414 affectibus
1649 1357 1684 1414 et
1704 1350 1904 1419 commodis
1927 1350 2106 1439 publicam
2124 1356 2276 1429 salutem

244 1455 406 1527 defuisse.
455 1449 542 1521 Peto
570 1462 686 1519 autem
718 1443 868 1518 avobis
901 1458 942 1517 ut
965 1468 1078 1539 aequo
1110 1444 1230 1515 animo
1279 1467 1363 1516 suae
1381 1444 1516 1537 patriae
1539 1446 1725 1517 anteferre.
1776 1445 1885 1520 Nulla
1902 1464 1954 1520 est
1970 1451 2120 1525 victoria
2141 1458 2277 1546 glorio-
2317 1452 2319 1456 ⁴

243 1553 336 1628 hanc
350 1576 464 1623 meam
480 1548 768 1620 declamationem
785 1545 948 1633 audiatis,
974 1547 1099 1642 quain
1114 1570 1153 1617 re
1168 1569 1231 1614 vos
1281 1547 1371 1631 sior,
1404 1568 1510 1638 quam
1533 1540 1699 1616 cohibere
1719 1547 1881 1621 animum
1904 1563 1939 1620 et
1961 1553 2006 1620 de
2028 1558 2174 1648 proprio
2198 1560 2276 1629 iure

245 1680 388 1751 qnoque
408 1652 548 1745 pietatis
571 1652 712 1720 laudem
736 1648 922 1733 auferetis,
953 1649 984 1718 si
1011 1671 1133 1719 eorum
1154 1659 1229 1716 stu·
1281 1645 1415 1740 aliquid
1438 1659 1583 1737 propter
1596 1671 1822 1719 communem
1839 1653 2133 1745 tranquillitatem
2148 1661 2275 1728 remit·

245 1760 357 1841 diurn,
380 1754 443 1849 qui
455 1766 601 1824 sumunt
616 1774 760 1844 operam
776 1751 815 1819 in
832 1750 944 1841 patria
958 1750 1131 1835 ornanda,
1146 1770 1232 1840 pro·
1281 1763 1366 1821 tere.
1419 1745 1537 1836 Quam
1553 1747 1684 1820 inuitas
1702 1749 1852 1840 legimus
1868 1753 2027 1825 civitates
2043 1779 2177 1827 eversas
2195 1784 2272 1830 esse

245 1861 332 1931 bare
356 1880 419 1926 vos
441 1853 696 1944 significabitis.
754 1846 832 1920 Etsi
860 1864 978 1920 autem
1006 1849 1098 1919 solet
1126 1849 1230 1918 initio
1282 1846 1488 1938 Principum
1504 1849 1701 1921 ambitione
1716 1864 1749 1921 et
1765 1854 1969 1942 pertinacia,
1991 1854 2053 1949 qni
2068 1857 2271 1933 maluerunt

245 1959 370 2032 multis
394 1954 564 2026 encomiis
588 1956 632 2023 de
655 1951 793 2044 generis
817 1951 1004 2022 nobilitate
1023 1951 1115 2033 dici,
1147 1948 1232 2044 quia
1282 1949 1402 2020 omnia
1427 1949 1543 2039 potins
1558 1951 1704 2021 miscere
1718 1976 1758 2021 ac
1778 1953 1817 2022 in
1831 1977 1951 2027 casum
1966 1958 2067 2039 dare,
2092 1982 2198 2051 quam
2215 1962 2272 2029 vi-

246 2059 380 2133 semiua
402 2056 544 2127 virtutis
576 2053 801 2148 propagaria
829 2051 935 2122 bouis
963 2050 1170 2145 parentibus
1193 2050 1231 2118 iu
1282 2051 1359 2120 deri
1372 2051 1428 2119 vei
1444 2051 1623 2121 tantillum
1639 2052 1720 2125 aliis
1734 2053 1873 2127 civibus
1887 2057 2041 2134 cessisse.
2088 2056 2185 2131 Haec
2200 2084 2273 2132 una

245 2175 404 2257 posteros
423 2158 687 2245 existimantur,
711 2166 828 2225 tamen
843 2178 906 2245 ego
922 2148 981 2223 bic
1000 2152 1144 2223 brevior
1161 2176 1233 2231 ero,
1283 2151 1350 2223 init
1365 2173 1468 2221 causa
1483 2150 1643 2223 civilium
1658 2154 1877 2229 tumultuum
1889 2154 2028 2231 Romae
2046 2158 2165 2247 Marii,
2191 2160 2273 2258 Syi-

246 2264 330 2359 quia
353 2283 427 2331 uon
448 2275 562 2351 potest
584 2283 656 2327 esse
683 2255 831 2326 obscura
861 2255 1029 2324 nobilitas
1053 2253 1129 2322 eius
1155 2251 1235 2336 viri,
1283 2254 1358 2333 lae,
1383 2251 1541 2343 Pompei.
1592 2252 1664 2325 Sed
1687 2251 1779 2325 uiitii
1796 2280 1885 2347 opus
1908 2271 1960 2329 est
1976 2273 2093 2331 vetera
2109 2264 2281 2344 recitare:¹

247 2365 310 2459 qui
337 2364 377 2433 iu
403 2361 538 2430 familia
561 2356 789 2450 imperatoria
819 2369 1013 2426 natusest:
1046 2350 1235 2425 Conradus
1283 2367 1356 2425 tota
1390 2352 1462 2422 vita
1494 2355 1736 2447 exemplorum
1770 2352 1877 2431 buius
1901 2361 2039 2450 generis
2071 2362 2176 2453 plena
2210 2379 2273 2437 est.

246 2465 341 2536 euim
364 2457 694 2554 patruusFridcrici
716 2456 785 2528 suit
805 2454 1012 2549 imperator.
1063 2455 1129 2525 iiia
1149 2478 1233 2524 vero
1286 2454 1367 2525 iure
1382 2453 1491 2544 igitur
1504 2450 1679 2526 Fridecici
1693 2459 1883 2530 consilium
1897 2461 2116 2533 laudandum
2129 2477 2190 2549 est,
2208 2466 2272 2559 qui

245 2565 360 2636 maior
381 2565 458 2633 laus
479 2574 548 2646 est,
572 2562 670 2655 quod
695 2582 770 2627 nou
785 2558 900 2628 solum
918 2582 991 2627 non
1009 2555 1235 2648 degeneravit
1284 2578 1364 2627 cum
1387 2555 1461 2646 ipse
1478 2557 1720 2629 moderatione
1739 2584 1877 2631 summa
1897 2585 1981 2633 usus
1996 2576 2068 2647 est,
2092 2576 2168 2635 tum
2186 2589 2270 2636 veru

245 2664 485 2747 amaioribus,
503 2663 685 2732 sedetiam
701 2658 1233 2749 ingenioetvirtuteeoslouge
1283 2670 1432 2746 cognato
1464 2654 1622 2749 Principi
1656 2672 1761 2731 autor
1791 2661 1878 2746 fuit,
1912 2676 1953 2733 ut
1984 2664 2079 2752 pacis
2106 2667 2270 2757 publicae

247 2767 434 2861 superavit.
485 2760 553 2834 Est
568 2776 601 2832 et
618 2763 707 2832 iilud
724 2759 897 2831 iudicium
913 2762 1112 2852 praeclarae
1127 2773 1161 2831 et
1173 2782 1235 2850 ge-
1283 2781 1386 2829 caum
1410 2752 1578 2829 nonnihil
1602 2762 1647 2829 de
1675 2760 1752 2833 iure
1777 2785 1842 2832 suo
1871 2766 2089 2839 concederet.
2146 2763 2272 2838 Exteri

245 2893 390 2940 nerosae
404 2864 550 2949 indolis,
576 2865 672 2958 quod
687 2884 768 2934 cum
783 2860 971 2954 imperium
987 2861 1095 2932 multi
1109 2836 1234 2953 poten'-
1286 2855 1449 2929 homines
1464 2882 1504 2929 ac
1521 2858 1674 2932 nimium
1690 2857 1864 2958 φίλαυτοι
1880 2877 2019 2935 nostros
2038 2863 2270 2957 imperatores

244 2969 373 3050 tissimi
390 2966 572 3055 Principes
589 2964 785 3049 ambirent,
811 2977 929 3035 tamen
943 2956 1234 3033 Eiectoreshunc
1283 2961 1464 3053 appeliant
1486 2961 1655 3032 barbaros
1679 2977 1714 3035 ct
1736 2965 1870 3054 impetu
1897 2967 2007 3055 magis
2030 2968 2141 3037 animi
2161 2995 2269 3064 qnam

244 3072 408 3142 iuvenem
425 3067 592 3139 omnibns
607 3067 861 3159 praetulerunt,
885 3064 982 3160 quod
998 3087 1073 3135 nou
1086 3062 1233 3135 accidis-
1284 3063 1419 3133 ratione
1431 3063 1575 3154 gessisse
1587 3064 1710 3135 omnia
1726 3065 1895 3136 iudicant.
1947 3065 2016 3139 Sed
2032 3091 2112 3139 cum
2127 3070 2194 3140 alia
2210 3071 2269 3139 iu·

246 3183 319 3254 set,
344 3168 413 3238 nisi
435 3167 600 3237 elusisset
620 3168 659 3236 in
685 3190 725 3236 eo
751 3165 942 3255 singularis
963 3165 1117 3250 indoles,
1142 3187 1234 3259 quae
1283 3164 1382 3234 finita
1397 3177 1601 3237 nostrorum
1613 3163 1820 3258 Principum
1833 3166 2011 3257 sapienter
2024 3171 2273 3266 moderateque

245 3296 341 3364 spem
359 3269 507 3338 iaciebat
527 3264 687 3334 iuturum
709 3289 829 3356 parem
853 3265 1016 3336 maximis
1037 3267 1143 3337 rebus
1166 3287 1233 3355 gu·
1282 3266 1390 3350 iacta,
1414 3277 1587 3336 testantur
1602 3265 1653 3337 eis
1670 3267 1800 3338 iniuste
1823 3268 2022 3339 barbariem
2036 3271 2168 3358 obiici,
2193 3285 2272 3343 tum

245 3369 443 3445 beruandia
465 3382 499 3440 et
520 3364 695 3455 gerendis.
746 3358 870 3458 Neque
892 3390 976 3436 vero
994 3366 1118 3436 fefellit
1140 3361 1233 3435 banc
1284 3389 1369 3435 vero
1384 3360 1470 3436 haec
1485 3363 1659 3444 Friderici
1675 3369 1868 3461 pacificatio
1886 3371 2040 3443 declarat
2056 3372 2090 3443 ei
2104 3398 2169 3445 nec
2184 3399 2273 3467 pru-

244 3497 341 3566 spem
360 3469 586 3548 Eiectorum.
611 3466 727 3538 statim
751 3464 848 3535 euim
872 3455 976 3535 initio
991 3463 1137 3557 imperii
1155 3488 1234 3535 mo·
1282 3465 1439 3537 dentiam
1469 3466 1508 3536 iu
1531 3468 1763 3540 conciliandis
1787 3472 2029 3545 voluntatibus
2048 3471 2270 3567 Principum,

244 3573 429 3645 deratione
450 3595 490 3641 ac
506 3568 637 3640 virtute
658 3566 821 3661 perfecit,
843 3591 890 3638 ue
904 3588 1106 3661 quenquam
1125 3560 1234 3636 buius
1283 3589 1348 3637 nec
1361 3566 1568 3658 gravitatem
1583 3571 1746 3657 defuisse,
1770 3571 1857 3642 dum
1872 3573 2050 3664 publicam
2064 3575 2268 3670 tranquilli-

244 3674 369 3747 iudicii
383 3673 591 3767 poeniteret.
631 3668 722 3741 Nam
738 3693 818 3742 cnm
831 3668 1018 3760 accepisset
1032 3666 1233 3760 imperium,
1281 3680 1390 3739 tatem
1405 3669 1553 3761 privatis
1568 3671 1751 3743 affectibus
1769 3674 1946 3763 praetulit.
1997 3672 2092 3747 Haec
2112 3677 2269 3767 auspicia

242 3774 336 3848 nihii
353 3777 451 3868 prius
467 3769 610 3858 habuit,
636 3792 743 3866 quam
761 3783 801 3842 ut
819 3769 917 3841 domi
938 3792 1057 3861 pacem
1073 3769 1150 3839 siue
1163 3791 1232 3861 pu·
1282 3768 1423 3862 imperii
1440 3771 1557 3862 ipsius
1580 3785 1615 3842 et
1638 3772 1705 3864 ipsi
1728 3775 1952 3847 autoritatem
1965 3776 2269 3849 benevolentiam-

243 3879 340 3950 biico
360 3893 458 3949 motu
480 3888 515 3947 et
536 3873 688 3947 consilio
711 3871 829 3966 potius
849 3894 957 3967 quam
975 3869 1085 3941 armis
1099 3869 1233 3941 consti·
1280 3893 1350 3963 qne
1364 3870 1617 3957 conciliarunt,
1637 3887 1672 3944 et
1692 3898 1790 3966 spem
1808 3877 1976 3947 omnibns
1992 3880 2157 3967 gentibus
2182 3879 2268 3951 iusti

244 3992 374 4051 tueret:
413 3976 669 4049 dissentiebant
695 3975 792 4045 euim
823 3973 983 4045 interae
1010 3968 1168 4043 Bavarus
1196 3985 1232 4045 et
1281 3984 1316 4041 et
1329 3973 1503 4044 moderati
1519 3973 1659 4065 imperii
1674 3977 1927 4067 praebuerunt,
1951 4003 2023 4072 quo
2037 4003 2150 4073 neque
2163 3991 2268 4071 opta-

242 4076 467 4158 Austriacns,
501 4075 754 4167 potentissimi,
777 4086 818 4144 ut
834 4097 930 4145 nunc
946 4097 1108 4167 qnoque,
1136 4072 1229 4146 Ger·
1280 4072 1390 4145 bilius
1403 4072 1599 4171 quidquam
1613 4076 1770 4147 accidere
1786 4079 2031 4169 prodentibus,
2056 4104 2171 4176 neque
2185 4081 2270 4173 pul-

243 4183 383 4254 laniae
395 4177 589 4267 Principes.
640 4171 730 4247 Erat
749 4188 865 4243 autem
886 4174 1066 4244 contentio
1081 4177 1126 4245 de
1147 4175 1230 4245 tini·
1280 4170 1401 4247 cirrior
1431 4199 1488 4247 res
1518 4189 1554 4247 et
1585 4177 1831 4249 admirabilior
1855 4181 2001 4251 existere
2031 4182 2106 4253 ulia
2139 4196 2267 4274 potest.

243 4280 324 4365 bns,
341 4293 375 4349 et
388 4279 522 4348 beilum
539 4276 684 4367 parabat
696 4289 857 4367 uterque.
882 4272 991 4363 Quod
1008 4274 1037 4344 si
1051 4298 1125 4344 uun
1139 4289 1238 4349 esset·
1278 4273 1357 4346 Etsi
1379 4290 1498 4349 autem
1518 4279 1729 4371 aequitatem
1753 4279 1863 4351 animi
1886 4305 1931 4351 ue
1945 4296 2103 4354 armatus
2121 4283 2268 4378 quidem

242 4402 448 4474 oppressum
472 4376 657 4466 diligentia
679 4373 852 4448 Friderici
875 4372 1122 4466 imperatoris,
1154 4378 1228 4445 esi·
1278 4379 1459 4469 deposuit,
1484 4393 1603 4452 tamen
1624 4380 1734 4472 magis
1758 4382 1851 4453 lucet
1866 4383 1942 4455 eius
1957 4383 2072 4456 victus
2085 4384 2125 4455 in
2140 4379 2269 4456 bisse·

242 4482 325 4554 tiaie
356 4479 480 4553 inisset
511 4476 696 4549 universae
718 4473 944 4548 Germaniae.
1000 4469 1079 4545 Etsi
1108 4487 1226 4546 autem
1277 4478 1345 4549 bus
1358 4503 1447 4574 quas
1459 4480 1556 4552 bello
1569 4481 1693 4571 gessit,
1718 4507 1825 4576 quam
1839 4484 1877 4553 iu
1893 4497 1982 4576 toga.
2023 4483 2187 4582 Cumque
2202 4508 2266 4559 sa-

239 4581 442 4656 Fridericus
462 4581 604 4674 utrique
619 4592 787 4669 cognatus
808 4590 902 4662 erat,
927 4588 1046 4649 umen
1062 4573 1228 4647 Austrin-
1277 4579 1351 4649 riae
1367 4579 1438 4653 sint
1451 4581 1676 4672 ingeniorum
1693 4582 1732 4652 in
1747 4581 2026 4677 imperatoribus
2047 4588 2199 4680 species,
2225 4587 2266 4658 iu

239 4711 321 4757 cum
351 4684 518 4778 proprius
544 4679 748 4772 attingebat.
807 4676 931 4775 ltaque
958 4673 1017 4751 hic
1046 4675 1226 4771 specimen
1275 4679 1356 4751 aliis
1378 4681 1558 4753 cunctatio
1580 4682 1765 4771 laudatur,
1794 4686 1834 4758 in
1858 4683 2081 4774 Alexandro,
2106 4688 2145 4759 in
2170 4686 2264 4761 iulio

237 4790 414 4879 egregium
428 4783 682 4859 moderationis
695 4795 800 4876 atque
813 4778 999 4873 aequitatis
1015 4800 1099 4851 suae
1120 4802 1225 4872 prae·
1275 4779 1455 4866 celeritas,
1493 4776 1553 4852 hic
1582 4797 1703 4855 noster
1726 4783 1939 4878 imperatur,
1973 4785 2170 4861 Alexandri
2196 4788 2266 4861 aii-

235 4889 327 4960 buit.
360 4886 441 4961 Non
458 4888 553 4959 enim
567 4880 665 4959 hunc
680 4881 847 4978 praetulit
858 4878 1009 4966 Basaro,
1026 4904 1100 4952 uon
1114 4883 1225 4974 magis
1274 4895 1407 4977 quanto
1421 4881 1574 4955 similior
1594 4884 1663 4957 fuit
1678 4886 1872 4958 dimicandi
1894 4890 2066 4981 cupidus,
2087 4915 2265 4985 nuquam

235 4992 376 5081 cognati
391 5006 505 5081 partes
518 4990 668 5060 tuendas
680 4986 750 5059 sibi
767 4982 922 5076 putavit,
946 5007 1052 5077 qnam
1070 4982 1108 5052 iu
1124 5007 1224 5055 corn·
1273 4984 1478 5057 detrectavit
1493 5007 1648 5078 pugnam
1664 4986 1772 5060 etiam
1786 4987 1874 5059 iocis
1890 4988 2035 5085 iniquis,
2057 4991 2266 5065 obsidiones

234 5116 342 5163 mune
356 5093 434 5184 paci
448 5090 718 5162 consulendum.
752 5084 920 5157 imoeum
934 5099 1080 5177 propter
1093 5106 1223 5175 cogna-
1273 5085 1332 5155 vix
1346 5108 1503 5180 uuquam
1519 5089 1638 5171 solvit,
1663 5112 1779 5184 neque
1792 5102 1911 5160 tamen
1924 5093 2060 5164 otiosus
2076 5095 2206 5167 assedit
2224 5095 2264 5165 ia

232 5193 366 5266 tionem
389 5193 471 5286 pius
498 5191 629 5260 valeret
654 5189 749 5280 apud
774 5184 1018 5270 Austriocum,
1050 5186 1223 5278 persuasit
1271 5185 1412 5273 eastris,
1438 5191 1499 5259 sed
1522 5190 1692 5262 continuo
1720 5214 1932 5283 oppugnans
1956 5196 2082 5281 urbes,
2107 5196 2264 5268 instabat

232 5296 284 5383 ei,
317 5311 356 5368 ut
382 5301 427 5365 de
451 5316 517 5364 suo
543 5291 621 5361 iure
650 5290 770 5383 potins
794 5288 985 5360 concedere
1008 5310 1049 5359 ac
1070 5288 1221 5379 regredi,
1271 5282 1450 5371 hostibus,
1473 5304 1514 5362 ut
1536 5315 1617 5364 cum
1637 5291 1823 5363 intervalia
1846 5296 1892 5365 ad
1910 5296 2265 5390 quarantianum

105 5410 112 5431 ι
230 5422 335 5493 qum
351 5394 516 5493 progredi
528 5390 647 5478 vellet.
660 5393 761 5493 daret
774 5384 842 5463 boc
854 5389 1018 5485 publicae
1031 5390 1109 5483 paci
1124 5387 1226 5475 (iem.¹
1269 5387 1355 5466 satis
1371 5393 1558 5467 commoda
1571 5387 1764 5477 baberent,
1788 5396 1941 5471 tolerare
1954 5398 2180 5471 obsidionem
2197 5402 2264 5475 diu
