4732 6030
105 290 180 363 909
269 349 275 359 .

105 463 373 546 bernatoribus,
398 475 514 531 tamen
529 478 563 534 et
579 463 652 553 ipse
667 476 785 534 manet
800 463 839 532 in
860 464 1031 547 statione,
1057 487 1096 530 ac

105 567 274 634 maiorem
301 576 435 654 partem
458 565 743 658 delinquentium
765 567 838 634 suis
862 566 1027 634 manibus
1051 566 1093 632 ad

104 666 275 759 supplicia
297 666 401 755 rapit.
457 664 539 737 Non
563 667 758 758 puniebant
782 668 915 738 iudices
938 663 1094 736 Pharao-

104 793 204 852 nem,
229 764 493 849 Alexandrum,
521 765 758 854 Antiochum,
784 766 1002 854 Antonium,
1027 768 1096 838 Ca-

104 871 271 959 ligulam,
299 868 497 955 Neronem,
524 886 557 941 et
575 873 855 942 innumerabiles
872 873 977 954 alios,
1003 895 1094 962 qaro-

104 997 175 1067 quo
207 973 314 1040 modo
345 973 498 1061 pollutos
530 973 697 1043 omnibus
726 974 957 1064 temporibus.
1017 971 1094 1042 Hos

104 1088 220 1144 tamen
244 1096 367 1141 ornnes
386 1074 504 1142 divina
522 1073 702 1159 Nemesis,
727 1091 765 1145 ut
781 1076 867 1145 olim
891 1078 1093 1151 vocabatur,

104 1176 277 1268 oppressit
295 1176 394 1245 iustis
412 1176 553 1266 poenis,
579 1190 611 1245 et
626 1178 802 1268 opprimet
815 1179 982 1247 omnibus
1000 1191 1094 1247 aeta-

104 1279 210 1348 tibus.
263 1273 312 1347 Et
326 1278 548 1348 verissimum
561 1292 612 1348 est
627 1280 761 1349 dictum
779 1280 884 1348 illud:

206 1431 276 1495 Non
297 1435 388 1510 urbs,
414 1454 478 1494 uon
494 1438 596 1516 regio,
622 1457 684 1497 non
699 1449 778 1498 aetas
793 1441 855 1497 ulls
870 1441 965 1498 severi

204 1534 315 1598 Iudicii
329 1539 495 1618 exemplis,
519 1559 582 1600 uon
600 1539 707 1601 domus
724 1543 786 1602 ulls
802 1533 891 1603 caret.

103 1677 151 1750 Et
169 1681 371 1749 notissimae
386 1694 469 1752 sunt
482 1683 776 1753 comminationes
792 1682 964 1752 divinitus
982 1684 1092 1753 tradi-

105 1796 175 1851 tae:
202 1780 276 1870 Qui
292 1783 447 1870 gladium
462 1787 650 1874 acceperit,
673 1786 791 1875 gladio
807 1785 956 1876 peribit·
989 1790 1092 1871 ltemg

104 1883 321 1955 Scortatores
344 1899 377 1954 et
403 1885 581 1955 adulteros
604 1888 774 1958 iudicabit
788 1886 896 1963 Deus.
937 1883 985 1957 Et
1005 1888 1095 1956 aliae

104 1988 246 2059 multae.
284 1985 392 2074 Hunc
410 1999 522 2058 totum
539 1989 702 2057 ordinem
719 1990 987 2079 gubernationis
1002 1989 1094 2073 vitae

104 2084 280 2157 humanae
296 2088 469 2158 sancitum
486 2089 669 2174 divinitus,
695 2093 918 2162 considerare
934 2091 1095 2183 quotidie

105 2190 294 2273 debemus,
335 2215 375 2261 ac
403 2191 509 2260 simul
546 2182 675 2281 'gratias
705 2218 807 2284 agere
835 2193 1093 2284 sapientissimo

104 2291 293 2372 conditori,
320 2305 353 2362 et
366 2317 445 2361 eum
460 2317 570 2379 orare,
597 2308 636 2364 ut
654 2289 749 2365 hunc
766 2297 928 2365 ordinem
943 2311 1095 2380 tueatur,

104 2416 144 2461 ac
173 2408 309 2463 nostras
339 2407 474 2465 mentes
502 2396 539 2463 in
570 2399 732 2486 regendis
761 2398 921 2469 moribus
944 2398 1093 2468 adiuvet.

103 2492 200 2563 Haec
214 2495 276 2587 qui
292 2496 443 2576 faciunt,
474 2497 671 2587 intelligere
687 2513 888 2594 utcunque,
920 2501 1005 2593 quid
1023 2499 1094 2570 Lex

104 2597 166 2681 sit,
193 2609 371 2684 poterunt.
422 2597 506 2668 Non
521 2601 616 2668 enim
638 2601 740 2672 initia
759 2604 876 2693 legum
894 2615 1010 2671 sunta
1028 2601 1095 2672 So-

106 2698 197 2765 lonis
223 2711 284 2768 ant
304 2696 594 2770 Decemvirorum
617 2703 763 2785 tabulis,
790 2705 864 2773 imo
888 2704 1093 2796 nequidem

105 2800 149 2869 ab
166 2799 239 2868 illis
262 2800 372 2869 saxeis
393 2802 536 2873 tabulis.
588 2802 658 2872 Sed
679 2806 735 2873 lex
752 2820 803 2875 est
818 2821 958 2876 aeterna
973 2821 1007 2876 et
1028 2807 1095 2874 im-

104 2917 199 2972 mota
222 2903 391 2992 sapientia
416 2916 449 2972 et
472 2902 609 2971 iusticia
626 2900 714 2987 Dei,
741 2907 840 2975 cuius
857 2908 947 2974 radii
972 2909 1009 2974 in
1032 2932 1094 2975 na-

104 3016 202 3072 turas
224 3002 461 3090 intelligentes
485 3003 598 3092 sparsi
622 3018 726 3088 sunt,
752 3018 792 3075 ut
806 3020 946 3077 nostrae
962 3015 1094 3077 mentes

10 3191 13 3197 μ
104 3120 139 3175 et
172 3103 286 3173 nostri
319 3125 436 3170 mores
471 3128 550 3171 cum
583 3120 702 3174 mente
727 3107 848 3176 divina
881 3123 1094 3197 congruant:

104 3228 211 3297 quam
235 3212 333 3272 suam
359 3204 567 3293 sapientiam
594 3221 628 3276 st
654 3208 827 3280 iusticiam
843 3207 940 3280 Deus
961 3225 995 3280 et
1012 3235 1095 3279 voce

104 3304 314 3391 declaravit,
347 3306 453 3375 editis
483 3307 681 3378 illustribus
709 3312 920 3382 testimoniis
946 3312 985 3381 in
1008 3315 1094 3382 edn-

104 3409 221 3477 ctione
249 3404 485 3478 lsradlitarum
519 3433 559 3478 ex
583 3406 764 3507 Aegypto,
799 3427 835 3485 et
866 3403 969 3505 saepe
996 3415 1093 3486 alias.

105 3507 277 3598 Quotidie
301 3533 384 3578 vero
406 3533 600 3601 poenarum
634 3515 802 3607 exemplis
830 3540 906 3588 eam
931 3518 1094 3586 declarat.

104 3607 181 3681 Etsi
198 3624 313 3682 autem
328 3634 454 3700 magna
472 3626 524 3681 est
538 3625 685 3683 naturae
704 3609 882 3686 humanae
898 3617 1096 3702 infirmitas,

104 3726 223 3782 tamen
239 3712 496 3806 qualiscunque
508 3737 604 3782 nunc
619 3729 682 3800 est,
701 3713 797 3787 Deus
814 3718 958 3811 reliquit
974 3719 1011 3786 in
1028 3743 1094 3786 no·

103 3814 160 3885 bis
184 3808 292 3885 huius
319 3838 402 3884 suae
433 3816 519 3904 legis
548 3814 784 3903 intellectum,
817 3833 851 3891 et
875 3821 1093 3908 voluntatem

105 3932 237 4002 armat,
265 3929 305 3988 ut
323 3939 442 4006 regere
460 3929 599 3987 externa
618 3921 793 4002 membra,
826 3944 887 3991 seu
902 3938 941 3992 ut
958 3936 1096 4005 vocant,

105 4030 241 4088 motum
258 4018 500 4090 voluntarium
515 4020 637 4110 possit:
664 4035 698 4091 et
713 4023 856 4114 quidem
873 4025 951 4093 vult
968 4027 1093 4094 adsue-

105 4117 180 4186 fieri
198 4114 372 4206 homines,
391 4134 431 4192 ut
447 4122 584 4192 discant
598 4122 722 4212 legem,
749 4138 784 4195 et
798 4125 941 4196 videant
957 4150 998 4195 ex
1015 4126 1096 4217 qui-

107 4221 173 4290 bus
194 4219 352 4317 fontibus
367 4248 457 4316 quae
474 4225 790 4296 demonstrationes
814 4241 991 4321 extructae
1012 4229 1096 4311 sint,

108 4335 142 4392 et
174 4323 294 4390 srenos
325 4323 487 4396 iniiciant
518 4327 720 4398 errantibus
752 4329 1022 4420 cupiditatibus,
1056 4355 1096 4400 ac

106 4447 233 4514 magna
267 4447 350 4493 cura
380 4440 501 4516 regant
532 4442 675 4499 externa
698 4432 874 4517 membra,
902 4456 948 4500 ne
973 4447 1096 4503 contra

831 287 990 366 DECL.
1024 285 1100 361 DE
1140 282 1408 360 LEGIBUS.

2064 285 2172 358 910¹·

1145 474 1185 529 nt
1201 457 1299 528 Deus
1315 458 1427 528 iustus
1444 470 1478 529 et
1493 457 1621 526 vindex
1646 456 1815 526 scelerum
1839 453 2037 542 coherceat,
2062 472 2138 528 toto

1146 586 1226 631 eum
1246 574 1386 651 pectore
1403 585 1478 628 oro.
1532 556 1585 626 Ac
1603 559 1689 628 tales
1707 560 1902 629 orationem
1921 565 1963 629 de
1980 561 2140 631 bonitate

1146 665 1282 752 legum,
1316 677 1349 731 et
1376 662 1514 730 ordinis
1543 662 1656 730 divini
1686 662 1722 729 in
1753 662 2009 750 gubernatione
2035 664 2138 747 virae,
2206 745 2208 748 y

1146 761 1261 834 nihilo
1293 765 1403 854 magis
1435 765 1742 856 audiunt,‚quam
1772 757 2014 856 Polyphemus
2043 768 2137 855 apud

1145 866 1342 937 Homerum
1366 868 1467 936 audit
1488 865 1648 959 Ulyssem
1672 868 1717 934 de
1738 866 1870 935 iudicio
1894 864 1959 936 Dei
1985 864 2138 959 loquen-

1146 984 1233 1055 tem,
1259 969 1316 1039 cui
1333 970 1522 1060 respondet
1543 964 1597 1036 his
1613 969 1747 1038 verbis:

1221 1126 1312 1190 Nulla
1327 1124 1409 1189 loris
1425 1122 1595 1210 Cyclopum
1609 1129 1725 1187 anirnos
1740 1130 1904 1188 reverentia
1917 1129 2024 1207 tangit.

1146 1276 1307 1348 Sciamus
1328 1289 1442 1344 atatem
1466 1271 1552 1342 tales
1571 1296 1645 1341 non
1660 1286 1799 1343 tantum
1818 1287 1965 1341 naturae
1984 1271 2137 1339 infirmi-

1146 1393 1216 1448 tate
1240 1401 1404 1468 peccare,
1436 1376 1496 1443 sed
1523 1370 1618 1444 haud
1645 1374 1753 1443 dubie
1775 1401 1793 1442 a
1817 1375 1969 1444 diabolis
1999 1374 2137 1462 agitari.

1146 1480 1267 1569 Quare
1283 1478 1343 1546 alii
1363 1476 1608 1557 modestiores,
1631 1478 1691 1569 qni
1708 1477 1915 1567 disciplinae
1937 1478 2056 1545 frenos
2071 1499 2136 1566 pa-

1146 1585 1300 1663 tiuntur,
1342 1579 1634 1649 consuetudinem
1661 1603 1783 1648 eomm
1812 1579 1972 1668 lugiunt,
2007 1579 2136 1670 eosque

1145 1687 1243 1754 velut
1267 1697 1379 1773 pestes
1401 1695 1435 1751 et
1456 1673 1681 1776 ἀλάστορας,
1716 1682 1898 1752 civitatum
1922 1694 1954 1749 et
1975 1681 2135 1767 gentium

1147 1789 1267 1856 vitent.
1329 1783 1395 1852 His
1421 1806 1505 1852 vero
1533 1784 1825 1863 modestioribus,
1860 1784 1922 1875 qui
1947 1780 2136 1872 disciplina

1145 1901 1334 1976 reguntur,
1360 1887 1421 1978 qui
1444 1897 1478 1953 et
1495 1885 1568 1953 esse
1588 1885 1702 1955 Deum
1719 1886 1933 1976 sapientem,
1953 1885 2087 1953 iustum
2101 1898 2136 1953 et

1145 1991 1320 2059 vindicem
1338 2001 1508 2070 statuunt,
1525 2000 1558 2055 et
1574 1988 1648 2055 eius
1660 1987 1748 2055 iram
1767 2001 1800 2057 et
1816 1982 1946 2078 poenas
1960 1993 2136 2070 metuunt,

1145 2093 1217 2161 scio
1234 2116 1308 2160 non
1327 2091 1501 2202 ingratam
1525 2111 1598 2157 esse
1615 2091 1810 2159 orationem
1833 2091 1877 2158 de
1891 2088 2009 2177 legum
2030 2086 2137 2156 boni-

1145 2209 1226 2264 tate.
1287 2192 1381 2278 Hos,
1414 2217 1492 2260 cum
1516 2190 1639 2260 norint
1659 2215 1717 2260 eas
1739 2189 1806 2261 Dei
1832 2214 1953 2261 vocem
1975 2211 2068 2274 esse,
2101 2200 2137 2257 et

1145 2322 1224 2366 cum
1248 2297 1392 2366 videant
1409 2289 1506 2363 hunc
1529 2293 1691 2361 ordinem
1721 2294 1924 2384 politicum,
1956 2289 2025 2361 Dei
2046 2313 2136 2383 opus

1145 2424 1235 2484 esse,
1261 2413 1295 2468 et
1313 2420 1445 2466 munus
1471 2396 1564 2464 vitae
1587 2408 1727 2464 nostrae
1753 2394 2000 2478 utilissimum,
2034 2395 2136 2462 obte-

1145 2515 1219 2571 stor
1236 2513 1380 2590 propter
1394 2495 1528 2574 Deum,
1554 2509 1593 2565 ut
1610 2519 1713 2585 saepe
1731 2497 1953 2588 multumque
1972 2496 2137 2584 cogitent,

1145 2603 1206 2696 qni
1223 2604 1293 2671 sint
1306 2602 1423 2689 legum
1440 2600 1571 2680 fontes,
1594 2597 1731 2690 etquid
1748 2599 1793 2666 sit
1817 2611 1911 2667 totus
1930 2598 2019 2665 ordo
2044 2594 2141 2686 poli-³

1145 2708 1250 2774 tiens:
1285 2717 1318 2773 et
1341 2698 1406 2771 hac
1435 2700 1647 2789 cogitatione
1667 2722 1740 2768 sese
1765 2699 1957 2768 exrrscitent
1982 2692 2136 2766 adhaec

1145 2808 1265 2876 divina
1288 2806 1381 2874 bona
1412 2802 1629 2885 veneranda,
1665 2803 1766 2871 etad
1795 2800 2035 2870 obedientiam
2058 2798 2135 2870 Deo

1145 2911 1318 2989 debitam,
1341 2931 1380 2975 ac
1403 2904 1619 2996 disciplinae·
1633 2927 1801 2972 amorem.
1855 2902 1935 2974 Scio
1955 2901 2059 2977 aliter
2076 2924 2136 2971 ac-

1145 3013 1214 3102 cipi
1229 3011 1425 3079 oratiouem
1440 3008 1484 3074 de
1498 3004 1684 3095 disciplina
1699 3028 1718 3074 a
1732 3004 1947 3085 iunioribus,
1964 3017 1998 3075 et
2014 3025 2033 3072 a
2047 3015 2136 3072 natu
2249 3000 2252 3005 ’

1144 3112 1405 3202 grandioribus,
1432 3108 1494 3200 qui
1508 3107 1578 3175 iam
1595 3130 1667 3175 non
1684 3108 1799 3176 solum
1820 3118 1949 3190 aetate,
1974 3104 2137 3176 doctrina

1144 3228 1179 3284 et
1201 3236 1268 3282 usu
1284 3210 1475 3281 adsuefacti
1497 3222 1599 3291 sunt,
1625 3223 1663 3276 ut
1688 3211 1833 3299 propius
1852 3208 2024 3298 aspiciant
2043 3201 2136 3275 hanc

1144 3316 1210 3386 Dei
1234 3313 1463 3405 sapientiam,
1495 3323 1529 3380 et
1553 3309 1691 3378 ordinis
1718 3303 2042 3402 pulchritudinem,
2075 3308 2137 3377 sed

1144 3418 1249 3488 etiam
1271 3412 1531 3485 calamitatibus
1554 3424 1588 3482 et
1604 3411 1728 3502 poenis
1746 3412 1875 3481 eruditi
1896 3423 1997 3494 sunt,
2023 3423 2063 3478 ut
2079 3411 2136 3477 iu-

1144 3520 1275 3590 dicium
1292 3532 1326 3589 et
1342 3517 1431 3585 iram
1448 3514 1520 3584 Dei
1535 3513 1644 3601 magis
1658 3524 1829 3581 metuant.
1881 3509 1973 3581 Cum
1988 3510 2084 3579 enim
2097 3533 2136 3579 re

1145 3624 1220 3712 ipsa
1243 3618 1445 3710 experimur
1465 3626 1613 3683 eventus
1635 3627 1731 3683 certo
1753 3614 1966 3705 respondere
1988 3610 2136 3682 commi-

1144 3718 1351 3789 nationibus
1370 3716 1520 3800 diviuis,
1544 3714 1681 3784 firmior
1702 3715 1741 3785 fit
1762 3714 1943 3800 adsensio,
1970 3711 2135 3783 lctussa-

1144 3822 1195 3914 pit
1204 3849 1216 3905 3
1253 3833 1293 3890 ut
1313 3819 1385 3888 dici
1411 3817 1518 3898 solet,
1551 3816 1598 3888 ita
1626 3839 1692 3885 uos
1716 3840 1839 3885 omnes
1867 3813 2136 3885 commonefacti

1146 3922 1285 4015 poeuis,
1311 3922 1355 3989 ad
1372 3918 1578 3988 modestiam
1596 3941 1813 3989 revocamur.
1852 3914 1933 3987 Etsi
1953 3916 2062 4006 igitur
2078 3917 2135 3985 iu-

1145 4037 1271 4093 ventus
1294 4021 1445 4090 ferocior
1468 4031 1538 4103 est,
1564 4032 1682 4088 tamen
1707 4019 1786 4089 ideo
1802 4015 1888 4089 haec
1911 4020 1984 4110 ipsa
2006 4019 2136 4108 guber-

1144 4126 1242 4195 natio
1265 4123 1408 4216 politica
1429 4121 1589 4192 instituta
1610 4133 1679 4202 est,
1704 4135 1745 4193 ut
1759 4122 1941 4205 doctrina,
1966 4121 2137 4212 imperiis,

1145 4250 1284 4300 carcere
1302 4225 1441 4296 erudiat
1463 4225 1703 4309 iuventutem,
1735 4237 1771 4294 et
1796 4225 1985 4295 cicuratam
2007 4247 2047 4292 ac
2068 4224 2136 4292 do·

1145 4332 1268 4402 mitam
1290 4330 1407 4399 flectat
1437 4329 1481 4397 ad
1514 4326 1730 4416 agnitionem
1752 4322 1837 4408 Dei,
1869 4342 1909 4397 ut
1931 4324 2136 4414 gravissime

1145 4431 1278 4502 Paulus
1294 4428 1507 4524 inquit,Lex
1524 4441 1574 4499 est
1591 4430 1824 4521 paedagogus,
1846 4443 1880 4499 et
1896 4428 2040 4499 additur
2058 4428 2136 4497 laus

107 4526 218 4615 legem
235 4521 304 4596 Dei
326 4524 468 4597 faciant.
506 4525 603 4599 Haec
622 4556 702 4601 cum
726 4531 798 4605 sint
817 4533 1017 4618 notissima,
1041 4549 1095 4607 ta»
1145 4534 1372 4626 amplissima,
1393 4532 1607 4625 cuminquit
1623 4554 1696 4601 esse
1713 4534 1965 4623 paedagogum,
1982 4524 2136 4600 utChri·

106 4651 188 4696 men
215 4627 320 4698 multi
341 4652 416 4697 non
441 4628 556 4699 solum
576 4631 780 4704 infirmitate
801 4637 858 4705 vel
883 4638 1095 4727 negligentia
1146 4653 1237 4708 stum
1261 4656 1509 4728 agnoscamus,
1535 4634 1570 4701 id
1594 4647 1663 4713 est,
1691 4635 1851 4704 docendo
1874 4648 1908 4703 et
1933 4632 2135 4719 castigando

106 4744 268 4824 peccant,
301 4733 363 4800 sed
385 4725 562 4801 horribili
592 4732 712 4805 furore
732 4751 976 4815 contemnunt
1005 4740 1096 4830 ipsas
1147 4742 1295 4809 rudibus
1313 4737 1462 4806 instillat
1478 4734 1579 4804 initia
1596 4735 1789 4826 sapientiae
1804 4734 1974 4817 coelestis,
1997 4748 2032 4801 et
2050 4757 2136 4823 pau-

105 4835 218 4924 leges,
249 4833 346 4903 velut
369 4830 541 4913 iniustum
564 4857 748 4905 carcerem.
767 4857 808 4910 ut
824 4838 977 4931 Gorgias
1000 4845 1095 4932 apud
1145 4843 1247 4913 latim
1274 4834 1438 4929 provehit
1471 4837 1662 4918 discentes,
1702 4850 1734 4906 ‘¹
1766 4835 1955 4926 ⁶⁰¹⁰90⁸⁰ll
1979 4848 2137 4905 ‘mmm

105 4932 291 5005 Platonem
308 4935 474 5026 disputat,
490 4933 620 5026 Legem
636 4949 827 5030 tyrannum
844 4967 928 5026 esse,
943 4958 977 5014 et
993 4945 1096 5012 dein·
1146 4945 1317 5034 impetus,
1349 4953 1390 5012 ut
1410 4953 1545 5009 mentes
1565 4939 1753 5008 admittant
1775 4936 1973 5007 doctrinam
1996 4937 2041 5007 de
2059 4937 2136 5008 lilio

106 5038 149 5106 de
172 5036 323 5106 effrenes
351 5051 462 5107 ruunt
483 5038 523 5107 in
546 5037 667 5106 omnia
689 5040 829 5114 scelera.
887 5044 992 5115 Tales
1014 5061 1096 5117 sunt
1145 5043 1225 5117 Dei.
1275 5042 1346 5113 Nec
1362 5042 1558 5112 existimate
1577 5064 1635 5109 eos
1650 5039 1713 5132 qui
1728 5041 1847 5112 laxant
1862 5041 1980 5110 frenos
1997 5040 2138 5130 cupidi-

105 5137 228 5223 multi,
253 5163 327 5208 non
349 5152 486 5210 tantum
509 5139 614 5233 pauci
630 5137 801 5234 Cyclopes
824 5168 864 5214 ac
885 5144 1096 5243 Laestrygo-
1146 5148 1295 5227 tatibus,
1319 5169 1386 5215 nec
1410 5145 1579 5215 desinunt
1603 5166 1706 5212 ruere
1727 5157 1848 5213 contra
1871 5142 2136 5224 conscientiam,

104 5266 168 5312 nes
191 5244 286 5332 apud
307 5239 527 5327 Homerum,
551 5243 612 5313 sed
633 5239 801 5314 omnibus
820 5250 1040 5337 temporibus
1058 5251 1096 5320 in
1145 5247 1221 5319 Deo
1241 5247 1389 5340 placere.
1439 5245 1627 5317 Manifesta
1649 5258 1732 5315 sunt
1756 5246 1850 5313 enim
1876 5241 1961 5315 haec
1978 5242 2137 5312 oracula:

106 5365 232 5431 genere
247 5341 403 5414 humano
418 5344 542 5434 ingens
558 5345 750 5417 multitudo
767 5361 817 5417 est
832 5348 956 5418 talium
973 5353 1096 5422 furen-
1145 5351 1265 5422 Nolite
1285 5373 1422 5430 errare,
1455 5344 1551 5417 Deus
1575 5371 1649 5417 non
1675 5348 1855 5421 irridetur.
1907 5345 2138 5435 scortatores,

104 5457 159 5514 ter
181 5449 485 5519 contemnentium
507 5448 711 5519 universam
732 5449 977 5543 disciplinam:
1008 5479 1097 5549 quos
1145 5452 1317 5535 adulteri,
1341 5449 1539 5522 homicidae
1553 5474 1628 5521 uon
1651 5450 1882 5542 possidebunt
1896 5468 2044 5535 regnum
2060 5440 2141 5520 Dei.
