4732 6030
221 216 303 294 tis

224 387 374 482 nequid
391 395 520 454 sereret
533 378 764 450 certaminum
787 375 825 444 iii
843 369 981 462 schola,
1007 401 1108 469 saepe
1125 378 1215 449 reci.

227 512 324 576 tans,
358 485 490 579 hospiti
515 484 624 551 multa
648 479 901 553 dissimulanda
927 501 1020 566 esse,
1045 494 1084 551 ut
1101 477 1215 550 Grae-

227 619 291 671 cus
307 613 427 662 versus
442 584 571 676 inquit:

355 687 438 762 ’ξένον
458 682 492 744 δὲ
511 683 597 764 σιγᾶν
619 687 757 760 κρεῖττον
778 676 798 760 ἢ
817 676 1003 762 κεκραγέναι.

229 793 488 869 consulebatur
504 810 605 876 saepe
623 787 667 853 ab
685 784 939 855 eruditioribus
954 797 988 852 et
1003 783 1041 851 in
1049 776 1214 851 Philoso-

227 893 311 991 phia
327 893 412 962 etin
428 889 507 958 aliis
531 888 676 957 artibus.
727 886 845 958 Multa
870 909 910 954 eii
928 881 1119 954 Aristotele
1135 906 1214 951 ver-

228 997 325 1070 tebat
341 1007 376 1062 et
389 991 685 1082 interpretabatur
707 989 750 1057 iis
769 990 831 1081 qui
848 989 922 1056 eius
941 985 1131 1055 sententias
1146 984 1214 1054 sci-

228 1100 457 1172 scitabantur.
509 1090 622 1160 Nemo
649 1103 734 1159 tunc
751 1091 890 1158 viderat
912 1089 1023 1158 libros
1040 1084 1215 1157 Aristote-

227 1203 272 1271 lis
287 1202 331 1268 de
348 1196 572 1266 animalibus.
624 1189 746 1283 ltaque
762 1203 961 1281 pergratum
981 1203 1055 1258 erat
1071 1190 1144 1256 eius
1160 1189 1215 1256 of-

228 1304 344 1372 ficium
369 1295 587 1367 doctioribus
598 1348 611 1378 ,.
641 1294 835 1385 siquando
863 1290 1016 1382 aliquem
1041 1290 1213 1378 insignem

227 1406 345 1474 locum
367 1402 451 1468 inde
474 1396 694 1489 proferebat,
726 1406 867 1462 utrum
890 1394 932 1460 de
954 1390 1213 1460 immortalitate

226 1501 404 1576 humanae
418 1501 556 1570 animae
572 1497 827 1586 disputaretur,
849 1494 934 1587 quid
951 1494 1111 1562 sensisset
1128 1488 1214 1560 Ari·

228 1606 385 1688 stoteles,
417 1625 541 1689 magna
566 1623 644 1668 cuin
668 1596 902 1666 admiratione
926 1609 1065 1684 excepta
1080 1606 1131 1663 est
1151 1595 1214 1663 illa

227 1707 418 1788 sententia,
444 1703 579 1795 prolata
602 1723 645 1767 eit
664 1693 757 1767 libro
782 1699 825 1765 de
841 1696 1065 1786 generatione
1078 1695 1214 1764 anima-

226 1810 334 1881 lium:
366 1827 465 1874 mens
485 1802 698 1872 extrinsecus
721 1800 871 1884 accedit,
903 1822 975 1865 non
1000 1797 1156 1865 nascitur
1172 1820 1214 1865 ex

226 1908 374 1981 materia
397 1929 594 1997 corporum.
657 1900 840 1971 Interdum
870 1899 1005 1991 aliquid
1035 1921 1076 1966 ex
1102 1893 1213 1968 Arato

229 2016 273 2082 de
298 2012 461 2105 syderum
484 2006 620 2098 positu,
646 2017 728 2074 ortu
750 2014 785 2071 et
807 2024 931 2071 occasu
956 1999 1123 2070 studiosis
1144 2000 1215 2068 im-

306 2113 410 2183 iebat.

226 2128 304 2206 pm
328 2213 400 2284 Nec
424 2212 544 2279 deerat
568 2206 644 2275 eius
669 2203 823 2273 officium
849 2201 1105 2293 professoribus
1127 2200 1214 2268 alia-

225 2338 305 2389 rum
323 2312 617 2404 disciplinarum.
680 2304 789 2375 Forte
817 2304 991 2374 inciderat
1021 2302 1211 2393 disputatio

224 2421 318 2490 inter
347 2411 548 2500 Theologos
577 2421 610 2478 et
632 2405 904 2477 Iurisconsultos
933 2406 975 2473 de
1003 2399 1070 2474 hoc
1100 2404 1211 2473 dicto:

224 2518 371 2589 Frustra
387 2525 501 2584 servat
515 2507 768 2598 Evangelium,
802 2507 864 2599 qui
884 2530 957 2575 nori
975 2517 1088 2575 servat
1103 2528 1211 2574 cano-

223 2644 286 2690 nes
301 2617 539 2712 Syuodorum.
599 2608 679 2679 Hoc
694 2633 773 2678 cuin
791 2609 853 2676 alii
874 2609 918 2675 ad
935 2605 1210 2675 confirmandam

223 2719 508 2814 superstitionem
540 2714 579 2780 iu
609 2708 817 2781 ceremoniis
848 2711 1116 2802 detorquerent,
1149 2708 1211 2776 alii

223 2819 266 2896 τὸ
282 2816 393 2916 ῥητὸν
412 2840 485 2888 esse
502 2814 626 2884 durius
644 2825 891 2906 quererentur,
925 2824 959 2879 et
975 2809 1210 2899 mitigandum

223 2923 342 3017 aliqua
355 2917 644 3011 interpretatione
654 2915 831 2998 dicerent,
853 2907 1209 3005 Rodolphusiuquit:

223 3024 268 3097 In
283 3025 488 3095 universum
503 3019 542 3087 in
552 3017 643 3087 luris
659 3014 948 3107 interpretatione
965 3015 1115 3082 multum
1126 3036 1210 3103 pro-

224 3131 322 3197 desse
338 3124 575 3212 cognitionem
595 3114 824 3188 historiarum
849 3130 884 3185 et
906 3115 1144 3207 antiquitatis:
1170 3138 1210 3184 ac

223 3224 426 3320 praesertim
442 3219 619 3291 Ecclesiae
633 3214 797 3288 historias
818 3231 852 3287 et
866 3230 999 3286 veteres
1013 3216 1210 3286 contentio-

223 3351 286 3398 nes
309 3326 436 3395 debere
458 3334 561 3390 notas
586 3341 658 3386 esse
679 3319 864 3402 omnibus,
898 3341 938 3386 eir
959 3317 1087 3410 quibus
1108 3341 1209 3408 saepe

221 3430 295 3523 peti
311 3428 423 3519 possit
437 3420 678 3511 interpretatio
695 3431 849 3488 veterum
867 3419 1053 3490 dictorum.
1092 3418 1210 3512 Syno-

222 3533 260 3603 di
274 3545 429 3619 veteres,
453 3523 588 3618 inquit,
614 3522 786 3590 vocabant
806 3517 970 3590 Canones
991 3533 1128 3589 tantum
1151 3543 1210 3588 ar-

221 3633 350 3704 ticulos
363 3628 542 3699 doctrinae
557 3624 768 3694 diiudicatus
784 3625 823 3689 in
839 3621 1011 3714 Synodis,
1039 3644 1114 3689 non
1136 3633 1209 3690 tra-

221 3735 374 3805 ditiones
399 3734 442 3800 de
466 3725 691 3798 ceremoniis:
722 3747 786 3792 uec
814 3723 963 3792 dubium
994 3744 1085 3802 esse,
1119 3723 1208 3816 quin

219 3831 307 3908 haec
337 3834 492 3926 primuni
526 3829 634 3898 fuerit
666 3826 839 3909 sententia
874 3819 979 3893 huius
1007 3824 1111 3905 dicti,
1147 3826 1207 3894 sed

220 3951 340 4030 postea
357 3957 473 4004 errore
486 3934 714 4021 depravatum
731 3950 816 4000 esse.
856 3924 989 3995 Verum
1001 3940 1069 4010 est,
1087 3923 1207 3995 Evan-

220 4040 349 4130 gelium
365 4061 439 4105 non
455 4033 585 4101 servari
600 4032 644 4099 ab
661 4031 721 4113 iis,
748 4031 810 4122 qui
825 4041 1058 4118 aspernantur
1069 4030 1207 4098 decreta

97 4127 99 4130 ‚
219 4155 342 4212 contra
366 4137 655 4212 samosatenum,
687 4142 748 4197 aut
772 4127 936 4205 Arrium,
962 4142 1023 4196 aut
1040 4128 1207 4199 Macedo-

218 4244 320 4311 nium
349 4241 456 4306 facta:
498 4256 580 4300 nam
615 4229 868 4298 vetustissimae
901 4227 1038 4320 Synodi
1064 4246 1207 4319 propter

218 4336 475 4413 controversias
500 4336 701 4420 dogmatum
733 4329 1034 4411 convocabantur,
1068 4353 1141 4397 nou
1162 4333 1206 4400 de

219 4439 430 4514 ceremoniis
444 4431 676 4503 cumulandis.
729 4428 846 4515 Quam
863 4428 1009 4516 indigna
1025 4454 1091 4497 vox
1106 4445 1206 4515 esset,

219 4546 354 4627 dicere,
385 4534 519 4609 Christi
545 4535 648 4619 iidem
677 4530 843 4600 inutilem
875 4541 908 4597 et
936 4529 1078 4597 inanem
1111 4554 1205 4617 esse,

218 4649 295 4718 sirie
316 4640 558 4715 observatione
586 4633 745 4705 omnium
778 4631 912 4701 rituum
943 4624 1205 4702 humanorum?

215 4749 348 4820 Lucem
372 4760 407 4817 et
425 4745 533 4813 vitam
556 4750 736 4806 aeternam
756 4735 795 4803 in
809 4733 987 4804 mentibus
1003 4728 1204 4804 inchoatam

217 4849 394 4939 extingui,
427 4846 458 4916 si
479 4843 598 4936 aliqua
620 4837 767 4907 ridicula
791 4836 988 4905 ceremonia
1010 4837 1205 4926 negligere-

215 4952 297 5023 tur?
348 4945 529 5029 Addebat,
556 4944 641 5012 tales
654 4942 743 5011 ritus
764 4962 865 5030 saepe
881 4939 957 5006 sine
973 4934 1204 5028 ullo'peccato

215 5052 333 5127 omitti
354 5045 466 5141 posse.
513 5043 589 5114 Hac
610 5057 683 5112 tani
704 5044 824 5111 dextra
846 5039 1133 5129 interpretatione
1150 5041 1204 5109 la-

214 5157 280 5229 cile
297 5149 463 5224 satisfecit
477 5146 654 5216 omnibus.
706 5143 817 5234 Saepe
841 5154 877 5209 et
897 5141 936 5208 iu
954 5138 1035 5210 Iure
1050 5141 1147 5210 civili
1164 5166 1203 5210 ea

212 5282 303 5353 quae
327 5257 372 5326 ab
395 5248 555 5320 historiis
578 5245 728 5336 petenda
753 5257 854 5322 sunt,
882 5242 1076 5332 explicabat
1094 5243 1205 5313 iuter-

213 5359 441 5451 rogantibus,
473 5363 513 5422 ut
528 5348 647 5418 locum
668 5346 710 5414 de
734 5345 851 5418 usuris
870 5343 1087 5416 centesimis:
1115 5342 1204 5416 Item

631 199 791 279 nucu
837 201 910 278 DE
948 199 1094 280 VITA
1125 195 1437 278 notionem
1472 194 1836 284 AGRICOL'AE.

2105 308 2109 313 ,
2175 227 2256 308 444

1267 373 1353 469 quid
1376 374 1422 443 sit
1446 365 1560 469 ἐρήμη
1579 369 1682 472 δίκη,
1707 380 1861 474 denique
1883 382 1947 476 qui
1961 385 2112 464 fuissent
2127 402 2258 486 gradus

1266 489 1423 546 veterum
1444 474 1691 550 Romanorum
1710 481 1935 556 iudiciorum.
1992 488 2035 560 Iii
2058 492 2258 594 Theologia

1266 577 1353 669 quid
1378 576 1644 665 desideraverit,
1676 586 1821 654 memini
1846 582 1917 657 huc
1939 593 2092 667 scribere
2115 599 2259 698 losqui-

1265 702 1353 747 uum
1384 677 1668 771 Groningensern
1702 707 1838 773 senem,
1869 690 1997 780 pietate
2028 711 2062 769 et
2083 708 2258 791 gravitate
2342 704 2344 709 ⁸

1267 780 1514 866 excellentem,
1545 807 1582 853 se
1605 785 1862 859 adolescentem
1892 792 2093 870 interfuisse
2121 830 2257 882 sermo-

1266 880 1372 950 nibus
1385 877 1569 974 Rodolphi
1584 899 1617 955 et
1631 884 1809 969 Wesseli,
1836 892 2020 986 inquibus
2035 903 2258 994 deplorarint

1265 978 1441 1053 Ecclesiae
1464 986 1643 1073 tenebras,
1675 1002 1710 1058 et
1736 989 2030 1080 reprehenderint
2052 1006 2259 1099 prophana.

1266 1084 1398 1154 tionem
1414 1086 1452 1153 in
1467 1084 1608 1166 Missis,
1634 1101 1668 1158 et
1688 1092 1917 1165 coelibatum:
1947 1097 2037 1171 Item
2053 1107 2257 1201 disputave-

1266 1186 1339 1303 rint
1362 1186 1406 1254 de
1427 1187 1564 1256 iusticia
1589 1189 1687 1276 lidei,
1713 1194 1801 1284 quid
1823 1197 1868 1266 sit
1884 1203 1981 1291 quod
2003 1202 2137 1281 Paulus
2153 1219 2254 1289 toties

1266 1286 1420 1403 inculcat
1439 1282 1603 1359 homines
1627 1291 1695 1361 fide
1717 1295 1829 1365 iustos
1854 1321 1948 1386 esse,
1978 1328 2053 1375 non
2075 1317 2253 1402 operibus,

1266 1385 1451 1458 Scribebat
1477 1387 1683 1506 losquinus,
1714 1394 1832 1485 a'perte
1854 1401 2015 1475 reiecisse
2039 1433 2098 1482 eos
2124 1413 2256 1491 Mona-

1267 1483 1416 1606 chorum
1431 1492 1656 1581 opinionem,
1682 1520 1771 1589 quae
1792 1501 1891 1590 fingit
1907 1498 2070 1581 homines
2086 1522 2255 1606 operibus

1267 1602 1376 1706 iustos
1393 1612 1482 1660 esse:
1510 1590 1597 1662 ltem
1612 1598 1758 1668 sensisse
1773 1624 1833 1670 eos
1848 1605 1892 1672 de
1906 1600 2073 1680 humanis
2089 1622 2253 1694 traditio-

1265 1694 1389 1776 nibus,
1415 1716 1531 1761 errare
1554 1718 1629 1780 eos,
1664 1699 1727 1792 qui
1751 1703 2018 1792 affinguntssillis
2043 1718 2249 1806 opinionem

1266 1793 1400 1877 cultus,
1425 1808 1459 1863 et
1479 1818 1552 1863 non
1578 1821 1679 1888 posse
1695 1802 1821 1873 violari
1845 1807 2012 1884 iudicant.
2064 1815 2164 1889 Nihil
2179 1825 2248 1894 fin-

1265 1917 1327 1985 go,
1355 1917 1436 1963 nam
1455 1890 1541 1965 haec
1559 1899 1633 1968 fere
1654 1903 1858 1975 adverbum
1875 1903 1945 1978 huc
1959 1915 2096 2008 scripsit
2110 1919 2249 2016 losqui-

1264 2018 1342 2065 nus.
1392 1992 1447 2064 Ac
1459 1998 1542 2068 satis
1557 2002 1725 2072 credibile
1741 2020 1808 2090 est,
1834 2031 1915 2077 eum
1929 2013 2115 2107 diligenter
2128 2026 2252 2118 dispu-

1265 2110 1354 2212 tasse
1368 2096 1412 2166 de
1427 2099 1587 2169 doctrina
1603 2099 1825 2189 Christiana,
1846 2117 2053 2201 praesertim
2068 2146 2146 2191 ciim
2164 2144 2252 2201 esset

1263 2198 1447 2267 familiaris
1456 2197 1645 2285 Wesselo,
1665 2207 1765 2278 cuius
1776 2211 1846 2280 fuit
1860 2235 2038 2287 summum
2054 2222 2251 2313 ingenium:

1263 2301 1307 2416 ³‘i
1338 2301 1432 2417 quod
1466 2305 1720 2395 amplissimam
1750 2313 1986 2390 eruditionem
2022 2321 2060 2390 iu
2084 2331 2252 2403 omnibus

1264 2401 1463 2492 disciplinis
1485 2406 1667 2494 adiunxit,
1699 2423 1735 2481 et
1758 2410 1913 2486 Graecae
1936 2431 1971 2487 et
1992 2416 2163 2496 Ebraicae
2178 2432 2251 2500 liii-

1263 2525 1352 2592 guae
1380 2504 1627 2620 cognitionem.
1686 2508 1744 2581 Ad
1769 2506 1855 2585 haec
1886 2521 2091 2593 exercitatus
2117 2530 2186 2601 tuii
2210 2535 2250 2604 in

1263 2607 1515 2675 certaminibus
1535 2610 1729 2699 religionis.
1792 2614 1931 2687 Lutetia
1959 2624 2082 2710 pulsus
2105 2649 2251 2724 propter

1263 2718 1394 2774 taxatas
1428 2712 1714 2800 superstitiones,
1748 2718 1845 2788 venit
1877 2717 2068 2794 Basileam:
2103 2732 2155 2800 ibi
2181 2760 2248 2825 pro

1264 2804 1432 2878 Wesselo
1453 2811 1618 2882 dixerunt
1641 2812 1812 2887 Basiliam
1842 2816 2086 2914 Grouingum3
2122 2856 2248 2905 narra.

1262 2910 1392 3001 batque
1424 2907 1588 3001 Capnion
1619 2939 1700 2985 eum
1733 2914 1986 3010 Theologiam,
2025 2925 2177 3004 Graecas
2212 2955 2248 3009 et

1262 3006 1430 3128 libraicas
1447 3013 1566 3082 literas
1590 3019 1713 3086 eodem
1730 3034 1887 3111 tempore
1903 3026 2089 3098 tradidisse
2111 3040 2246 3109 studio-

1262 3135 1326 3197 sis,
1354 3112 1385 3181 si
1409 3115 1575 3205 quicum
1600 3121 1723 3189 audire
1748 3125 1940 3213 cupierant.
1999 3106 2085 3199 lude
2107 3157 2185 3206 cuni
2209 3142 2248 3210 iri

1260 3211 1443 3302 Belgicum
1463 3218 1641 3304 rediisset,
1672 3244 1774 3311 saepe
1795 3225 1883 3292 adiit
1901 3249 2018 3296 senem
2037 3230 2251 3331 Roslolphus

1261 3328 1347 3385 natu
1364 3317 1500 3401 minor,
1525 3322 1586 3387 sed
1608 3321 1646 3388 iu
1668 3322 1778 3390 literis
1801 3323 1937 3393 Latinis
1954 3342 1988 3398 et
2006 3328 2155 3408 Graecis
2172 3366 2253 3414 eru.

1261 3417 1386 3501 ditior,
1420 3431 1454 3487 et
1476 3420 1628 3508 flagrans
1659 3424 1776 3492 studio
1800 3421 2023 3500 Christianae
2058 3436 2251 3518 doctrinae.

1263 3516 1372 3611 idque
1387 3517 1462 3609 ipse
1476 3543 1579 3612 saepe
1593 3524 1635 3590 dc
1650 3547 1686 3591 se
1695 3527 1889 3616 praedicat,
1914 3551 1950 3597 se
1964 3537 2061 3623 quod
2072 3542 2249 3635 reliquum

1261 3633 1348 3689 esset
1373 3622 1515 3706 aetatis,
1548 3624 1802 3696 collocaturum
1827 3650 1900 3698 esse
1923 3630 2090 3706 iusseras
2110 3643 2248 3717 literas:

1260 3721 1322 3813 qui
1337 3721 1367 3789 si
1381 3723 1539 3807 vixisset,
1570 3721 1663 3795 haud
1692 3730 1800 3798 dubie
1829 3733 2001 3819 egregiam
2019 3763 2159 3830 operam
2173 3743 2246 3816 Ec.

1260 3822 1383 3892 clesiae
1400 3838 1572 3896 navasset.
1627 3827 1839 3922 Quanquam
1858 3845 1892 3901 et
1914 3835 1973 3903 illa
1990 3842 2103 3911 studia
2121 3841 2247 3916 Eccle-

1260 3925 1330 3992 siae
1348 3928 1574 4014 proiuerunt,
1607 3933 1701 4021 quod
1726 3946 1864 4001 nostros
1878 3929 2036 4008 homines
2056 3945 2099 4011 ad
2119 3949 2246 4018 melio-

1258 4044 1332 4094 rem
1347 4028 1504 4096 discendi
1522 4030 1694 4099 ratioiiem
1711 4035 1899 4103 revocavit.
1938 4036 1975 4105 ld
1991 4045 2154 4120 meritum
2171 4073 2249 4121 non

1258 4141 1309 4197 est
1323 4129 1399 4198 leve
1416 4133 1631 4205 ducendum.
1683 4131 1752 4202 Sed
1769 4138 1874 4204 redeo
1890 4140 1933 4206 ad
1950 4134 2144 4218 historiam}

1342 4228 1448 4300 Cum
1467 4231 1514 4299 ita
1534 4232 1666 4302 viveret
1683 4231 1964 4328 Heydelbergae,
1989 4257 2028 4314 ut
2052 4251 2201 4321 eruditis
2215 4269 2251 4326 et

1257 4331 1360 4400 bonis
1388 4333 1554 4402 omnibus
1585 4331 1810 4404 charissimus
1837 4354 1942 4424 esset,
1976 4368 2049 4414 non
2072 4352 2187 4421 solum
2209 4355 2249 4424 in

1257 4433 1423 4501 noticiam
1441 4435 1538 4505 venit
1555 4434 1663 4505 Ducis
1680 4435 1833 4507 Palatini
1851 4437 2028 4537 Philippi,
2054 4454 2116 4522 sed
2142 4457 2250 4527 etiam

1255 4533 1495 4607 familiaritate
1512 4537 1587 4605 eius
1598 4535 1769 4628 Princeps
1786 4542 1977 4614 delectatus
1990 4562 2061 4635 est,
2089 4577 2129 4624 ac
2146 4580 2249 4651 saepe

1257 4658 1338 4717 eum
1354 4639 1398 4704 ad
1415 4660 1536 4726 graves
1557 4637 1830 4712 deliberationes
1849 4638 2024 4724 adhibuit.
2076 4651 2238 4753 Cumque

1256 4750 1297 4806 ut
1319 4735 1375 4821 fii,
1406 4739 1538 4808 mentio
1554 4737 1741 4835 ¹interdum
1764 4744 1934 4816 incideret
1955 4765 2113 4825 veterum
2134 4715 2250 4853 impe:

1256 4839 1411 4922 riorum,
1442 4862 1481 4908 ac
1502 4835 1715 4929 Rodolphus
1739 4868 2029 4925 commemoraret
2053 4860 2107 4926 vel
2132 4859 2249 4932 Grae-

1256 4961 1313 5009 cas
1330 4934 1513 5024 historias,
1536 4941 1592 5009 vel
1605 4939 1804 5030 Romanas,
1830 4944 2000 5043 Princeps
2022 4972 2055 5027 et
2071 4962 2160 5031 verti
2176 4965 2248 5035 sibi
2308 5012 2311 5016 ι

1256 5040 1367 5110 multa
1389 5065 1463 5110 non
1478 5041 1591 5111 solum
1615 5067 1656 5113 ex
1670 5041 1847 5131 historiis,
1873 5055 2051 5125 sedetiam
2072 5084 2111 5129 ex
2128 5061 2250 5137 Poetis

1255 5142 1377 5227 iussit,
1403 5155 1437 5211 et
1452 5144 1575 5234 petivit
1588 5146 1656 5215 sibi
1674 5148 1809 5217 contexi
1828 5149 2001 5242 integram
2017 5162 2141 5232 seriem
2158 5193 2248 5258 qua-

1257 5256 1339 5313 tuor
1371 5241 1679 5334 monarchiarum,
1713 5263 1753 5319 ut
1775 5253 1938 5324 ordinem
1969 5284 2087 5333 rerum
2119 5269 2248 5339 melius

1257 5345 1399 5431 videre,
1426 5359 1460 5419 et
1481 5349 1697 5422 incrementa
1712 5364 1817 5445 atque
1841 5355 2108 5448 inclinationes,
2131 5383 2163 5440 et
2179 5365 2249 5440 ho·
