4732 6030
113 298 197 374 :469
669 290 829 379 nunt.
870 293 943 370 DE
975 290 1256 373 GUELPHO
1290 280 1442 373 DUCE
1472 298 1600 379 BAV.
2071 330 2148 407 tto

122 469 350 543 rebellionem
371 465 681 553 animadverteret,
714 468 885 560 oppidum
900 495 920 539 a
935 469 1110 541 militibus
1158 462 1274 552 Deus,
1310 493 1375 540 nec
1394 465 1502 545 homo
1528 478 1713 572 quisquam
1737 482 1925 564 invidebit.
1976 492 2026 570 At
2050 526 2144 576 uuu.

122 574 353 664 diriperetur,
387 568 479 638 cives
496 567 607 638 vitam
627 591 669 639 ac
689 569 888 641 libertatem
904 572 1109 646 retinerent.
1157 566 1243 661 quid
1259 562 1345 641 haec
1359 575 1691 668 qnoquechunraui
1708 585 1852 658 victoria
1868 597 1947 666 talis
1960 601 2040 688 luit,
2054 630 2143 700 qnae

122 673 225 744 Tunc
259 669 399 754 Guelfi,
436 682 723 763 caeterorumque
757 672 934 743 nobilium
970 696 1109 757 uxores,
1157 664 1252 739 haud
1275 673 1382 743 dubie
1396 673 1475 747 Deo
1492 701 1629 753 summe
1649 685 1801 774 placuit,
1826 706 1861 762 et
1874 698 1933 766 cni
1953 699 2046 773 livor
2067 709 2142 800 ipsa

119 789 307 865 antequam
323 786 445 864 portae
463 770 706 860 aperirentur,
730 774 951 866 petiverunt,
977 787 1017 846 ut
1039 775 1107 844 sibi
1156 767 1248 840 nihil
1267 770 1452 846 detrahere
1465 783 1600 869 potuit,
1625 808 1690 855 nec
1705 787 1780 858 eius
1795 792 1904 865 ullam
1920 814 2055 889 partem
2072 811 2141 882 sibi

120 875 225 948 salvis
253 873 352 945 abire
384 873 523 956 liceret,
554 873 776 962 portantibus
808 876 853 944 de
882 877 955 946 suis
986 877 1105 967 rebus,
1153 873 1295 943 fortuna
1314 878 1524 950 vendicare?
1556 880 1606 956 Et
1622 899 1738 958 tamen
1759 915 1833 962 non
1846 898 1991 973 deerant
2010 928 2052 974 ex
2076 935 2140 982 au.

119 989 290 1073 quantum
313 996 544 1066 unaquaeque
573 988 700 1064 posset.
758 973 864 1065 Quod
889 1001 968 1047 curn
992 1001 1012 1046 a
1034 978 1106 1046 cle-
1154 973 1250 1059 licis,
1275 977 1338 1068 qni
1363 979 1398 1048 id
1421 983 1575 1070 graviter
1592 988 1806 1079 acciperent,
1833 999 1964 1094 quique
1983 1003 2140 1099 Impera.

115 1079 228 1149 menti
250 1076 383 1146 victore
404 1089 439 1146 et
461 1074 595 1166 optimo
618 1072 784 1169 Principe
809 1078 911 1148 lacile
939 1079 1102 1169 impetra·
1153 1075 1223 1145 tori
1244 1081 1422 1148 saeviendi
1446 1098 1586 1156 autores
1610 1105 1741 1177 essent,
1765 1109 1804 1164 ut
1827 1116 1910 1172 sunt
1931 1101 2138 1205 Principum

115 1193 206 1263 rent,
230 1178 376 1270 capiunt
390 1175 553 1266 mulieres
568 1176 769 1264 consilium,
794 1180 891 1269 pium
909 1203 949 1249 ac
965 1204 1104 1248 memo·
1151 1178 1279 1246 domus
1313 1180 1484 1252 fecundae
1524 1190 1726 1262 crudelibus
1769 1204 2041 1285 consultoribus.
2090 1213 2139 1290 Et

114 1281 243 1352 rabile:
277 1301 359 1348 nam
382 1302 462 1348 curn
485 1271 619 1356 hostes,
653 1301 711 1348 cas
734 1301 860 1350 aurum
886 1293 920 1352 et
941 1303 1104 1370 gemmas,
1151 1300 1252 1369 saepe
1266 1280 1316 1363 lit,
1339 1281 1552 1375 ntPrincipe
1565 1285 1655 1359 nihil
1673 1295 1799 1364 melius
1812 1301 1860 1371 sit
1873 1302 1911 1372 in
1928 1310 2020 1384 aula.
2055 1316 2137 1389 Cir-

112 1382 360 1473 mundumqne
379 1378 606 1462 muliebrem,
630 1391 689 1448 ant
705 1382 885 1470 pecuniae·
897 1381 1031 1475 aliquid
1048 1405 1103 1450 se·
1150 1382 1405 1454 cumsonabant
1421 1384 1491 1454 iam
1509 1410 1610 1459 aures
1629 1393 1703 1463 eius
1718 1395 1836 1488 impiis
1850 1415 1954 1497 atque
1970 1409 2136 1491 inhnma-

113 1507 194 1554 tum
218 1483 369 1551 clusuras
398 1492 582 1571 putarent,
613 1479 695 1548 illae
723 1482 888 1553 omnibus
919 1477 975 1553 his
998 1484 1102 1553 rebus
1150 1479 1206 1549 nis
1220 1483 1382 1569 vocibus,
1409 1486 1610 1560 iubentium
1629 1515 1709 1564 enm
1724 1518 1788 1568 suo
1802 1499 1880 1572 iure
1897 1506 2136 1611 invictosuti,

112 1585 268 1654 militum
293 1583 442 1673 praedae
466 1581 618 1664 relictis,
644 1581 788 1653 maritos
808 1606 891 1653 snos
913 1584 951 1654 in
976 1578 1103 1654 hume-
1149 1594 1184 1651 et
1217 1583 1308 1653 collo
1338 1587 1533 1658 mulierum
1559 1590 1743 1666 detrahere
1768 1602 1932 1692 maritos,
1969 1620 2134 1708 amplexu

112 1710 171 1756 ros
193 1683 368 1768 sublatos,
394 1695 429 1752 et
453 1704 581 1773 parvos
604 1681 735 1752 liberos
751 1684 789 1753 in
811 1686 1011 1778 sinuatque
1024 1709 1100 1754 am·
1148 1697 1301 1754 matrum
1322 1686 1456 1758 liberos
1475 1692 1647 1775 avellere,
1677 1703 1866 1773 nonenim
1892 1731 2039 1803 corpora
2062 1722 2135 1797 illis

110 1787 216 1877 plexu
229 1797 397 1869 tenentes,
421 1784 511 1854 urbe
525 1785 767 1874 exportabant.
800 1785 959 1856 Vidisses
975 1809 1099 1874 agmen
1147 1783 1306 1853 virorum
1321 1798 1355 1856 el
1370 1788 1563 1861 liberorum
1581 1797 1731 1880 donate,
1754 1805 1814 1872 sed
1829 1825 2002 1899 qnantum
2017 1821 2062 1890 dc
2075 1849 2136 1894 or-

74 1941 77 1945 .
111 1888 313 1971 mulierum,
335 1887 435 1957 cuius
448 1884 597 1974 agminis
612 1880 692 1954 Dux
707 1901 782 1957 erat
795 1884 1099 1976 Principianelli
1146 1889 1522 1961 natuautrebusaliis
1540 1898 1870 1986 qnaelibctaulerre
1885 1930 2017 2004 posses,
2042 1922 2135 2015 leger

110 2012 218 2072 uxor,
244 2010 307 2078 per
328 1986 443 2055 media
466 1981 623 2054 hostium
646 1999 758 2056 castra
780 2000 814 2057 et
834 1987 901 2057 tela
926 1987 1099 2071 incedere,
1145 1985 1241 2075 pacis
1257 2007 1320 2076 per
1335 1988 1495 2061 fraudem
1510 1995 1646 2068 violari.
1684 1997 1733 2071 At
1749 2016 1824 2090 tua,
1850 2009 2037 2108 inquiunt,
2059 2023 2134 2096 Im.

109 2088 321 2179 gestantium
342 2086 544 2156 dulcissima
569 2086 719 2175 pignora
739 2110 820 2173 sua,
850 2101 884 2159 et
907 2083 1099 2181 lachrymis
1146 2097 1286 2176 perator
1308 2090 1538 2179 existimatio,
1572 2109 1606 2168 et
1629 2099 1769 2192 imperii
1785 2108 1940 2199 dignitas
1961 2143 2002 2190 ac
2024 2126 2133 2200 maie.

108 2187 388 2281 profluentibus,
413 2201 520 2279 atque
537 2181 604 2256 hoc
620 2187 697 2278 ipso
712 2187 803 2260 lacto
818 2211 918 2258 snam
932 2191 1096 2281 pietatem
1143 2198 1213 2255 stas
1233 2187 1368 2276 agitur,
1403 2216 1449 2262 ne
1477 2189 1533 2265 his
1560 2198 1706 2291 impune
1734 2206 1796 2292 sit,
1828 2233 1924 2285 arma
1950 2237 2072 2298 contra
2097 2244 2133 2303 te

106 2289 322 2363 testantium.
374 2286 499 2358 Flebat
514 2310 705 2358 concursus
720 2312 760 2358 ex
782 2291 865 2361 totis
886 2291 1027 2375 castris,
1051 2291 1097 2361 ad
1144 2288 1312 2357 movisse:
1339 2296 1478 2383 quossi
1500 2298 1548 2368 ita
1565 2317 1684 2393 aperte
1704 2306 1769 2377 tibi
1788 2310 1955 2401 illudere,
1981 2337 2015 2396 et
2030 2328 2131 2402 inco.

106 2388 176 2461 hoc
190 2391 320 2459 mirum
342 2412 545 2482 novumque
562 2389 798 2480 spectaculum
823 2391 1098 2462 effundebantur
1142 2389 1254 2458 humes
1271 2384 1355 2460 hinc
1376 2396 1475 2464 abire
1498 2400 1661 2489 patieris,
1687 2430 1762 2476 uun
1775 2411 1922 2486 dubium
1944 2438 2013 2507 est,
2040 2434 2127 2523 quin

108 2493 265 2563 certatim
281 2514 424 2572 omnes,
448 2491 539 2560 varii
563 2490 707 2560 interim
730 2513 911 2563 sermones
928 2495 1095 2564 sereban·
1141 2489 1344 2580 importuna
1360 2490 1454 2566 haec
1474 2498 1657 2572 clementia
1684 2506 1803 2594 plures
1824 2519 1869 2583 ad
1898 2520 2128 2603 rebellionem

107 2608 181 2678 tur,
208 2593 395 2662 itantlieri
412 2595 516 2676 solet,
541 2592 621 2661 aliis
641 2585 833 2663 humanam
852 2606 1002 2678 sortem,
1028 2595 1094 2664 tri·
1141 2589 1186 2660 sit
1204 2591 1408 2669 invitatura.
1459 2596 1645 2688 Magnifice
1670 2600 1773 2694 haec,
1798 2612 1864 2684 ricc
1879 2640 2024 2709 prorsus
2039 2631 2126 2704 falso

106 2711 264 2788 stemque
298 2719 417 2764 casum
451 2692 720 2778 miserantibus,
747 2694 828 2764 aliis
860 2697 1025 2787 pietatem
1060 2709 1096 2766 et
1140 2691 1380 2780 iactabanlur,
1406 2709 1440 2766 ct
1455 2714 1617 2790 poterant
1630 2721 1783 2780 mentem
1799 2715 1904 2787 etiam
1920 2746 2033 2812 perse
2050 2734 2128 2823 pla-

105 2797 309 2889 nentiquam
324 2795 497 2866 muliebre
520 2796 699 2885 inceptum
721 2808 963 2869 matronarum
987 2800 1094 2888 pleno
1139 2794 1289 2862 cubilem
1310 2795 1467 2882 irritare,
1496 2808 1701 2892 praesertim
1722 2835 1802 2882 cnm
1831 2819 1958 2893 callida
1982 2821 2067 2902 haec
2092 2851 2127 2910 et

104 2922 165 2969 ore
178 2897 476 2989 praedicantibus,
498 2893 684 2964 nonnullis
697 2906 731 2963 et
749 2894 1027 2982 indignantibus,
1053 2922 1093 2968 ac
1138 2896 1292 2983 specim
1308 2899 1556 2973 conditionum
1573 2931 1612 2976 ac
1633 2909 1721 2980 iuris
1741 2911 1984 3011 interpretatio
2000 2937 2126 3008 crude.

102 3002 194 3091 leges
207 2997 400 3068 deditionis
413 2997 480 3064 isto
496 2995 581 3063 dolo
596 2992 722 3061 violari
736 2996 983 3066 frementibus:
1008 3020 1093 3089 pro·
1137 2993 1230 3065 litati
1253 3012 1520 3087 praetexeretnr.
1579 3005 1647 3077 Sed
1677 3026 1753 3084 erat
1780 3011 1974 3098 Chunrado
2004 3051 2124 3124 pactu·

102 3105 217 3173 dierat
242 3111 275 3166 et
293 3098 499 3186 imperator,
525 3092 677 3163 militum
697 3118 760 3184 per
780 3108 852 3166 tota
874 3112 985 3169 castra
1004 3122 1091 3167 ron·
1136 3118 1211 3164 nnn
1226 3102 1441 3185 penetrabile
1459 3106 1531 3174 telo
1550 3107 1764 3201 calumniae,
1789 3141 1891 3193 aures
1905 3150 1979 3198 non
1995 3137 2125 3211 admit-

101 3198 301 3271 cnrsatione
320 3209 445 3266 motus.
489 3194 580 3283 Qui,
607 3208 647 3264 ut
663 3194 879 3284 ingeniosam
897 3193 1091 3289 philostor-
1135 3208 1267 3278 tentes,
1293 3223 1359 3271 nec
1372 3204 1416 3272 ad
1432 3207 1591 3278 animum
1607 3214 1819 3300 perferentes
1833 3222 1919 3296 istos
1934 3253 2123 3324 sermones,

100 3304 195 3392 giam
215 3292 404 3368 mulierum
428 3295 536 3381 vidit,
559 3297 678 3366 subito
699 3298 742 3365 ad
766 3292 833 3367 hoc
851 3301 1088 3390 spectaculum
1134 3311 1170 3367 et
1183 3304 1480 3390 quemadmodum
1498 3312 1542 3377 de
1555 3307 1688 3383 Latino
1705 3313 1874 3409 Virgilius
1889 3329 1957 3400 ait:

100 3405 172 3487 ira,
199 3398 337 3470 etiamsi
351 3421 424 3467 non
437 3394 588 3480 iniusta,
611 3396 737 3489 optimi
751 3396 930 3492 Principis
945 3401 1087 3486 resedit,
1184 3400 1243 3467 Illo
1258 3411 1340 3471 velut
1354 3416 1454 3496 pelugi
1468 3438 1558 3498 rupes
1570 3422 1697 3485 immota
1710 3430 1831 3509 natent,
1869 3502 1875 3519 Ι

99 3501 322 3593 amplectitur
343 3511 419 3571 toto
440 3498 562 3570 animo
583 3498 681 3568 illam
699 3499 882 3590 pietatem,
901 3502 1089 3574 miseretur
1184 3505 1227 3569 Ut
1240 3513 1339 3591 petsgt
1354 3536 1442 3597 rupes
1456 3539 1568 3599 magno
1585 3528 1722 3587 veuieun
1734 3528 1866 3612 fragon,

99 3605 331 3688 afflictorum,
370 3599 541 3671 memoria
571 3621 654 3670 suae
687 3623 829 3693 qunque
859 3603 1087 3690 conditionis,
1185 3606 1273 3687 Qua
1288 3622 1469 3680 neomutus
1484 3625 1771 3692 circumlatrantibus
1784 3636 1873 3698 undis

99 3702 165 3777 boc
196 3717 267 3789 est,
299 3702 524 3774 mortalitatis
554 3712 589 3770 ct
621 3700 820 3791 fragilitatis
847 3697 1085 3774 humanarum
1182 3707 1266 3773 Moto
1282 3727 1381 3794 tanat,
1406 3724 1524 3802 scopuli
1539 3729 1741 3812 nequicquam
1758 3746 1788 3795 at
1802 3756 1926 3816 spumea
1941 3747 2053 3811 circum

98 3831 216 3878 rerum
231 3806 352 3874 animo
365 3805 440 3873 eius
455 3803 561 3882 subit,
585 3825 658 3871 nnn
673 3815 787 3894 potest
801 3805 953 3896 amplius
968 3805 1085 3895 irasci,
1182 3808 1264 3874 Sura
1277 3817 1428 3896 immune,
1454 3826 1600 3906 taurique
1613 3831 1692 3890 ttttsa
1705 3834 1875 3898 rel'undttur
1886 3845 1964 3922 alga.

97 3932 171 3979 non
189 3923 302 4000 potest
325 3906 440 3977 odisse
458 3928 518 3974 ens
542 3902 695 3984 diutius,
721 3927 812 3996 quos
833 3918 931 3977 tanta
954 3906 1085 3979 virtute
1133 3902 1250 3999 thue
1264 3911 1408 3996 sagittae
1425 3936 1446 3980 a
1461 3919 1552 3983 duro
1568 3920 1740 4014 firmoque
1752 3942 1850 3999 scuto
1864 3936 2043 4026 resiliunt,
2068 3945 2118 4018 ita

97 4036 136 4082 ac
153 4012 279 4103 pietate
293 4009 470 4102 praeditos
483 4007 641 4076 videbat:
667 4004 809 4074 foelices
825 4008 981 4098 quidem,
1002 4006 1085 4100 qui·
1130 4005 1190 4074 isti
1203 4028 1380 4078 sermones
1396 4010 1434 4079 in
1450 4030 1588 4104 pectore
1605 4020 1733 4094 virtute
1754 4029 1922 4105 roborato
1936 4061 2011 4110 nnn
2034 4040 2118 4118 baa.

97 4114 162 4183 bns
177 4137 196 4180 a
214 4110 415 4180 talivictori
437 4108 532 4178 vinci
550 4106 714 4195 contigit,
740 4121 775 4176 at
795 4108 908 4177 multo
923 4107 1084 4178 foelicior
1130 4108 1273 4192 rebant,
1294 4110 1356 4179 sed
1376 4111 1518 4185 animus
1540 4132 1677 4192 tantum
1700 4124 1738 4195 in
1763 4122 1869 4204 huius
1890 4139 2030 4228 pietatis
2053 4151 2117 4219 sd-

95 4216 188 4306 ipse,
213 4211 276 4303 qui
292 4224 393 4282 antea
408 4207 566 4291 hostem,
590 4232 687 4278 nunc
700 4208 871 4298 seipsum,
897 4213 993 4302 quod
1010 4232 1083 4278 non
1130 4206 1319 4281 miratione
1332 4213 1466 4287 defixus
1481 4231 1567 4301 erat,
1593 4235 1627 4292 et
1642 4229 1815 4302 ntoculos
1828 4239 1984 4312 suaviter
1998 4247 2116 4321 virens

94 4314 202 4409 paulo
219 4313 398 4381 difficilius
419 4326 513 4396 erat,
538 4310 653 4381 multo
681 4310 913 4399 generosiore,
926 4335 966 4380 ac
982 4334 1084 4402 prae·
1130 4309 1246 4395 color,
1270 4325 1447 4393 sutaures
1466 4320 1580 4392 dulcis
1593 4343 1796 4414 concentus,
1819 4334 1869 4407 ita
1881 4342 2040 4416 animum
2056 4372 2116 4441 gc-

96 4416 245 4488 clariore
266 4413 415 4485 victoria
437 4412 626 4504 superavit.
678 4407 849 4502 Optabile
872 4423 942 4494 est,
965 4412 1083 4504 inquit
1130 4435 1297 4482 uerosnm
1321 4428 1435 4488 tntum
1457 4438 1615 4514 ceperat,
1647 4451 1946 4536 occupaveratque
1967 4470 2115 4542 conspo-

95 4516 306 4606 Eoripides‚
339 4514 378 4582 iu
405 4511 542 4585 hostem
574 4512 786 4604 sapientem,
820 4536 884 4582 nec
913 4514 1082 4584 stolidum
1130 4527 1206 4584 ctus
1229 4514 1386 4587 virtutis:
1408 4517 1533 4610 Egone
1552 4527 1679 4616 igitur,
1706 4543 2019 4619 tantaevirtntiac
2037 4554 2116 4644 pie·

96 4619 272 4701 incidere,
296 4639 376 4685 cum
398 4613 457 4687 hic
473 4614 634 4704 superior
654 4614 764 4685 factrus
787 4627 923 4684 tanturn
947 4614 1084 4689 saevire
1130 4614 1194 4685 tati
1213 4614 1303 4685 iram
1326 4642 1437 4688 meam
1464 4646 1537 4694 non
1563 4631 1779 4724 condonem,
1805 4643 1866 4732 qni
1888 4667 1989 4740 saepe
2003 4656 2115 4727 multo

96 4722 221 4793 soleat:
248 4718 342 4809 apud
359 4715 461 4788 illum
475 4714 719 4800 verecundiae,
743 4715 915 4802 iustitiae,
941 4717 1083 4786 veniae-
1129 4717 1324 4787 levioribus
1354 4720 1468 4792 causis
1504 4730 1806 4806 condonaverim?
1844 4744 1993 4842 plusque
2020 4760 2115 4846 apud

96 4845 166 4917 qne
182 4823 282 4891 locus
298 4819 354 4891 sit.
405 4816 504 4903 Hoc,
529 4815 622 4887 utin
642 4818 939 4904 rebusadversis,
966 4818 1083 4888 nenti·
1130 4841 1187 4886 me
1220 4819 1349 4889 valebit
1381 4822 1529 4896 offensio
1561 4831 1660 4920 prior
1686 4837 1731 4905 ad
1759 4844 1950 4930 perniciem
1975 4845 2115 4946 horum,

99 4947 203 5019 quam
224 4925 411 4993 adversum
435 4917 582 5008 contigit
598 4913 748 5002 Gnello,
773 4918 819 4987 ab
841 4943 883 4989 eo
897 4920 992 4990 enim
1016 4913 1082 4990 ho·
1130 4942 1236 5010 quam
1251 4941 1414 5009 praesens
1425 4928 1611 5001 admiratio
1627 4932 1768 5009 virtutis
1781 4942 1825 5012 ad
1838 4946 2010 5022 salutem?
2032 4956 2114 5032 Scio

97 5042 148 5096 ste
164 5026 279 5095 victus
292 5036 362 5106 est,
387 5045 497 5112 aquo
512 5019 568 5088 illi
580 5013 685 5089 etiam
709 5019 866 5110 optabile
887 5021 1082 5094 eratvinci.
1130 5043 1237 5112 quam
1265 5021 1368 5091 dulce
1393 5024 1438 5095 sit
1460 5028 1582 5101 ulcisci
1604 5034 1782 5125 inimicos,
1816 5055 2020 5136 praesertim
2046 5084 2115 5151 eur,
2166 5126 2168 5131 ,

96 5124 246 5206 Falisci,
273 5148 353 5193 cnm
374 5148 410 5192 se
434 5122 528 5191 ultro
551 5121 721 5190 dederent
744 5116 889 5191 Senatui
906 5121 1083 5208 Romano,
1130 5122 1259 5213 quibus
1280 5121 1371 5194 inste
1391 5126 1569 5217 irascaris,
1590 5137 1650 5205 scd
1675 5132 1742 5210 hoc
1758 5167 1899 5241 quoque
1918 5155 1991 5227 ocio
2013 5185 2115 5252 prae.

97 5252 171 5298 nou
189 5226 331 5320 quidem
350 5223 457 5291 armis
472 5204 612 5301 eorum,
638 5223 699 5289 scd
716 5220 852 5290 iusticia
869 5235 902 5292 et
916 5218 1082 5294 humani·
1130 5224 1262 5292 clarum
1279 5238 1312 5295 et
1330 5225 1511 5301 laudabile
1525 5256 1617 5321 csse,
1642 5237 1744 5311 illum
1762 5243 1932 5340 impeturn
1949 5255 2113 5334 cohibere

95 5325 318 5401 tateCamilli
334 5325 505 5416 superati:
533 5319 629 5392 Victi
643 5346 776 5406 sumus,
795 5322 974 5415 inquiunt,
992 5325 1031 5395 P.
1043 5324 1083 5396 C.
1129 5346 1169 5394 ac
1200 5325 1391 5399 refrenare.
1449 5328 1531 5404 Scio
1564 5338 1686 5412 decere
1715 5340 1850 5438 Regem
1885 5359 2115 5450 severitatem,

96 5430 242 5502 ambis
274 5442 460 5520 vestroque
489 5422 705 5515 Imperatore
726 5422 892 5512 victoria,
930 5427 987 5497 cui
1018 5451 1083 5498 nee
1130 5428 1311 5499 sedidem
1333 5453 1408 5500 non
1430 5431 1577 5523 ignoro,
1603 5450 1708 5535 quam
1729 5469 1803 5518 non
1822 5454 1940 5526 deccat
1962 5463 2113 5535 eundem

1423 5528 1507 5604 30*
