4732 6030
155 214 233 343 sss
622 248 779 326 nucu
819 246 896 323 nn
929 182 1496 323 ternunartotvtsus
1530 246 1741 323 canunt
2122 246 2206 323 sao

154 436 230 515 Nec
243 433 331 507 alias
346 415 810 518 causasapriorinysicus
825 423 1012 493 ostendere
1026 432 1151 513 potest.
1205 419 1288 516 quia
1320 413 1446 490 bordei
1472 432 1601 491 natura
1624 417 1790 509 frigidior
1817 429 1880 489 est.
1930 415 2051 490 Multa
2078 432 2204 493 autem

156 539 230 615 Sed
243 538 362 631 postea
377 528 513 623 species
527 524 707 599 discernit.
740 520 822 594 Alia
838 522 981 593 materia
995 516 1153 592 humano
1205 537 1289 594 sunt
1305 519 1528 607 testimonia,
1553 515 1716 591 homines
1737 518 1915 591 tenuiores
1934 520 2022 591 olim
2044 522 2207 595 multum

159 632 451 733 eorporimagis,
477 628 548 699 alia
568 626 688 697 minus
702 624 888 695 familiaris
905 637 968 699 εει.
1020 620 1152 694 Holera
1205 646 1289 695 usos
1304 645 1377 693 esse
1393 622 1545 714 panibus
1562 616 1779 693 hordeaceis.
1830 616 1915 691 ldeo
1930 621 2025 691 enim
2040 622 2081 693 in
2095 647 2207 697 versu

159 756 195 815 et
219 760 322 833 poma
344 733 407 805 etsi
432 730 619 819 nutriunt,
643 739 763 799 umen
784 726 867 820 quia
890 724 999 795 nimis
1021 746 1153 819 aquosa
1205 722 1317 795 veteri
1342 724 1493 797 diciturt
1525 716 1713 819 αὕταρειὴς
1736 714 1813 820 ydp
1840 716 1861 793 ὃ
1888 718 2072 819 πρέσβος,
2104 720 2208 819 ἔχων

158 855 262 921 runt,
283 836 416 909 dillluit
430 854 572 918 succus,
597 843 631 901 et
644 828 847 918 languidior
862 841 925 899 εει.
976 822 1153 897 Triticum
1205 822 1279 899 ἅλα
1299 820 1363 897 καὶ
1389 818 1461 898 δύο
1482 820 1642 921 κρίμνα,
1678 824 1795 895 Senex
1814 818 1883 894 boc
1897 824 1992 895 victo
2012 840 2208 901 contentus

159 941 286 1015 siccius
303 952 372 1023 est,
398 949 432 1007 et
447 934 590 1025 pingue,
612 942 647 1001 et
658 943 850 1021 temperate
867 928 1036 999 calidum.
1068 925 1153 997 ldeo
1206 942 1276 1011 εει,
1310 928 1382 997 sale
1413 941 1448 997 et
1478 928 1618 998 duobus
1648 926 1800 1018 panibus
1829 919 2048 999 hordeaceis.
2109 928 2206 1001 Nam

162 1059 198 1117 et
229 1062 354 1113 succus
375 1039 415 1110 lit
434 1034 603 1129 pinguior
633 1044 668 1103 et
695 1029 924 1122 glutinationi
957 1052 1155 1100 accommo-
1204 1024 1365 1125 κρίμνον
1394 1028 1545 1099 laninam
1574 1050 1648 1097 esse
1676 1040 1772 1097 certo
1796 1028 1904 1097 modo
1929 1045 2138 1121 apparatum
2162 1056 2206 1103 ex

160 1146 288 1217 datior.
1206 1126 1363 1215 hordeo,
1388 1130 1558 1201 traditum
1575 1143 1646 1213 est,
1670 1142 1706 1199 et
1729 1124 1877 1199 historia
1899 1131 2102 1220 evangelica
2116 1158 2202 1205 nar·

260 1242 428 1317 Dicamus
450 1236 559 1328 igitur
581 1235 651 1304 iam
675 1235 720 1303 de
747 1230 979 1316 differentiis,
1003 1251 1153 1325 quarum
1207 1246 1280 1316 rat,
1312 1231 1472 1327 quinque
1501 1253 1608 1322 panes
1638 1224 1850 1301 hordeaceos
1877 1231 2089 1306 distributos
2118 1259 2203 1323 esse,

162 1347 293 1439 gradus
309 1357 378 1413 tres
391 1339 616 1419 constituam,
641 1335 797 1427 primum
811 1359 832 1404 a
847 1332 1003 1417 materia,
1028 1354 1154 1401 secun·
1207 1334 1338 1428 quibus
1364 1333 1461 1425 pavit
1489 1332 1584 1402 filius
1608 1329 1677 1402 Dei
1708 1332 1862 1423 amplius
1895 1333 2056 1427 quinque
2089 1336 2203 1409 millia

162 1451 249 1519 dum
274 1470 294 1515 a
321 1440 495 1536 puritate,
534 1437 677 1508 tertium
703 1460 722 1505 a
750 1434 919 1505 coctione.
974 1430 1156 1503 Differunt
1208 1431 1413 1505 hominum:
1447 1458 1516 1528 qua
1537 1433 1742 1503 narratione
1774 1434 1907 1504 multae
1930 1435 2205 1526 significationes

163 1572 271 1643 panes
286 1546 441 1640 primum
453 1539 620 1610 materia:
640 1537 703 1607 alii
718 1536 809 1608 fiunt
825 1560 867 1605 ex
879 1534 1010 1619 tritico,
1034 1532 1098 1603 alii
1114 1556 1156 1601 ex
1207 1537 1438 1606 adumbratae
1458 1548 1552 1606 sunt.
1604 1532 1726 1604 Alitur
1750 1548 1786 1605 ει
1807 1534 2010 1608 detenditur
2029 1534 2204 1627 Ecclesia,

163 1651 276 1745 olyra,
300 1646 364 1717 alii
380 1665 507 1727 enea,
530 1639 592 1709 alii
607 1663 648 1708 ex
662 1634 809 1714 hordeo.
857 1634 1002 1707 Caetera
1018 1658 1157 1725 genera,
1207 1637 1284 1710 Deo
1307 1637 1469 1718 iuvante,
1503 1634 1640 1705 etiamsi
1660 1659 1744 1728 opes
1771 1631 1878 1707 babet
1904 1638 2055 1730 exiguas.
2108 1640 2205 1715 Sunt

163 1750 248 1845 quia
265 1750 303 1817 in
325 1744 454 1815 nostris
471 1740 678 1830 regionibus
693 1762 770 1808 nott
782 1754 866 1829 sunt
879 1738 1025 1821 usitata,
1050 1734 1157 1805 omit·
1209 1752 1244 1810 ει
1264 1738 1374 1808 micae
1390 1737 1573 1809 doctrinae
1599 1736 1805 1828 inspeciem
1828 1752 1966 1825 tenues,
1990 1755 2024 1813 et
2038 1742 2205 1833 frigidae,

163 1866 249 1923 tam.
299 1845 447 1920 Etcum
471 1839 557 1914 baec
573 1841 765 1913 recitentur
785 1851 930 1933 propter
952 1838 1155 1909 auditorum
1208 1842 1270 1912 sed
1293 1837 1369 1909 Deo
1396 1840 1572 1931 aspirante
1596 1840 1796 1909 accendunt
1817 1839 1923 1910 vitam
1951 1854 2129 1913 adernam
2158 1847 2201 1915 in

164 1952 372 2030 utilitatem,
396 1945 561 2015 volumus
582 1941 633 2012 eis
654 1966 774 2012 rerum
799 1941 1072 2013 domesticarum
1094 1960 1158 2029 ap-
1209 1942 1388 2013 cordibus.
1432 1939 1558 2012 Plures
1572 1939 1658 2008 alias
1675 1938 1805 2031 species
1819 1942 1946 2011 addere
1961 1966 2107 2035 possem,
2133 1949 2198 2016 sed

164 2052 391 2145 pellationes,
417 2060 451 2117 et
464 2047 557 2115 vires
571 2058 673 2115 notas
690 2066 774 2114 esse.
1209 2068 1274 2113 nec
1296 2037 1402 2112 huius
1424 2039 1592 2133 temporis
1608 2041 1769 2131 angustia
1792 2040 1988 2132 longiorem
2010 2069 2201 2118 enumera·

268 2150 445 2221 Triticum
469 2169 543 2217 esse
571 2144 704 2236 primae
739 2142 910 2213 bonitatis
936 2142 1156 2212 frumentum
1210 2145 1342 2215 tionem
1358 2144 1462 2213 nobis
1478 2142 1658 2227 concedit,
1684 2166 1749 2211 nec
1763 2156 1920 2214 caeterae
1934 2145 2083 2236 perinde
2095 2163 2203 2220 notae

167 2266 323 2337 constat,
355 2250 452 2344 quod
474 2244 620 2317 Graecis
646 2260 697 2316 est
720 2243 857 2339 πύρος,
884 2242 988 2313 nobis
1013 2241 1158 2332 Kleitor.
1210 2258 1305 2317 sunt.
1354 2242 1435 2315 Non
1451 2244 1546 2313 enim
1564 2244 1632 2312 iam
1648 2244 1748 2336 'saepe
1763 2268 1804 2313 ex
1823 2268 1959 2318 sesamo
1985 2262 2048 2319 aut
2073 2251 2203 2343 panico

166 2355 277 2427 recito
298 2353 395 2422 enim
419 2348 671 2440 appellationes
696 2360 832 2416 nostras
853 2343 1021 2415 omnibus
1044 2355 1159 2431 notas,
1211 2347 1251 2418 lit
1267 2345 1378 2437 panis.
1419 2340 1557 2415 Omitto
1574 2358 1609 2416 ει
1622 2345 1730 2414 factos
1744 2369 1784 2414 er
1800 2346 1949 2418 diversis
1964 2351 2136 2439 materiis,
2162 2366 2203 2423 ut

166 2472 207 2529 ut
229 2457 334 2525 rebus
358 2450 490 2522 alicubi
518 2448 741 2530 monstratis,
774 2446 925 2517 iudicari
954 2443 1159 2514 discrimina
1211 2460 1293 2519 sunt
1312 2449 1514 2538 placentae,
1539 2445 1640 2529 itria,
1663 2445 1749 2515 liba.

168 2557 281 2630 oculis
294 2553 443 2647 possint.
476 2548 570 2621 Sunt
582 2549 693 2640 igitur
708 2549 834 2640 optimi
849 2571 969 2639 panes,
992 2545 1161 2641 quibunt
1301 2545 1442 2619 Addam
1459 2572 1544 2618 vero
1557 2546 1774 2617 differentias
1787 2572 1807 2617 a
1823 2549 1975 2640 puritate
1989 2566 2145 2645 sumptas
2160 2556 2200 2624 in

167 2682 210 2729 ex
236 2656 376 2736 tritico,
410 2655 455 2723 de
476 2675 630 2747 quorum
653 2650 864 2721 differentiis
887 2661 1008 2741 postea
1037 2667 1160 2718 rursus
1211 2644 1267 2719 bis
1283 2651 1454 2740 panibus,
1473 2648 1543 2742 'qui
1559 2671 1601 2716 ex
1622 2649 1740 2719 tritico
1761 2649 1863 2726 fiunt.
1911 2647 2081 2747 Optimus
2097 2669 2151 2726 est
2167 2671 2203 2727 et

168 2761 296 2833 dicam.
1211 2750 1439 2843 purissimus,
1470 2750 1532 2843 qui
1554 2749 1659 2819 liter
1682 2749 1843 2839 siligine,
1877 2779 1982 2846 quam
2013 2757 2203 2829 nominant

270 2857 456 2932 Secundus
477 2856 577 2925 locut
594 2853 772 2922 tribuatur
795 2875 836 2920 ex
857 2852 957 2944 olyra
977 2849 1096 2931 factis,
1120 2872 1160 2917 ac
1212 2852 1439 2923 tenerrimam
1455 2864 1590 2943 partem
1617 2863 1652 2921 ει
1676 2852 1817 2923 delicias
1840 2854 1957 2927 tritici.

169 2961 318 3035 nomino
336 2956 508 3053 Olyram,
531 2978 622 3048 qnae
637 2967 758 3024 nostro
776 2953 948 3022 vocabulo
964 2951 1161 3041 appellatur
1314 2953 1438 3024 Minus
1453 2952 1566 3023 teneri
1583 2965 1618 3022 et
1633 2953 1715 3042 puri
1732 2970 1816 3027 sunt
1838 2980 1947 3049 panes
1965 2982 2006 3029 ex
2024 2958 2201 3041 semidali,

170 3062 313 3138 &odera
343 3061 443 3131 cuius
464 3081 548 3129 usus
570 3057 608 3125 in
637 3051 693 3126 bis
720 3054 925 3144 regionibus
950 3052 1083 3144 populo
1107 3051 1161 3120 fa·
1212 3055 1333 3151 quales
1354 3056 1427 3126 lere
1449 3057 1543 3148 apud
1568 3075 1633 3123 nos
1659 3054 1749 3128 liunt
1770 3080 1812 3127 ex
1836 3059 1958 3131 tritico
1979 3060 2201 3131 candidiores

170 3160 430 3233 miliarissimus
447 3175 517 3241 est,
542 3172 576 3228 ει
592 3172 631 3228 οι
649 3180 713 3246 ego
737 3157 874 3240 iudico,
899 3153 1062 3227 salubris.
1114 3148 1161 3223 Et
1213 3180 1332 3250 panes.

171 3266 317 3359 quidem
331 3257 473 3330 Diocles
490 3257 656 3349 praetulit
670 3258 807 3349 olyram
822 3280 913 3331 aeae.
1313 3255 1457 3327 Tertius
1479 3255 1609 3345 gradus
1631 3256 1839 3327 nominatur
1858 3254 2091 3360 αι’ντόπυρος,
2117 3264 2202 3332 item

273 3362 382 3432 Zeam
402 3374 519 3430 autem
541 3357 768 3426 nominamus
790 3380 886 3440 eam,
917 3378 1007 3449 quae
1030 3352 1161 3425 nostris
1213 3350 1472 3457 ovyxdpuuroe,
1498 3358 1561 3450 qui
1576 3359 1668 3427 liter
1683 3356 1798 3425 tritico
1812 3381 1895 3427 cnm
1915 3363 2062 3448 polline,
2116 3362 2203 3433 Ideo

175 3482 226 3539 est
240 3464 383 3551 Θρεῑιο,
417 3484 479 3531 εεο
503 3458 641 3533 ὢίιιᾶιῑ.
690 3452 770 3528 Etsi
788 3470 905 3529 autem
927 3453 1086 3525 Galenus
1104 3453 1159 3521 in·
1213 3461 1308 3529 enim
1324 3459 1548 3551 appellarunt
1565 3448 1833 3555 συγκόμιοτον,
1863 3458 1948 3552 quia
1966 3464 2133 3536 universa
2150 3468 2204 3536 fa.

172 3569 267 3663 quit,
293 3588 329 3634 se
350 3564 389 3632 in
405 3559 747 3654 peregrinationibus
765 3557 855 3641 suis,
878 3557 1008 3650 quibus
1030 3556 1161 3625 lustra·
1212 3562 1290 3632 rina
1308 3585 1383 3631 non
1398 3582 1541 3629 excusso
1556 3558 1689 3650 polline
1707 3559 1887 3631 miscetur.
2005 3578 2009 3587 ·

172 3672 225 3741 vit
252 3688 414 3756 magnam
438 3659 544 3765 Asiae
572 3674 606 3731 et
631 3658 797 3751 Europae
822 3672 975 3751 partem,
1006 3657 1162 3728 studiose
1315 3661 1472 3752 Quartus
1485 3663 1614 3751 gradus
1631 3674 1681 3731 est
1702 3660 1935 3743 furfuraceus,
1963 3666 2204 3738 multoeciam

173 3770 409 3866 inquirentem
434 3788 610 3857 nusquam
639 3763 808 3851 reperisse
836 3763 1073 3843 frumentum,
1103 3758 1162 3829 cui
1213 3764 1407 3858 impurior,
1440 3787 1544 3857 quam
1574 3754 1837 3861 συγκόμεστος,
1871 3776 1960 3847 ater,
1991 3766 2090 3833 utin
2114 3792 2203 3835 rure

172 3872 242 3943 Zea
257 3895 388 3940 nomen
406 3880 511 3937 esset:
538 3880 656 3936 tamen
671 3862 818 3934 Graecis
834 3878 958 3936 notum
976 3861 1083 3931 fuisse
1098 3883 1161 3928 vo·
1213 3866 1308 3959 pinei
1332 3865 1514 3949 videmus,
1548 3878 1583 3935 et
1602 3864 1722 3933 minus
1745 3863 1955 3934 nutrimenti
1980 3859 2127 3950 babens,
2161 3880 2202 3935 et

172 3974 338 4045 cabulum
353 3991 490 4039 necesse
506 3980 570 4052 est,
592 3990 671 4037 eum
686 3966 790 4035 toties
805 3966 925 4036 dicant
941 3965 1064 4056 pois'tae
1089 3956 1161 4048 ζεί-
1212 3960 1435 4060 κακόχυλος,
1459 3980 1501 4037 ut
1513 3961 1683 4058 Diphilus
1705 3965 1844 4057 scripsit
1870 3979 1905 4036 et
1922 3988 1977 4035 res
1998 3966 2166 4037 ostendit.

172 4071 293 4171 δωρος
316 4071 476 4169 ἄρουρα.
524 4064 573 4141 Ει
588 4068 729 4159 copiose
750 4068 846 4136 nasci
863 4067 1029 4158 speltam,
1054 4087 1162 4156 qnam
1312 4066 1474 4141 Recitavi
1490 4067 1740 4138 differentiasa
1755 4066 1905 4158 puritate
1919 4081 2086 4158 sumptas.
2120 4066 2207 4137 Ali-

171 4196 446 4248 zeamvoeamus
461 4172 500 4239 in
517 4169 640 4239 multis
657 4168 807 4239 Stieviae
828 4169 914 4237 locis
936 4166 1160 4236 manifestum
1213 4171 1276 4265 qui
1311 4182 1499 4262 putarunt,
1534 4164 1598 4238 has
1628 4168 1844 4238 differentias
1869 4168 2095 4240 diversorum
2129 4194 2205 4240 ωε

172 4293 242 4360 εει,
267 4277 328 4345 ubi
344 4289 379 4343 et
393 4295 501 4364 panes
516 4296 559 4340 ex
573 4294 631 4339 zea
644 4270 728 4339 lacti
745 4270 988 4339 anteferuntur
1008 4265 1161 4337 lactisex
1212 4276 1490 4343 frumentorum:
1532 4272 1591 4339 sed
1623 4264 1709 4339 haec
1732 4269 1917 4360 explicatio
1943 4266 2074 4339 Galen}
2095 4285 2148 4342 ρει
2170 4286 2207 4342 01

173 4380 295 4473 olyra,
320 4389 354 4444 et
375 4386 458 4443 sunt
480 4370 662 4464 aliquanto
684 4370 917 4443 candidiores.
969 4369 1040 4441 Sed
1056 4366 1161 4437 Mne-
1214 4374 1423 4465 Aeginetae,
1455 4395 1562 4468 quam
1584 4386 1722 4443 secutus
1752 4394 1849 4455 sum,
1883 4384 1919 4441 et
1937 4383 1989 4440 εει
2011 4373 2206 4463 perspicua,

172 4474 309 4551 sitbeus
332 4489 433 4545 vetus
457 4472 609 4562 scriptor
631 4470 768 4563 inquit,
800 4493 921 4558 graves
943 4483 979 4541 ει
1002 4468 1162 4538 difficiles
1213 4489 1247 4546 et
1261 4490 1461 4567 congruunt
1478 4474 1583 4543 verba
1596 4470 1711 4557 Celsi,
1736 4472 1797 4565 qni
1818 4471 1952 4565 inquit:
1976 4472 2140 4543 Firmius
2154 4487 2206 4544 eat

172 4593 345 4655 concortu
359 4600 452 4661 esse,
478 4599 543 4645 nec
559 4574 635 4643 sine
657 4570 853 4642 offensione
869 4569 1083 4643 valetudinis
1097 4570 1160 4640 diu
1211 4579 1381 4662 triticum,
1403 4600 1508 4671 quam
1522 4574 1688 4657 millium,
1713 4573 1751 4642 id
1765 4573 1883 4664 ipsum
1895 4596 2002 4664 quam
2015 4568 2206 4659 hordeum,

170 4685 263 4755 vesci
291 4684 342 4755 eis
371 4702 474 4775 posse
505 4672 669 4748 homines
695 4700 769 4745 non
794 4690 958 4747 assuetos.
992 4671 1094 4744 alunt
1127 4686 1163 4743 et
1213 4694 1247 4750 ει
1260 4703 1301 4749 ett
1317 4679 1436 4749 tritico
1450 4676 1650 4746 firmissima
1666 4676 1780 4765 siligo,
1795 4676 1926 4744 deinde
1938 4674 2081 4755 similia,
2101 4677 2206 4747 dein-

171 4787 291 4855 alvum
320 4808 387 4855 usu
415 4777 524 4852 huius
552 4778 691 4867 generis
717 4772 893 4848 contrahi.
952 4774 1024 4848 Res
1054 4773 1159 4843 etiam
1212 4783 1256 4850 de
1272 4780 1329 4851 cui
1343 4775 1435 4848 nihil
1452 4780 1657 4869 ademptum
1672 4792 1733 4859 εει,
1753 4778 1849 4869 quod
1864 4768 2206 4872 αὐτόπορονῦεεε·

171 4886 344 4969 ostendit,
369 4907 511 4956 succum
528 4906 569 4951 ex
590 4904 669 4951 zeae
685 4880 805 4969 granis
819 4880 976 4961 lentum,
1001 4891 1160 4947 tenacem
1212 4882 1245 4952 ci
1266 4895 1408 4952 vocant:
1443 4878 1619 4983 inbpmior
1639 4893 1691 4950 est
1712 4902 1753 4948 ex
1770 4878 1915 4970 polline,
1940 4877 2207 4950 infirmissimus

169 5003 206 5060 et
231 4986 406 5056 viscosum
433 5007 523 5054 esse:
563 5006 672 5076 quare
703 4981 899 5051 coctionem
924 4977 1160 5049 difficiliorem
1212 4984 1365 5054 cibarius
1380 4982 1492 5072 panis,

169 5114 242 5161 este
260 5099 535 5159 constsslffleum
551 5097 614 5157 0³¹·
1313 5082 1416 5155 Nunc
1437 5086 1564 5153 addam
1587 5081 1805 5152 differentias
1825 5105 1845 5149 a
1860 5083 2020 5152 coctione
2036 5098 2207 5175 sumptas,

271 5188 410 5282 Quarto
438 5186 516 5255 loco
548 5206 776 5257 numeramus
800 5207 842 5255 ex
870 5178 1003 5251 ltordeo
1038 5182 1160 5261 factos,
1211 5208 1301 5279 quae
1323 5209 1419 5255 nunc
1432 5186 1577 5280 quidem
1599 5208 1674 5254 non
1696 5184 1770 5254 sint
1786 5182 1918 5254 variae.
1968 5179 2073 5253 Olim
2091 5187 2209 5257 maior

167 5320 256 5392 quos
267 5292 427 5366 Galenus
443 5285 563 5379 inquit
575 5286 693 5355 minus
707 5286 850 5378 gignere
861 5285 968 5368 succi,
994 5295 1029 5353 et
1041 5281 1160 5354 minus
1211 5287 1361 5358 varietas
1374 5287 1453 5358 luit.
1505 5283 1581 5357 Alii
1595 5299 1679 5399 sunt
1697 5284 1869 5373 fttrnarii,
1895 5308 1957 5357 seu
1976 5282 2207 5379 κλεβανίται,

167 5399 324 5486 nutrire,
355 5416 463 5489 quam
493 5388 556 5459 illa
577 5410 721 5478 genera,
752 5411 843 5484 quae
870 5398 972 5457 antea
999 5383 1159 5456 recitavi:
1210 5388 1261 5458 sic
1276 5388 1383 5471 dicti,
1408 5413 1482 5460 non
1505 5401 1652 5483 propter
1672 5385 1841 5459 materiae
1856 5388 2123 5477 diversitatem,
2148 5394 2210 5463 sed
