4732 6030
157 339 234 410 888
495 383 498 392 -
750 330 909 410 DECL.
941 333 1017 408 DE
1047 335 1200 412 CASP.
1233 335 1595 412 CRUClGERO.
1655 416 1658 420 ,
2127 345 2202 419 884

167 504 343 633 Q.
976 514 1143 576 an.1549.
1207 511 1348 599 gatione
1369 510 1589 580 confirment.
1650 505 1730 580 Erit
1747 510 1855 600 igitur
1871 526 1903 583 et
1919 508 2011 584 banc
2026 515 2137 607 ipsam
2154 517 2201 587 ob
2307 582 2309 587 .

974 602 1145 632 Μ
1206 635 1345 681 cansam
1368 613 1525 681 narratio
1548 610 1762 701 simplicior,
1795 614 1878 706 quia
1904 616 1986 684 volo
2010 641 2085 686 eam
2104 620 2200 688 testi-

394 710 470 794 Be
504 705 638 821 Casp,
666 707 923 827 Cruciyero,
1205 714 1318 811 monii
1344 717 1484 806 pondus
1509 709 1660 798 babere,
1687 738 1765 784 cum
1789 716 1932 807 quidem
1951 717 2063 807 ipsius
2079 735 2200 810 pectus

226 866 258 921 ln
284 866 378 921 aeteae.
400 865 481 923 Dect.
501 862 535 921 T·
559 863 604 921 m·
629 865 747 936 ΡΜ,
777 864 907 920 nithard.
928 864 963 918 T·
977 863 1023 918 „L
1044 883 1070 934 p.
1086 864 1156 932 810,
1205 811 1294 883 mibi
1313 816 1718 934 penitusnptptnfuerit.
1759 812 1808 886 Et
1823 818 1992 936 quqniam
2009 813 2200 892 haeeaetas

260 935 381 990 serven.
402 937 437 993 Τ.
461 935 509 988 ιιι.
529 951 558 1002 p.
574 934 653 999 ιιι,
681 933 872 990 etinT.ttt.
892 933 1059 987 terseratis.
1078 932 1155 998 S,5.
1205 918 1308 1007 plena
1333 932 1383 986 est
1406 941 1647 1007 suspicionum
1675 931 1709 987 et
1734 918 2012 1005 calumniarum,
2042 934 2078 991 et
2105 932 2208 1008 vcre‚'

257 1005 347 1060 anm
365 1003 507 1075 ⁸⁸P³¹⁸²i¹¹¹
526 1003 627 1076 ”⁰⁶⁵³
645 1002 759 1059 Witeb.
779 1003 853 1059 ¹⁶⁴²
880 1004 907 1056 ⁸·
933 1005 950 1054 ²
969 1004 1005 1073 ΡΙ·
1204 1032 1244 1088 ut
1258 1017 1590 1113 Homerumque,
1625 1014 1694 1109 οὐχ
1709 1014 1792 1112 ὁσίη
1808 1015 1905 1091 κακὰ
1921 1013 2071 1114 ῥάπτειν
2087 1019 2196 1117 ἀλλή-

259 1187 267 1202 ‚
754 1188 761 1202 ,
1205 1124 1317 1205 λοισι,
1346 1121 1491 1213 nequid
1508 1121 1647 1191 linxisse
1664 1121 1804 1205 videar,
1829 1136 1932 1193 testes
1948 1148 2045 1194 meae
2064 1126 2198 1196 oratio-

160 1188 288 1257 (ΜΨ
312 1180 361 1252 de
394 1183 594 1274 ⁰⁰⁸Paf⁰
621 1184 898 1278 ‘Humilem’
930 1179 978 1252 (ὠ
1000 1185 1153 1251 Eram
1204 1223 1261 1291 nis
1276 1245 1348 1292 esse
1363 1223 1463 1302 volo,
1489 1217 1738 1292 Reverendum
1753 1224 1871 1293 virum
1887 1225 2195 1315 pastoremEccle-

334 1283 506 1356 Mnmt
530 1284 772 1357 salveldmi
799 1291 978 1356 recitata·
1204 1325 1276 1393 siae
1296 1337 1453 1407 nostrae,
1487 1335 1521 1391 et
1538 1322 1732 1413 Georgium
1752 1322 1966 1407 Rorarium,
1993 1329 2087 1399 viros
2101 1330 2195 1399 inte-

158 1418 349 1520 Principio
376 1430 505 1519 gratias
534 1453 598 1526 ago
621 1427 698 1499 Deo
727 1444 869 1500 aeterno
898 1431 990 1523 patri
1016 1429 1152 1499 domini
1204 1426 1392 1515 gerrimos‚
1418 1424 1548 1517 quibus
1566 1427 1631 1496 fuit
1647 1425 1952 1499 familiarissimus.
2006 1427 2192 1503 lnstituam

159 1533 273 1603 nostri
298 1529 376 1599 lesu
398 1527 550 1617 Christi,
585 1532 675 1602 fonti
699 1534 890 1624 sapientiae
916 1548 949 1603 et
975 1531 1152 1601 conditori
1204 1528 1312 1617 igitur
1341 1550 1458 1596 veram
1492 1539 1527 1597 et
1557 1529 1689 1598 nudam
1726 1531 2113 1617 commemorationem,
2155 1557 2193 1602 ac

161 1657 299 1714 rerum,
334 1629 643 1724 quodEcclesiam
670 1635 763 1703 inter
784 1658 850 1704 nos
872 1636 942 1703 sibi
963 1634 1098 1722 colligit
1113 1633 1153 1699 in
1203 1634 1365 1722 prorsus,
1390 1642 1429 1698 ut
1447 1626 1654 1713 Geometer,
1679 1628 1790 1698 lineas
1805 1641 1943 1699 tantum
1959 1634 2105 1704 aedilicii
2125 1636 2194 1704 du-

162 1735 260 1804 omni
276 1733 481 1804 aeternitate
498 1735 614 1824 ipsum
631 1734 898 1807 celebraturam:
925 1751 960 1806 et
974 1749 1050 1805 toto
1070 1757 1151 1803 enm
1204 1757 1298 1812 cam,
1323 1730 1509 1822 dequibus
1526 1732 1640 1800 extrui
1663 1753 1829 1818 magnum
1846 1755 1934 1822 opus
1949 1757 2067 1823 posse,
2090 1737 2193 1805 facile

150 1849 302 1928 pectore
317 1858 399 1919 oro,
426 1859 471 1904 ne
486 1835 579 1907 sinat
593 1837 687 1906 inter
702 1861 767 1906 nos
782 1839 939 1927 extingui
956 1839 1070 1906 lucem
1085 1837 1151 1904 do·
1203 1832 1354 1920 intelligi
1370 1832 1510 1922 poterit.
1718 1899 1719 1903 ,
2219 1826 2223 1835 “

161 1938 312 2020 urinae,
346 1939 406 2005 sed
436 1938 606 2006 immensa
641 1939 882 2007 misericordia
915 1962 977 2006 sua
1008 1951 1152 2027 propter
1306 1930 1441 2003 Ordiar
1462 1943 1600 2013 autem,
1630 1930 1720 2001 sicut
1743 1933 1909 2005 usitatum
1933 1951 2002 2022 est,
2028 1961 2047 2006 a
2070 1939 2194 2030 patria.

162 2040 275 2107 lilium
293 2035 358 2106 hos
373 2051 491 2107 coetus
500 2041 672 2125 gubernet
687 2052 721 2107 et
733 2053 865 2123 servet,
887 2055 922 2110 et
938 2035 1002 2109 bos
1013 2051 1152 2106 nostros
1203 2034 1314 2103 Natus
1329 2047 1379 2104 est
1393 2029 1703 2123 CasparCrueiger
1717 2033 1755 2102 in
1771 2033 1904 2130 inclyto
1918 2039 2050 2128 oppido
2061 2038 2193 2131 Lipsia.

162 2141 318 2209 alveolos
339 2140 529 2207 clementer
553 2154 721 2231 protegat.
781 2138 1010 2211 Consuetudo
1034 2153 1150 2208 autem
1202 2136 1272 2206 Hic
1286 2137 1315 2204 si
1333 2138 1376 2205 de
1392 2134 1526 2226 patriae
1545 2132 1709 2204 laudibus
1727 2131 1903 2207 rhetorico
1920 2163 2019 2209 more
2034 2140 2194 2212 dicturus

164 2253 215 2310 est
230 2241 336 2330 digna
361 2241 465 2309 laude
489 2243 526 2308 in
553 2236 607 2309 bis
625 2242 868 2331 congressibus
891 2245 934 2311 ad
950 2264 1152 2311 commone·
1204 2262 1331 2321 essem,
1358 2250 1528 2329 quantum
1548 2235 1715 2304 volumen
1739 2239 1823 2308 addi
1840 2241 1981 2332 posset?
2031 2241 2101 2313 Sed
2119 2243 2193 2333 ipse

162 2342 359 2411 faciendam
392 2342 630 2424 iuventutem,
663 2344 718 2410 vel
746 2345 930 2433 praeconia
962 2343 1153 2425 doctrinae,
1203 2340 1351 2433 patriam
1384 2338 1607 2429 praecipuam
1641 2333 1834 2408 Ecclesiam
1868 2365 1941 2410 esse
1966 2345 2089 2414 sensit:
2129 2370 2193 2414 nec

163 2442 220 2512 vel
238 2444 394 2534 exempla
411 2445 631 2513 eruditorum
648 2445 805 2515 recitare.
851 2441 1151 2534 Naminhisno-
1204 2456 1274 2511 tam
1305 2441 1433 2509 natalis
1466 2439 1535 2506 loci
1567 2439 1768 2509 celebritate
1801 2442 1951 2511 laetatus
1975 2457 2045 2524 est,
2085 2470 2190 2536 quam

164 2544 244 2614 stris
275 2544 402 2614 studiis
441 2548 627 2637 praecipue
661 2543 735 2614 non
767 2548 881 2618 solum
913 2551 1153 2616 accenduntur
1204 2545 1299 2636 quod
1317 2540 1495 2612 Ecclesiae
1509 2539 1594 2607 civis
1608 2540 1721 2610 factus
1737 2531 1815 2614 est.x
1850 2541 1924 2611 Nec
1940 2558 2056 2613 tamen
2074 2545 2193 2635 ingra-

164 2646 276 2715 animi
299 2647 560 2717 considerantes
581 2649 731 2717 aliorum
757 2649 967 2718 industriam
987 2661 1021 2717 et
1041 2649 1154 2716 virtu·
1204 2659 1260 2715 tus
1276 2644 1344 2713 fnit
1360 2643 1504 2734 patriae.
1556 2643 2192 2737 Agnoscebatsingularemfoelicita-
2285 2663 2287 2666 ’

165 2762 254 2832 tem,
280 2749 339 2816 sed
359 2751 634 2819 commonefinnt
647 2750 753 2818 etiam
770 2753 813 2818 de
830 2750 951 2819 multis
971 2751 1095 2834 rebus,
1120 2761 1155 2817 et
1204 2762 1273 2820 tem
1295 2769 1367 2816 esse
1391 2746 1489 2814 nasci
1513 2743 1551 2811 in
1576 2744 1639 2813 tali
1660 2745 1764 2830 urbe,
1798 2746 1835 2812 in
1858 2769 1927 2838 qua
1943 2770 2022 2816 cum
2042 2750 2193 2840 optima-

165 2844 265 2944 qnasi
301 2850 445 2939 vestigia
474 2851 696 2939 superiorum
726 2851 951 2940 aspicientes,
991 2853 1083 2919 viam
1110 2852 1152 2919 ad
1204 2874 1284 2920 rum
1302 2848 1431 2947 artium
1448 2846 1564 2915 studia
1581 2846 1749 2932 floreant,
1775 2861 1958 2938 etmagna
1975 2849 2021 2919 sit
2035 2852 2190 2920 erudito·

165 2953 347 3022 doctrinae
360 2973 475 3017 arcem
495 2952 648 3021 discunt.
1205 2976 1282 3022 rum
1306 2949 1524 3043 frequentia,
1562 2948 1718 3016 inveniri
1748 2949 1910 3020 doctores
1938 2950 2193 3023 adolescentiae

268 3049 321 3119 Ac
344 3044 433 3116 mihi
456 3051 599 3140 quidem
622 3045 689 3118 boc
712 3051 826 3140 ipsum
844 3055 929 3121 anni
947 3070 1085 3145 tempus
1100 3078 1155 3123 re·
1205 3051 1443 3133 commodius,
1469 3074 1573 3141 quam
1590 3049 1676 3118 alibi
1694 3065 1851 3141 possunt.

166 3166 275 3221 novat
296 3149 501 3219 memoriam
529 3149 633 3218 amici
663 3153 776 3220 nostri
797 3151 942 3244 Caspari
965 3154 1157 3244 Crucigeri,
1207 3210 1212 3221 ,
1306 3149 1385 3223 Etsi
1405 3165 1520 3221 autem
1545 3151 1795 3241 vimingenii,
1828 3176 1918 3244 quae
1935 3155 2005 3224 fuit
2024 3155 2062 3222 in
2079 3178 2120 3224 eo
2135 3180 2194 3225 ex-

167 3253 267 3349 cuius
288 3251 434 3321 morbus
455 3247 522 3321 hoc
545 3276 665 3322 mense
690 3277 784 3323 anno
800 3258 980 3347 superiore
996 3260 1157 3347 ingrave-
1202 3257 1335 3326 cellens
1358 3268 1392 3324 et
1416 3253 1580 3332 mirifica,
1612 3276 1687 3320 non
1710 3254 1823 3322 solum
1841 3255 1884 3322 ad
1900 3277 2020 3325 causas
2034 3251 2195 3351 physicas
2240 3320 2243 3332 ‚

167 3377 261 3445 scere
276 3365 446 3443 coeperat
498 3351 620 3447 ltaque
636 3378 716 3423 cnm
733 3352 822 3425 mibi
839 3358 987 3428 adsidue
1003 3361 1072 3433 iam
1091 3360 1156 3428 ob·
1205 3357 1426 3435 resero,·sed
1443 3350 1693 3441 singulareDei
1710 3357 1845 3425 donum
1859 3357 1966 3425 fuisse
1982 3371 2114 3427 statuo:
2143 3372 2195 3426 ta-

167 3471 326 3526 versetur
348 3454 423 3524 eius
444 3455 577 3543 imago,
611 3472 645 3526 et
667 3459 842 3527 desiderio
858 3461 932 3529 eins
949 3485 1023 3530 non
1041 3461 1157 3531 solum
1206 3470 1339 3528 menet
1357 3481 1374 3525 a
1395 3468 1582 3547 parentum
1601 3469 1748 3541 natura,
1774 3473 1807 3526 et
1824 3481 1843 3524 a
1859 3458 1972 3526 causis
1987 3459 2196 3529 coelestibus

167 3571 312 3650 propter
344 3556 533 3625 amicitiam
566 3570 601 3625 et
634 3558 832 3627 studiorum
860 3562 1157 3642 coniunctionem,
1206 3563 1323 3653 aliqua
1346 3572 1492 3627 naturae
1513 3556 1727 3648 praestantia
1748 3572 1887 3647 sumpta
1902 3559 2052 3628 videtur.
2112 3559 2195 3630 Fuit

167 3663 228 3730 sed
243 3660 347 3730 etiam
364 3672 508 3749 propter
520 3652 696 3726 Ecclesiae
712 3659 899 3728 orbitatem
917 3661 1052 3750 ingenti
1069 3663 1157 3730 adfi-
1208 3659 1364 3730 enimin
1388 3673 1499 3726 matre
1522 3657 1634 3724 virtus
1658 3657 1795 3748 eximia.
1845 3656 1894 3728 Et
1909 3661 1953 3727 de
1967 3661 2086 3751 positu
2102 3662 2196 3730 side-

168 3763 259 3842 ciar,
287 3761 393 3830 etiam
409 3759 447 3825 in
463 3754 558 3828 hunc
571 3759 686 3828 locum
703 3763 1073 3831 commemorationem
1084 3776 1159 3831 stu·
1208 3787 1286 3831 rum
1304 3759 1448 3827 memini
1465 3755 1665 3841 Ganricum⁹
1677 3759 1725 3827 ita
1736 3758 1908 3842 iudicare,
1935 3760 2070 3849 ingenii
2084 3764 2197 3831 excel-

169 3865 312 3956 diorum
349 3874 383 3930 et
412 3859 585 3930 virtutum
614 3861 688 3930 eius
711 3861 937 3931 adferendam
963 3887 1035 3933 esse
1064 3864 1159 3934 duxi.
1207 3862 1353 3931 lentiam
1370 3860 1568 3927 mirandam
1586 3857 1791 3944 significari,
1817 3861 1876 3929 sed
1891 3860 1998 3930 simul
2015 3864 2119 3931 etiam
2136 3890 2198 3932 va-

168 3965 301 4036 Notum
326 3977 378 4034 est
401 3963 497 4031 enim
520 3962 612 4031 illud
634 3963 819 4047 omnibus,
846 3960 940 4036 ὅπου
964 3990 1019 4045 τις
1043 3962 1158 4062 ἀλγεῖ,
1208 3959 1437 4033 riosmorbos
1456 3958 1675 4030 denunciari.
1726 3957 1779 4029 Ac
1795 3960 1824 4029 si
1841 3961 1919 4053 quis
1934 3965 2084 4056 requirit
2103 3967 2199 4057 posi·
2246 3997 2249 4007 ¹

170 4066 267 4137 κεῖσε
281 4060 344 4135 καὶ
355 4058 425 4157 τὴν
436 4059 532 4158 χεῖρ’
551 4062 633 4155 ἔχει.
677 4061 749 4133 Nee
764 4079 901 4135 tantum
917 4079 957 4136 ut
971 4067 1027 4135 vel
1043 4067 1160 4134 dolori
1209 4073 1283 4135 tum
1309 4062 1485 4144 siderum,
1518 4072 1558 4129 ut
1578 4073 1694 4129 extare
1721 4062 1834 4132 multa
1857 4065 2014 4156 exeropla
2037 4069 2200 4157 optarim,

171 4190 251 4235 mco
269 4165 507 4255 indulgeam,
548 4167 605 4234 vel
638 4165 796 4235 debitum
823 4167 996 4238 amicitiae
1021 4181 1161 4238 nostrae
1210 4168 1240 4234 is
1260 4178 1415 4254 tempore
1442 4161 1596 4232 indicato
1620 4157 1736 4231 thema
1759 4166 1961 4237 constituat.
2019 4163 2199 4239 Natusest

172 4287 303 4337 munus
331 4281 520 4355 praestem,
556 4263 624 4338 hoc
653 4280 899 4358 argumentum
928 4268 1061 4358 delegi,
1099 4271 1158 4338 sed
1210 4267 1304 4337 enim
1322 4261 1455 4355 Caspar
1473 4288 1568 4333 anno
1587 4261 1698 4335 1504.
1722 4265 1780 4334 die
1796 4267 1908 4357 prima
1926 4265 2082 4338 lanuarii
2098 4271 2200 4340 circi-

172 4367 404 4456 multomagis
419 4368 804 4453 adolescentumcansa,
824 4372 1160 4463 quibusexemplum
1210 4385 1263 4441 ter
1285 4364 1409 4436 horam
1433 4365 1601 4457 primam,
1636 4381 1714 4460 post
1735 4369 1887 4436 mediam
1913 4384 2073 4453 noctem,
2098 4373 2145 4440 ita
2162 4387 2202 4441 nt
2267 4423 2271 4441 ι

173 4492 294 4540 recens
320 4481 355 4538 et
375 4469 511 4537 illustre
534 4494 712 4562 propono,
744 4473 845 4541 cuins
866 4454 1100 4564 csssideratio
1118 4475 1161 4542 de
1211 4475 1281 4541 duo
1304 4483 1441 4541 tantum
1473 4468 1543 4537 sint
1572 4469 1750 4538 domicilia
1782 4471 1942 4540 omnium
1965 4473 2201 4562 planetarum,

174 4568 230 4641 bis
252 4570 337 4661 ipsis
357 4568 499 4648 studiis,
529 4571 713 4663 inquibus
735 4587 938 4660 versantur,
972 4575 1080 4645 multa
1103 4598 1161 4643 eos
1211 4573 1293 4656 Sol,
1327 4569 1447 4639 Venus
1473 4583 1507 4638 et
1528 4567 1728 4640 Mercurius
1755 4572 1793 4638 in
1820 4569 2037 4662 Capricorno
2059 4577 2200 4644 tertium

173 4695 319 4744 monere
333 4670 473 4762 poterit.
524 4669 596 4740 Nec
619 4673 798 4744 instituam
820 4672 958 4747 Graeco
977 4702 1075 4747 more
1098 4702 1160 4768 pa·
1210 4677 1327 4746 locum
1351 4672 1396 4743 ab
1417 4667 1615 4761 horoscopo
1638 4685 1821 4763 occupent.
1872 4671 2010 4742 Caeteri
2027 4700 2149 4746 omnes
2164 4679 2201 4743 in

175 4773 376 4868 negyricam
396 4771 652 4856 laudationem,
686 4777 745 4843 sed
764 4779 919 4848 breviter
943 4779 1035 4849 vitae
1050 4779 1163 4869 ipsius
1211 4777 1366 4857 Cancro,
1409 4768 1601 4856 Saturnus,
1635 4770 1789 4863 Iupiter,
1821 4771 1921 4842 Mars
1948 4789 1981 4846 et
2003 4774 2105 4846 Luna
2124 4780 2201 4846 vol-

174 4875 379 4960 bistoriam,
413 4859 537 4944 studia⁸
559 4886 595 4943 et
630 4875 673 4942 de
704 4879 999 4950 maximis'rebns
1032 4879 1163 4949 indicia
1212 4891 1347 4949 vuntur
1370 4873 1408 4941 in
1427 4897 1523 4942 nono
1548 4874 1644 4957 loco,
1671 4887 1833 4965 extatque
1849 4889 1985 4947 tantum
2002 4901 2106 4968 supra
2122 4881 2204 4948 fini-

176 4978 348 5057 narrabo,
383 5000 534 5068 quorum
563 4975 735 5044 memoria
767 4983 961 5066 posteritati
983 4981 1082 5052 utilis
1103 4995 1164 5051 est.
1214 4997 1325 5052 torem
1339 4967 1520 5071 (στάχυς)
1534 4973 1811 5066 spieaVirginis,
1838 4990 2008 5069 qnantum
2027 4981 2119 5050 infra
2140 4984 2203 5050 ad·
2272 4974 2278 4985 ’

177 5079 296 5173 Atque
318 5078 454 5149 utinam
477 5076 671 5146 multorum
696 5079 916 5150 eruditorum
944 5109 985 5154 ex
1011 5084 1073 5152 illa
1090 5083 1165 5151 sin·
1214 5078 1284 5152 huc
1301 5082 1430 5150 absunt
1445 5102 1464 5145 a
1480 5078 1573 5146 linea
1590 5074 1885 5149 horizontisduae
1901 5081 2058 5152 lucentes
2073 5085 2109 5151 in
2125 5098 2203 5153 utra

177 5182 312 5253 seriore
339 5178 548 5274 antiquitate
570 5178 789 5260 testimonia,
825 5205 906 5250 vere
928 5197 962 5254 et
985 5185 1165 5277 perspicue
1215 5179 1331 5267 chele,
1356 5203 1446 5275 quae
1468 5179 1612 5272 quidem
1634 5179 1737 5247 nobis
1759 5180 2058 5253 simuloriuntnr.
2107 5183 2204 5253 Con-

177 5286 306 5375 scripta
328 5283 498 5354 extarent.
556 5278 645 5350 Nam
669 5275 736 5350 boc
759 5281 836 5373 ipso
852 5279 947 5354 Deus
969 5287 1107 5380 aliquos
1126 5287 1165 5354 in
1215 5285 1309 5376 gmit
1337 5285 1440 5354 etiam
1471 5295 1565 5352 totus
1587 5280 1788 5351 asterismus
1810 5281 1940 5352 Leonis
1969 5309 2048 5354 cum
2069 5286 2205 5354 decimo

178 5382 335 5455 Ecclesia
358 5382 609 5455 excellentibus
622 5382 736 5478 xdonis
756 5397 879 5471 ornat,
911 5399 950 5458 nt
973 5401 1077 5458 testes
1094 5388 1166 5457 sint
1215 5389 1294 5457 loco
1316 5387 1360 5456 ab
1381 5380 1589 5473 horoscopo.
1647 5377 1712 5452 Est
1732 5383 1879 5454 omnino
1896 5406 2101 5474 congressus
2122 5389 2207 5456 stel-

179 5510 282 5556 verae
297 5485 508 5565 sententiae,
535 5497 567 5553 et
594 5483 681 5553 alios
699 5487 882 5574 erudiant,
906 5511 1023 5560 aesna
1039 5489 1166 5560 suffra·
1215 5491 1330 5561 larum
1347 5511 1419 5558 non
1442 5484 1613 5574 vulgaris,
1639 5485 1772 5579 dequo
1787 5487 1832 5555 ab
1849 5486 1996 5558 eruditis
2007 5485 2118 5556 multa
2135 5488 2209 5559 dis-

228 5592 404 5685 lllnauru.
422 5591 527 5656 Oeen.
540 5589 624 5656 Vos.
639 5587 702 5658 xl.
1302 5625 1304 5628 >
1695 5661 1700 5670 ,
1718 5584 1770 5660 58
