4732 6030
134 192 185 277 ss.

135 364 298 440 oratione
318 356 483 438 utantur.
541 352 615 452 Qul
636 362 667 433 si
688 385 763 433 rem
786 361 932 454 propius
957 359 1130 453 inspexis-

138 484 233 553 sent,
259 467 467 561 neutiquam
483 463 704 535 adsciticium
720 478 755 535 et
766 487 1066 556 supervacaneum
1083 462 1129 531 ab

139 569 359 663 eloquentiae
389 566 647 659 professoribus
671 567 792 638 fucum
823 566 958 658 requiri
993 565 1129 634 iudica-

136 683 227 742 rent.
279 671 360 762 Ipsa
374 670 547 741 orationis
561 669 708 761 puritas,
734 668 924 759 nativaque
936 667 1041 736 facies
1056 667 1128 735 ele*-

134 773 254 862 gantia
271 785 342 859 est,
368 765 475 866 quam
497 773 566 842 nisi
585 785 725 854 tueare,
750 792 824 838 non
849 770 953 837 modo
976 792 1051 838 non
1067 792 1126 837 ve-

135 887 239 944 nuste
263 888 324 944 aut
347 874 553 967 inquinate,
577 875 646 943 sed<
659 873 872 963 improprie,
897 872 1062 954 obscure,
1088 895 1128 939 ac

135 978 255 1068 inepte
284 976 425 1050 dixeris.
486 970 534 1044 Et
561 975 860 1068 quemadmodum
888 973 938 1040 in·
956 973 1129 1061 fingendis

80 1104 88 1114 ·
136 1077 347 1164 corporibus
364 1102 403 1146 ea
418 1078 561 1147 demum
576 1075 748 1166 elegantia
764 1088 835 1160 est,
859 1075 923 1144 ubi
938 1075 1027 1143 iusta
1045 1098 1128 1166 pro-

135 1180 302 1272 portione
328 1180 483 1248 membra
506 1178 625 1248 omnia
648 1179 744 1247 inter
768 1177 1072 1274 seconsentiunt,
1097 1176 1127 1242 si

136 1281 225 1375 qnid
240 1304 339 1349 secus
358 1281 486 1364 facias,
511 1294 748 1350 monstrosum
766 1278 849 1363 erit,
874 1279 922 1349 ita
946 1302 1026 1347 cum
1050 1300 1128 1367 ger-

137 1407 280 1452 manam
308 1381 477 1452 orationis
501 1381 650 1473 speciem
673 1404 764 1450 nova
789 1379 1046 1471 compositione
1064 1382 1127 1447 de-

137 1483 360 1567 so‘rrnaveris,
389 1495 625 1553 monstrosam
647 1484 753 1574 plane
776 1507 816 1552 ac
839 1483 994 1573 ineptam
1012 1482 1127 1552 facies.

137 1582 242 1655 Picus
263 1584 302 1653 in
329 1585 476 1677 epistola
499 1609 568 1677 qua
592 1585 753 1655 barbaris
768 1580 1020 1674 Philosophiae
1041 1583 1126 1652 scri-

621 185 784 264 neo-u.
817 186 891 264 oe
923 158 1203 262 'encouro
1239 180 1687 276 aroounorrau

2125 192 2177 275 54

1180 357 1351 444 stidiunt,
1375 358 1496 429 adeoa
1517 358 1697 429 communi
1712 352 1899 430 hominum
1914 385 2020 436 sensu
2035 367 2173 455 alienis,

1179 474 1279 531 utne
1295 458 1460 553 quidem,
1488 461 1574 553 quid
1592 461 1690 554 loqui
1705 462 1770 546 sit,
1796 462 2005 553 intelligant
2058 466 2173 563 Pepe-

1180 563 1227 633 rit
1250 561 1457 653 elegantiam
1479 562 1684 648 necessitas,
1709 567 1808 656 quod
1829 577 1862 634 et
1886 566 2035 636 barbara
2051 571 2172 641 omnia

1179 665 1313 734 incerta
1328 678 1421 748 sunt,
1441 677 1474 733 et
1484 687 1575 756 quae
1589 666 1753 734 oratoriis
1762 669 1983 738 ornamentis
1997 669 2171 743 illustrata

1179 780 1273 847 sunt,
1289 767 1418 835 clarius
1433 766 1689 857 percipiuntur.
1715 766 1806 836 Nam
1822 768 1860 836 in
1876 764 1972 840 hunc
1989 787 2092 839 usum
2107 775 2171 843 ad-

1179 864 1296 937 hiberi
1326 863 1499 937 schemata
1523 866 1656 939 Fabius
1682 869 1841 959 scripsit,
1873 895 1988 964 neque
2010 897 2170 967 uuquam
2262 862 2267 878 ,

1179 994 1296 1039 veram
1315 971 1464 1061 speciem
1480 973 1524 1039 ab
1540 970 1693 1042 utilitate
1712 985 1805 1041 recte
1820 972 1934 1040 dividi
1956 977 2073 1044 sentit.
2125 974 2169 1045 ln

1178 1072 1286 1141 sacris
1302 1071 1420 1154 libris,
1449 1086 1489 1141 ut
1504 1072 1646 1140 interim
1661 1069 1864 1164 prophanos
1880 1075 2054 1155 omittam,
2082 1078 2169 1170 quid

1179 1196 1307 1266 quaeso
1332 1174 1510 1240 desideras
1536 1170 1795 1243 rhetoricorum
1830 1170 2072 1245 schematum?
2120 1176 2171 1250 At

1179 1271 1235 1344 his
1251 1275 1379 1366 opinor
1396 1298 1469 1342 nou
1488 1274 1588 1342 usuri
1611 1288 1708 1342 erant
1729 1272 1942 1366 Prophetae,
1967 1280 1997 1347 si
2018 1275 2110 1349 nihil
2124 1280 2171 1348 ad

1179 1402 1252 1446 rem
1269 1377 1380 1445 facere
1400 1376 1626 1446 iudicassent.
1680 1374 1817 1446 Videtis
1830 1403 1898 1470 qua
1914 1381 2051 1450 ratione
2068 1382 2171 1451 vobis

1180 1478 1401 1570 eloquentiae
1425 1478 1540 1546 studia
1565 1479 1826 1564 commendem,
1861 1482 1957 1571 quod
1976 1505 2041 1551 nec
2063 1508 2170 1574 expo-

1178 1605 1281 1664 nere,
1315 1605 1404 1672 quae
1425 1580 1589 1649 volumus
1611 1579 1698 1669 ipsi,
1735 1603 1799 1647 nee
1823 1605 1912 1673 quae
1933 1605 1952 1650 a
1975 1585 2170 1655 maioribus

136 1685 300 1778 ptoribus
321 1686 582 1777 patrocinatur,
604 1666 762 1771 ludens,
795 1688 900 1756 credo
933 1685 971 1753 in
1004 1677 1127 1778 ἀδόξῳ
1178 1697 1270 1752 recte
1286 1684 1412 1772 scripta
1429 1694 1557 1765 extant,
1582 1680 1778 1769 intelligere
1793 1683 1980 1772 possimus,
2006 1686 2075 1754 nisi
2093 1710 2171 1755 cer-

136 1800 364 1877 argumento,
395 1803 430 1858 et
450 1787 658 1878 elegantiam
681 1812 701 1857 a
724 1801 816 1858 recte
832 1788 974 1857 dicendi
990 1788 1126 1856 ratione
1178 1799 1251 1853 tam
1272 1783 1414 1852 dicendi
1439 1807 1601 1851 normam
1628 1782 1931 1873 perdidicerimus.
1989 1781 2171 1878 Equidem

137 1903 285 1981 separat,
303 1889 515 1978 etexplicari
530 1913 585 1958 res
599 1890 838 1982 qualicunque
853 1888 1013 1958 oratione
1027 1910 1128 1978 posse
1179 1908 1253 1952 non
1279 1885 1384 1952 video
1411 1887 1588 1975 quomodo
1622 1884 1702 1952 aliis
1735 1878 1922 1955 homiuum
1950 1889 2026 1955 vice
2059 1889 2171 1975 futuri

135 2005 265 2061 censet.
295 2042 296 2046 ,
316 1987 413 2057 Huic
431 1989 593 2080 equidem
615 1985 709 2058 nihil
728 2011 934 2072 succenseo,
955 1988 1022 2080 'qui
1045 1990 1129 2057 bar·
1179 1987 1267 2069 sint,
1293 1985 1355 2076 qui
1378 2009 1442 2052 nec
1457 2009 1545 2076 quae
1569 1987 1746 2070 sentiunt,
1772 1988 1964 2078 explicare,
1990 2013 2054 2057 nec
2073 1992 2170 2081 quod

138 2092 275 2159 bariem
291 2113 366 2159 non
383 2089 494 2178 magis
507 2114 548 2159 ex
565 2091 676 2159 animi
690 2090 861 2160 sententia
875 2101 1006 2174 tuetur,
1022 2114 1126 2179 quam
1179 2099 1272 2156 recte
1285 2086 1433 2169 dicitur,
1459 2087 1605 2180 adsequi
1620 2100 1767 2180 queunt.
1817 2088 1937 2178 Quare
1954 2093 2107 2161 utnulla
2125 2092 2172 2178 sit

137 2192 267 2261 febrim
283 2189 481 2260 Favorinus
496 2192 677 2264 laudabat.
717 2189 933 2271 Hocmirm,
958 2191 1128 2283 essequi-
1179 2189 1401 2281 eloquentiae
1422 2187 1594 2276 dignitas,
1627 2189 1725 2257 nulla
1752 2193 1880 2278 gratia,
1913 2206 2031 2262 tamen
2054 2218 2092 2263 ea
2116 2194 2171 2275 vis

136 2294 204 2363 bus
221 2305 292 2361 tam
307 2291 455 2360 frivolae
470 2292 626 2381 argutiae
641 2292 732 2362 serio
753 2292 1009 2384 persuaserint,
1034 2287 1128 2361 nihil
1180 2304 1248 2374 est,
1274 2303 1408 2358 utnon
1432 2291 1525 2378 igni,
1551 2315 1625 2359 non
1646 2315 1744 2374 uere,
1771 2304 1811 2361 ut
1833 2295 1952 2386 aiunt,
1979 2318 2053 2364 non
2077 2320 2169 2389 aqua

136 2395 285 2477 referre,
309 2394 705 2487 quomodoloquamur.
757 2392 818 2463 An
832 2417 916 2463 vero
933 2406 1026 2464 recte
1049 2418 1127 2463 eor·
1179 2392 1342 2484 pluribus
1361 2391 1400 2459 in
1422 2392 1509 2460 locis
1531 2406 1685 2464 utamur.
1747 2391 1938 2481 Quomodo
1963 2398 2057 2465 enim
2083 2420 2170 2466 con-

138 2519 204 2588 pus
220 2494 420 2566 imitabitur
441 2495 573 2586 pictor,
598 2495 630 2565 si
650 2496 749 2566 nulla
764 2495 902 2590 ratione
919 2494 1125 2587 penicillum
1179 2494 1304 2562 sistant
1326 2516 1381 2562 res
1404 2489 1599 2573 humanae,
1634 2494 1664 2560 si
1688 2495 1804 2583 legum
1826 2519 2006 2565 sacrarum
2028 2512 2062 2567 et
2087 2522 2170 2587 pro·

137 2610 254 2685 regat,
279 2597 309 2667 si
325 2611 455 2665 temere
467 2597 601 2670 feratur
614 2621 759 2680 manus,
784 2621 850 2666 nec
863 2600 1039 2667 ducantur
1052 2610 1127 2666 arte
1178 2591 1376 2687 phanarum
1400 2594 1635 2684 patrocinium
1657 2594 1861 2688 eloquentia
1879 2598 2035 2682 deserat,
2060 2599 2171 2669 since

136 2698 276 2769 lineae?
301 2693 360 2767 Ad
372 2721 452 2767 eum
464 2700 614 2781 ¹modurn
629 2697 824 2769 nec'animi
842 2699 897 2769 tui
915 2700 1127 2785 sententiam
1179 2695 1350 2789 publicis,
1375 2721 1440 2795 nee
1455 2697 1602 2788 privatis
1617 2698 1774 2767 consiliis
1788 2697 1901 2768 oratio
1915 2723 2003 2792 quae
2018 2700 2170 2791 intelligi

137 2800 217 2871 aliis
235 2801 282 2869 ob
299 2800 420 2869 oculos
443 2800 622 2890 posueris,
646 2801 686 2868 ni
703 2801 857 2893 propriis
874 2815 907 2871 et
928 2801 1127 2871 illustribus
1180 2798 1306 2891 possit,
1329 2793 1558 2881 adhibeatur,
1591 2799 1620 2866 si
1642 2822 1698 2869 res
1722 2812 1836 2890 gestae
1859 2801 1968 2870 nullis
1988 2803 2100 2873 literis
2123 2805 2169 2872 ad

139 2901 258 2971 verbis
272 2898 500 2992 apta'vocum
519 2903 793 2990 compositione,
819 2903 912 2970 iusto
935 2902 1126 2971 sententia·
1180 2912 1338 2994 posteros
1352 2900 1542 2969 transmitti
1559 2901 1714 2992 queant?
1736 2899 1884 2994 Ecquod
1900 2903 2086 2991 vestigium
2101 2897 2170 2973 hu-

138 3027 218 3073 rum
239 3003 366 3070 ordine
386 3012 498 3071 utare.
558 2997 651 3066 Nam
674 2999 822 3089 perinde
853 2998 957 3092 astque
981 3025 1127 3092 corpora
1180 3002 1358 3071 manitatis
1373 3003 1411 3068 in
1424 3001 1488 3070 tali
1498 2999 1692 3089 Republica
1709 3002 1886 3094 reliquum
1901 3003 2032 3072 fuerit?
2056 3003 2169 3075 Porro

138 3102 338 3184 coloribus,
370 3097 482 3166 animi
503 3099 712 3175 sententiam
740 3100 900 3170 oratione
925 3125 1128 3194 repraesen-
1180 3105 1224 3171 ab
1248 3098 1315 3170 hac
1331 3101 1542 3194 quantulum
1558 3102 1712 3171 distabat
1736 3117 1829 3171 aetas
1849 3104 2034 3193 superior?
2059 3130 2171 3198 quum

140 3220 268 3273 tamus.
304 3197 424 3287 Quare
438 3222 576 3269 necesse
592 3213 644 3270 est
658 3201 809 3271 dicendo
826 3217 954 3272 certam
973 3204 1126 3296 aliquam
1180 3227 1359 3272 sacrorum
1374 3203 1548 3271 librorum
1564 3226 1761 3272 sermonem
1778 3214 1888 3295 prope
1904 3228 2009 3274 nemo
2027 3206 2096 3275 iam
2113 3209 2171 3277 in-

99 3378 102 3383 ,
141 3302 330 3392 imaginem
359 3313 433 3369 arte
461 3302 616 3393 concipi,
650 3326 740 3396 quae
763 3304 939 3376 discernat
970 3307 1063 3376 inter
1092 3328 1129 3373 se
1180 3304 1372 3393 telligeret,
1399 3302 1627 3398 quotidieque
1644 3306 1832 3375 stultorum
1848 3301 2095 3398 Sophistarum
2113 3333 2171 3378 ar-

139 3421 307 3495 tanquam
331 3403 449 3472 vultus
473 3404 736 3477 sententiarum.
788 3405 985 3495 Flagitium
1003 3421 1073 3491 est,
1098 3408 1128 3474 si
1180 3407 1287 3475 bitrio
1311 3408 1544 3496 fingerentur,
1579 3430 1618 3475 ac
1641 3407 1897 3497 refingerentur
1919 3431 2035 3478 sacrae
2066 3411 2170 3499 leges.

140 3506 220 3599 quis
246 3504 323 3572 viae
356 3503 480 3592 ignaro
505 3506 645 3574 deviam
677 3507 835 3576 semitam
866 3521 1052 3579 monstret:
1093 3522 1130 3576 at
1179 3507 1250 3580 Res
1272 3523 1386 3597 gestae
1403 3508 1549 3575 illorum
1567 3522 1765 3598 temporum
1789 3511 1940 3578 aeternis
1955 3513 2101 3581 obrutae
2119 3527 2172 3581 te-

140 3609 203 3701 qni
227 3619 319 3675 recte
345 3606 486 3673 dicendi
512 3631 594 3677 cura
624 3624 765 3692 vacant,
797 3611 934 3701 quoties
962 3611 1127 3678 lectorem
1179 3611 1299 3680 nebris
1322 3612 1454 3693 iacent,
1480 3632 1585 3676 nemo
1604 3610 1699 3677 enim
1718 3624 1809 3694 erat,
1838 3612 1900 3704 qui
1918 3613 1969 3681 eis
1987 3613 2169 3683 literarum

140 3735 159 3779 a
176 3708 232 3776 via
250 3706 457 3776 abducunt?
488 3710 626 3800 quoties
647 3710 756 3779 unius
776 3712 876 3780 verbi
899 3713 1011 3781 abusu
1034 3711 1129 3779 lodi·
1178 3713 1301 3780 lumen
1318 3707 1486 3781 adhibere
1503 3724 1629 3800 posset.
1662 3711 1879 3803 Disciplinae
1892 3737 2015 3782 omnes
2029 3715 2169 3782 dicendi

140 3808 314 3880 ficantur?
353 3806 437 3877 Non
464 3811 573 3878 semel
601 3813 801 3902 imposuere
823 3813 862 3881 in
886 3807 1129 3904 Philosophia,
1181 3836 1306 3903 genere
1324 3814 1373 3881 sic
1387 3813 1592 3882 obscuratae
1607 3827 1700 3896 suut,
1723 3827 1763 3882 ut
1777 3837 1821 3881 ne
1837 3810 2008 3882 Doctores
2024 3813 2169 3904 quidem

141 3914 179 3981 in
204 3912 312 3980 sacris
336 3909 450 3980 literis
478 3911 676 3980 soloecismi
707 3915 835 3984 nostris
865 3915 1126 4007 interpretibus.
1181 3915 1263 4006 ipsi,
1288 3916 1373 4004 quid
1391 3914 1639 4002 profiterentur
1654 3913 1736 3979 satis
1754 3925 1971 4001 compertum
1988 3908 2169 3986 haberent.

141 4013 232 4103 Quis
249 4012 343 4081 enim
362 4011 522 4081 omnium
538 4010 640 4081 Pauli
658 4016 866 4083 sententiam
884 4016 922 4083 in
934 4010 1129 4085 Corinthiis
1181 4015 1477 4100 Digladiabantur
1491 4011 1585 4078 inter
1599 4032 1635 4077 se
1649 4012 1694 4078 de
1714 4011 1835 4099 figuris
1855 4015 2029 4082 sermonis
2043 4012 2169 4087 Philo-

143 4117 326 4185 adsecutus
343 4126 405 4197 est,
429 4113 491 4182 ubi
504 4110 615 4182 Grilli
629 4113 688 4182 isti
701 4116 892 4203 elegantiae
910 4129 1130 4205 contempto·
1180 4109 1304 4202 sophi,
1329 4128 1498 4204 tanquam
1517 4112 1555 4179 in
1572 4112 1726 4180 tenebris
1741 4111 1965 4200 Andabatae,
1991 4140 2056 4187 nec
2072 4105 2170 4210 quis-

142 4241 214 4300 res‚
240 4227 438 4285 verteruntt
469 4210 524 4284 Ex
547 4214 668 4285 multis
689 4218 858 4285 facierum
883 4217 1042 4308 personis
1065 4228 1129 4299 ete.
1182 4239 1286 4309 quam
1301 4238 1319 4282 a
1336 4215 1536 4283 domesticis
1551 4213 1622 4282 suis
1638 4215 1743 4305 plane
1757 4215 2029 4306 intelligebatur.
2061 4216 2170 4291 Recte

144 4318 244 4408 Quae
266 4317 508 4406 Augustinum
534 4331 722 4409 tempestas
752 4319 883 4403 aulert,
916 4344 987 4411 quo
1013 4318 1130 4386 miuus
1182 4319 1243 4388 ille
1265 4309 1474 4410 ἀνᾶχαρσιν
1492 4311 1582 4411 nop'
1608 4311 1805 4410 ἀθηναίοις
1829 4314 2047 4406 uoluminis,
2072 4317 2171 4414 ἀθη-

146 4421 362 4510 propositum
383 4431 509 4502 teneat,
534 4419 572 4487 in
587 4421 785 4490 enarrando
801 4445 842 4489 eo
859 4422 953 4513 quod
972 4435 1022 4491 est
1036 4421 1127 4511 apud
1180 4413 1311 4498 ναίους
1319 4413 1360 4489 δὲ
1374 4413 1475 4512 παρὰ
1492 4411 1661 4503 deridete.
1686 4414 1733 4487 At
1749 4418 1806 4487 isti
1822 4420 1917 4489 domi
1934 4444 2017 4490 suae
2031 4419 2169 4494 ἐσθλοί·

147 4518 314 4589 loannem
331 4515 400 4614 τὴν
416 4515 536 4614 ἀρχὴν
551 4517 571 4591 ὃ
586 4516 649 4593 καὶ
666 4526 766 4595 λαλῶ
779 4516 897 4613 dots?
930 4520 1008 4591 lloc
1023 4544 1131 4610 genus
1182 4516 1305 4608 κιζον,
1338 4544 1508 4612 suamque
1536 4520 1667 4609 singuli
1693 4520 1867 4591 dialecton
1892 4521 1979 4590 mira
2010 4525 2172 4595 libertate

146 4636 267 4691 extant
291 4622 476 4691 innumera
508 4624 657 4712 passim,
690 4624 753 4693 ubi
777 4624 1004 4692 mediocriter
1027 4625 1131 4692 etiam
1183 4623 1550 4693 conaminiscebantur.
1586 4620 1684 4691 lures
1701 4621 1750 4691 eis
1767 4623 1939 4715 voluptati
1955 4624 2072 4707 luisse,
2096 4650 2171 4695 non

146 4722 305 4793 eruditos
320 4722 529 4792 barbarismi
544 4725 754 4798 fefellerunt.
798 4722 900 4808 Adeo
916 4750 989 4795 non
1008 4724 1133 4817 quovis
1184 4726 1286 4794 aliter
1303 4738 1405 4817 atque
1423 4721 1603 4793 Heraclito
1629 4724 1701 4808 illi,
1727 4725 1871 4793 caeteris
1886 4728 2096 4797 mortalibus
2120 4742 2173 4799 te-

146 4822 321 4896 orationis
337 4849 461 4914 genere
479 4825 603 4895 lectori
618 4827 843 4914 satisfeceris,
867 4830 926 4896 sed
953 4851 1035 4896 cura
1058 4841 1133 4896 stu·
1185 4829 1312 4895 nebras
1328 4825 1524 4897 offundere.
1560 4824 1633 4894 lam
1651 4850 1729 4894 curn
1748 4825 1894 4894 minime
1910 4828 2099 4897 obscurum
2115 4830 2174 4915 sit,

147 4929 281 5019 diuque
297 4929 451 5016 paranda
463 4927 610 4999 facultas
624 4941 691 5013 est,
717 4953 785 5022 qua
800 4929 1135 4999 enimituisenten·
1185 4928 1308 5021 quanti
1337 4928 1442 4997 nohis
1470 4927 1691 5020 eloquentiae
1716 4941 1938 5018 contemptus
1965 4933 2175 5017 constiterit,

147 5030 233 5099 tiam
268 5027 450 5119 perspicue
482 5029 634 5099 aliorum
667 5031 781 5102 oculis
813 5032 985 5102 subiicere
1013 5030 1136 5122 possis,
1186 5055 1249 5099 cur
1271 5030 1468 5099 barbariem
1485 5054 1559 5098 non
1579 5028 1829 5098 abominamur
1852 5043 2020 5122 tanquam
2043 5056 2175 5102 nocen-

146 5131 338 5224 ornniaque
362 5133 544 5203 commode
568 5157 656 5225 quae
685 5158 741 5203 res
767 5134 896 5224 poscit,
928 5132 1063 5226 eloqui:
1099 5132 1133 5200 id
1186 5132 1355 5202 tissimam
1370 5131 1525 5223 pestem?
1549 5155 1613 5199 cur
1624 5154 1696 5199 non
1711 5130 2176 5220 magnoconscnsuescho·

148 5246 200 5303 est
225 5234 319 5303 enirn
342 5232 518 5319 eleganter
544 5235 670 5304 dicere.
720 5233 819 5323 Quin
844 5235 952 5326 igitur
977 5229 1137 5303 hellebo-
1187 5234 1232 5302 lis
1249 5233 1481 5304 exibilamus?
1503 5258 1566 5303 cur
1582 5233 1649 5324 ipsi
1668 5233 1772 5302 nobis
1788 5235 1960 5324 tantisper
1977 5235 2177 5305 invidemus

147 5358 226 5405 rum
244 5333 474 5428 propinamus
495 5335 557 5424 iis,
583 5338 646 5431 qui
661 5351 878 5409 venustatem
896 5337 1068 5409 orationis
1085 5336 1137 5407 fa·
1189 5337 1447 5431 eloquentiam,
1473 5360 1542 5428 qua
1568 5331 1660 5407 nihil
1683 5336 1828 5424 melius,
1853 5332 1944 5407 nihil
1966 5336 2117 5426 amplius
2138 5336 2179 5405 in

1488 5431 1546 5508 4*
