4732 6030
102 267 174 341 ast
642 255 807 337 DEC‘L.
838 254 913 335 DE
942 247 1275 333 EMENDATO
1309 244 1603 329 LATRONE.
1634 315 1637 322 .
2066 250 2142 331 482

204 432 322 525 Quam
344 431 472 504 misera
495 445 548 503 est
574 446 693 506 antem
720 433 888 514 servitus,
923 451 1094 522 organum
1148 423 1287 496 Videtis
1302 419 1395 496 hauc
1410 427 1684 509 essesummam,
1707 426 1963 498 'etseuteutiam
1978 427 2140 499 omnium

103 563 177 610 esse
207 538 298 607 tanti
328 534 461 606 furoris
483 557 524 605 ac
546 537 637 607 tanti
663 536 737 606 odii
760 538 926 606 adversus
954 532 1095 604 Deuml
1147 528 1444 619 promissionum,
1477 550 1566 621 quae
1580 524 1747 598 Patribus
1772 540 1806 596 et
1820 523 2006 621 Prophetis
2028 531 2140 600 tradi-

104 640 203 711 'Ealis
224 650 276 708 est
296 637 367 709 vita
391 634 545 708 Neronis
570 653 604 710 et
618 638 810 730 impiorum
826 635 1006 719 omnium,
1032 634 1092 727 qui
1147 644 1203 700 tae
1226 644 1319 701 sunt.
1380 629 1493 700 Lucet
1525 652 1607 718 ergo
1639 627 1677 697 in
1700 629 1837 699 latmne
1859 653 1942 700 vera
1966 631 2067 700 fides:
2104 645 2140 703 et

103 765 182 812 cum
206 739 244 811 in
267 762 369 809 cruce
392 739 590 830 pendeant,
622 733 691 810 hoc
716 753 787 822 est,
818 740 891 809 siut
912 737 951 804 in
977 734 1091 805 media
1144 731 1227 799 fidei
1252 732 1437 823 proprium
1466 744 1518 800 est
1549 743 1665 819 petere
1688 730 1828 800 veniam
1853 745 1998 823 propter
2020 733 2138 824 ipsum

79 856 234 922 morte,
260 839 553 932 uamvoluptates
568 863 691 919 eorum
706 865 779 912 nou
795 852 877 911 sunt
893 839 1092 921 diuturnae,
1145 833 1370 902 liberatorem
1392 832 1508 903 filium
1528 830 1616 918 Dei,
1649 856 1714 902 nec
1735 833 1906 902 deterreri
1925 835 2057 904 nostris
2074 835 2138 903 de·

101 957 220 1014 tamen
231 940 456 1012 liberatorem
471 957 714 1032 aspernantur.
767 939 816 1012 Et
831 941 1015 1011 confirmat
1036 960 1092 1007 er·
1144 933 1254 1017 lictis,
1285 957 1356 1026 quo
1379 935 1499 1005 miuus
1518 936 1563 1003 ad
1580 956 1661 1004 eum
1676 934 1940 1023 confugiamus,
1964 958 2004 1004 ac
2026 937 2136 1009 bene.

101 1068 217 1116 rorem
239 1032 433 1128 Diabolus,
467 1042 530 1135 qui
548 1057 735 1137 postquam
767 1043 946 1112 mentibus
967 1062 1089 1110 eorum
1141 1034 1260 1106 licium
1286 1035 1361 1105 eius
1386 1050 1617 1127 expectemus.
1674 1034 1783 1106 Latro
1804 1037 1961 1124 agnoscit
1981 1059 2043 1107 sua
2060 1063 2134 1110 sce.

101 1145 231 1216 offudit
245 1143 426 1213 densiores
449 1143 617 1229 nebulas,
641 1159 761 1234 postea
783 1169 847 1237 pro
861 1142 1012 1212 libidine
1027 1161 1089 1211 sua
1141 1136 1234 1219 lera,
1256 1158 1330 1205 non
1345 1135 1458 1206 adfert
1471 1139 1516 1206 ad
1531 1131 1714 1207 Christum
1728 1138 1908 1207 benefacta
1922 1151 1984 1210 aut
1997 1142 2133 1232 merita,

101 1247 172 1316 illis
188 1245 368 1330 abutitur,
400 1244 561 1316 accendit
576 1245 613 1314 iu
635 1246 687 1314 eis
706 1248 828 1317 odium
846 1241 934 1324 Dei,
963 1255 997 1312 et
1013 1265 1089 1311 sae·
1142 1239 1200 1306 sed
1221 1239 1327 1306 sentit
1344 1232 1440 1306 hunc
1454 1258 1527 1306 esse
1542 1232 1693 1307 hostiam
1711 1261 1774 1327 pro
1799 1239 1960 1309 omnium
1976 1240 2131 1316 delictis:

99 1347 223 1418 vitiam
246 1347 413 1415 adversus
436 1346 593 1416 membra
613 1340 760 1417 Christi.
818 1344 899 1415 Non
920 1344 1029 1432 igitur
1046 1344 1090 1410 li·
1142 1338 1238 1409 videt
1258 1337 1442 1408 voluntate
1463 1337 1548 1423 Dei,
1580 1332 1664 1409 huic
1680 1352 1811 1410 tantam
1828 1361 1978 1429 poenam
1995 1343 2132 1433 irroga.

100 1450 271 1519 berantur
292 1472 311 1515 a
333 1459 465 1532 morte,
497 1448 556 1515 sed
583 1460 692 1517 ruunt
719 1448 757 1516 in
777 1437 938 1517 aeternus
955 1444 1089 1515 crucia·
1141 1451 1212 1509 tam
1233 1462 1305 1509 esse
1329 1438 1531 1525 innocenti,
1563 1451 1605 1510 ut
1618 1440 1677 1510 fiat
1693 1433 1808 1511 hostia
1830 1464 1894 1530 pro
1912 1454 1986 1512 toto
2002 1467 2130 1533 genere

99 1563 174 1632 tus,
207 1570 287 1617 curu
315 1547 460 1639 quidem
483 1547 553 1616 iam
582 1547 638 1617 bis
658 1548 813 1619 latrones
835 1548 923 1629 sint,
955 1542 1089 1615 habent
1140 1535 1309 1613 humano.
1370 1539 1469 1611 Talis
1491 1540 1576 1610 fides
1598 1552 1693 1611 certo
1723 1540 1887 1631 impetrat
1913 1547 2127 1635 promissas

100 1648 299 1718 communia
328 1647 457 1717 scelera
479 1648 544 1718 toti
571 1649 692 1737 generi
714 1645 884 1723 humano.
942 1645 1009 1716 llis
1024 1647 1088 1715 ad·
1139 1638 1226 1714 Deo.
1287 1639 1408 1730 Quare
1437 1638 1601 1713 Christus
1633 1642 1726 1712 clara
1748 1665 1834 1712 voce
1865 1667 1946 1713 eum
1975 1647 2129 1723 absolvit

79 1752 188 1818 'dunt
207 1755 450 1840 'contemptum
474 1749 635 1819 beneficii
655 1745 807 1836 Christi,
843 1763 877 1821 et
894 1747 1085 1818 crudelita-
1140 1743 1293 1833 aculpa,
1316 1766 1356 1811 ac
1369 1744 1545 1833 promittit
1557 1741 1588 1811 ei
1603 1766 1731 1812 novam
1747 1757 1991 1835 etperpetuam
2009 1749 2129 1837 vitam,

98 1864 185 1932 tem,
213 1873 317 1942 quarn
335 1850 374 1918 in
389 1845 571 1920 Christum
588 1862 624 1920 et
644 1852 721 1920 eius
745 1851 903 1920 membra
918 1861 1086 1920 exercent.
1139 1842 1351 1913 confirmans
1389 1844 1459 1911 iam
1491 1843 1816 1934 interpretationem
1850 1847 2128 1933 promissionum
2201 1852 2204 1857 ’

98 1949 328 2040 Huinsimpii
355 1951 505 2041 agminis
521 1950 677 2020 universi
700 1946 811 2022 εἰκών
826 1963 879 2018 est
893 1948 1087 2017 maledicus
1140 1936 1441 2034 propheticarum:
1481 1940 1614 2028 Hodie,
1647 1944 1780 2040 inquit,
1816 1945 1885 2015 eris
1914 1972 2052 2019 mecum
2089 1953 2127 2022 in

97 2053 201 2121 latro.
257 2048 360 2120 Nunc
392 2053 435 2119 de
472 2051 583 2120 altero
622 2050 756 2136 dicam,
790 2051 853 2143 qui
881 2051 1088 2118 emendatus
1138 2044 1312 2134 paradiso.
1369 2041 1530 2137 Corpora
1551 2046 1819 2140 relinquebant,
1853 2059 1889 2118 et
1914 2062 2030 2119 tamen
2055 2076 2127 2124 una

98 2149 271 2239 significat
293 2146 505 2231 Ecclesiam,
540 2173 630 2244 quae
652 2164 705 2220 est
725 2153 833 2222 altera
848 2173 929 2244 pars
950 2149 1087 2240 generis
1137 2144 1249 2215 futuri
1275 2157 1375 2215 erant
1399 2146 1437 2214 in
1461 2160 1562 2217 coetu
1587 2148 1728 2237 piorum
1748 2143 1967 2238 Angelorum
1983 2151 2127 2224 acl‘ru-

96 2247 265 2333 humaui,
297 2273 387 2343 quae
411 2266 446 2322 et
471 2251 547 2343 ipsa
568 2253 755 2322 latrocinio
768 2251 1007 2322 contaminata
1024 2264 1087 2337 est,
1138 2240 1342 2336 pheterum,
1365 2248 1428 2339 qui
1442 2248 1514 2319 Dei
1528 2251 1785 2321 consuetudine
1797 2252 1976 2325 fruuntur.

96 2376 136 2423 ac
150 2351 321 2421 destinata
338 2351 465 2433 morti,
488 2351 647 2442 agnoscit
670 2375 706 2421 se
722 2349 853 2422 habere
870 2367 1027 2443 peecata,
1053 2365 1087 2422 et
1239 2345 1400 2418 Audistis
1425 2352 1514 2419 duas
1546 2351 1746 2440 perspicuas
1768 2347 1956 2439 Evangelii
1985 2358 2127 2426 concio-

97 2451 353 2522 calamitatibus
369 2452 574 2541 ingentibus
591 2475 632 2522 ac
648 2455 752 2524 morti
775 2454 927 2524 obnoxia
950 2469 1021 2539 est,
1046 2468 1087 2525 ut
1137 2471 1218 2535 nes,
1244 2450 1288 2519 de
1302 2449 1481 2519 benefieiis
1497 2445 1651 2540 Christi,
1679 2452 1723 2521 de
1747 2452 2056 2539 reconciliatione,
2081 2460 2127 2527 da

97 2552 223 2623 caeteri
255 2546 427 2626 homiues.
493 2557 562 2625 Sed
587 2555 749 2625 redditur
771 2556 802 2624 ei
831 2568 911 2648 post
935 2568 1084 2625 mortem
1137 2550 1209 2621 vita
1226 2564 1403 2642 perpetua.
1454 2549 1563 2620 Latro
1578 2552 1665 2642 petit
1689 2553 1829 2622 veniam
1848 2553 1957 2621 fretus
1972 2578 2044 2622 nou
2062 2558 2125 2625 be·

97 2676 190 2723 nova
212 2667 244 2724 et
260 2669 426 2744 perpetua
443 2654 533 2740 vita,
566 2656 647 2739 lux,
676 2657 866 2746 sapientia,
898 2655 1036 2727 iusticia
1045 2658 1086 2726 'et
1137 2652 1284 2722 nefactis
1305 2653 1394 2737 suis,
1430 2652 1490 2721 sed
1513 2648 1661 2722 Domini
1681 2652 1866 2723 clementia
1885 2666 1920 2722 et
1939 2657 2122 2728 sacrificio.

98 2753 246 2825 laeticia.
306 2752 402 2825 Haec
425 2759 605 2848 quomodo
627 2756 732 2842 fiant,
764 2781 805 2827 ex
821 2752 890 2827 hoc
906 2756 1085 2850 colloquio
1136 2746 1300 2822 Christus
1324 2753 1534 2844 promittens
1570 2753 1603 2822 ei
1632 2753 1771 2824 veniam
1799 2766 1832 2823 et
1858 2754 1968 2822 vitam
1998 2781 2124 2849 perpe.

98 2855 289 2940 discamus,
323 2857 440 2949 quod,
465 2871 505 2926 ut
527 2870 609 2925 ante
627 2857 720 2941 dixi,
745 2857 906 2926 omnium
928 2852 1086 2948 prophe·
1136 2866 1254 2939 tuam,
1277 2866 1426 2924 testatur
1450 2849 1535 2923 haec
1560 2854 1728 2924 beneficia
1743 2851 1814 2925 hoc
1826 2857 1935 2926 modo
1950 2860 2126 2930 credenti-

96 2957 243 3027 ticarum
282 2970 317 3026 et
352 2956 625 3048 apostolicarum
660 2956 872 3025 concionum
911 2977 1084 3025 summam
1135 2953 1203 3023 bus
1218 2955 1307 3024 dari.
1341 2953 1488 3024 Possent
1503 2949 1717 3024 haecmulto
1733 2955 1877 3026 uberius
1891 2958 2038 3046 exponi,
2063 2966 2124 3033 sed

96 3057 350 3148 complectitur.
410 3054 578 3142 Agnoscit
600 3076 661 3122 sua
685 3069 824 3146 peccata
839 3050 899 3124 hic
915 3055 1025 3140 latro,
1050 3069 1085 3127 et
1135 3077 1216 3123 curu
1247 3056 1339 3145 apud
1376 3055 1532 3124 eruditos
1555 3048 1727 3125 habeatur
1757 3056 1890 3138 oratio,
1922 3059 2023 3127 nolui
2053 3085 2126 3133 esse

94 3157 229 3247 ingenti
253 3167 352 3222 motu
375 3154 485 3222 animi
506 3156 694 3243 confugere
718 3157 823 3225 audet
846 3157 890 3224 ad
916 3156 1084 3226 liberato·
1134 3155 1324 3245 prolixior:
1358 3155 1430 3224 dixi
1454 3178 1627 3224 summam
1651 3152 1835 3245 Evangelii
1852 3157 1889 3224 in
1911 3153 2127 3232 hiscoucio-

95 3281 182 3328 rem.
234 3253 407 3325 Audierat
428 3255 474 3323 de
494 3248 561 3323 hor
575 3254 671 3325 socio
687 3256 853 3347 supplicii
872 3254 969 3338 lesu,
995 3258 1083 3352 quid
1134 3255 1240 3325 nibus
1254 3252 1541 3347 comprehensam
1556 3277 1640 3328 esse.
1679 3254 1816 3328 Hortor
1830 3258 1934 3328 etiam
1950 3272 1990 3328 ut
2008 3285 2127 3332 exem-

93 3355 287 3427 docuisset:
313 3355 471 3425 audierat
486 3377 567 3423 eum
581 3355 783 3427 testimonia
800 3357 981 3427 doctrinae
1000 3382 1084 3430 suae
1134 3355 1234 3447 plum
1264 3355 1464 3436 imitemur,
1498 3380 1539 3427 ac
1562 3356 1671 3426 simili
1693 3358 1819 3429 fiducia
1840 3361 1885 3427 ad
1921 3360 2033 3429 filium
2056 3360 2124 3434 Dei

91 3480 168 3526 non
189 3455 345 3544 vulgaria
368 3451 587 3540 exhibuisse,
616 3470 650 3526 et
669 3473 825 3530 senserat
844 3481 924 3529 eum
940 3459 1082 3547 iniuste,
1134 3457 1390 3546 confugiamus.
1433 3454 1530 3528 Haec
1544 3469 1616 3542 est,
1636 3472 1677 3529 ut
1691 3459 1805 3538 scitis,
1831 3459 2012 3530 doctrinae
2027 3485 2125 3533 sum-

92 3558 222 3628 scelere
251 3555 461 3627 Pontificum
496 3570 635 3647 raptum
671 3581 745 3628 esse
778 3561 824 3628 ad
856 3561 1080 3651 supplicium.
1134 3582 1211 3641 ma,
1246 3561 1289 3627 de
1323 3559 1461 3629 iusticia
1490 3558 1591 3638 fidei,
1623 3581 1685 3627 seu
1721 3560 1765 3627 de
1792 3561 2057 3649 regeneratione
2090 3579 2125 3637 et

94 3657 266 3727 Audierat
297 3672 331 3728 et
351 3658 520 3750 quasdam
547 3657 622 3726 eius
651 3681 755 3728 voces
776 3659 814 3727 in
836 3682 957 3742 cruce,
994 3682 1082 3752 quas
1133 3657 1231 3727 aditu
1248 3662 1290 3727 ad
1308 3660 1417 3729 vitam
1432 3671 1622 3731 aeternam.
1674 3656 2024 3755 Videamusreliqua.
2070 3665 2125 3735 Ne

92 3759 387 3828 animadverterat
418 3781 497 3826 nou.
516 3757 687 3850 proficisci
717 3781 737 3828 a
763 3760 900 3849 vulgari
924 3754 1080 3830 homine.
1133 3757 1210 3826 beri
1234 3758 1378 3850 quidem
1393 3771 1524 3850 potest,
1552 3772 1592 3829 ut
1606 3754 1763 3829 Ecclesia
1779 3761 1825 3830 sit
1838 3761 1914 3830 sine
1928 3762 2026 3831 cultu
2042 3765 2125 3850 Dei,

95 3858 201 3930 Videt
222 3873 384 3929 naturam
409 3881 546 3937 rerum,
574 3871 686 3927 terrae
700 3872 854 3943 motum,
878 3861 1012 3932 subitas
1028 3873 1082 3930 te·
1133 3859 1209 3928 sine
1224 3859 1422 3942 sacrificiis,
1445 3859 1522 3927 sine
1535 3859 1640 3927 bouis
1656 3860 1841 3948 operibus,
1866 3860 1944 3929 sine
1961 3866 2126 3935 certami-

93 3960 319 4030 nebrassolis
341 3962 385 4030 de
400 3982 441 4029 eo
457 3957 658 4030 testimonia
679 3960 796 4028 edere:
830 3985 939 4054 quare
959 3962 1083 4033 statuit
1132 3958 1251 4030 nibus.
1301 3956 1386 4027 Ideo
1401 3958 1496 4027 enim
1512 3956 1897 4048 Deusrestituitgeuns
1912 3957 2123 4054 humanum,

94 4055 190 4130 hunc
213 4084 294 4130 vere
325 4084 398 4131 esse
425 4061 651 4130 liberatorem
685 4072 720 4128 et
749 4054 945 4131 Christum.
1003 4059 1082 4130 Hac
1132 4074 1173 4130 ut
1196 4057 1290 4129 inter
1314 4053 1476 4128 homines
1500 4056 1611 4150 ipsius
1632 4059 1763 4130 noticia
1778 4061 1894 4132 luceat
1910 4088 1950 4136 ac
1966 4065 2122 4138 celebre-

92 4162 160 4237 bde
188 4162 371 4247 excitatus,
407 4161 541 4255 inquit:
588 4159 770 4232 Memento
803 4161 871 4229 mei
904 4161 1081 4247 Domine,
1132 4176 1207 4230 tur:
1237 4183 1346 4254 quare
1366 4160 1482 4230 cultus
1503 4173 1539 4230 et
1558 4159 1672 4231 officia
1689 4175 1781 4233 certa
1805 4167 1970 4254 postulat.
2021 4167 2119 4240 Num

91 4287 171 4334 cum
188 4262 326 4330 veneris
339 4262 375 4331 in
390 4286 538 4353 reguum
551 4275 662 4332 tuum.
714 4257 942 4333 Considerate
951 4276 1080 4348 autem,
1130 4256 1218 4332 haec
1240 4261 1395 4352 neglexit
1416 4262 1508 4333 latro
1532 4263 1757 4349 emendatus,
1779 4287 1865 4335 num
1883 4266 1966 4360 quia
1985 4272 2118 4361 pende-

92 4387 197 4457 quam
222 4363 384 4432 miranda
407 4363 469 4432 lux
490 4364 527 4432 in
550 4357 619 4432 hoc
643 4363 780 4434 latmne
797 4364 944 4436 fulserit.
996 4362 1079 4434 Non
1130 4365 1192 4434 bat
1206 4364 1324 4434 nudus
1338 4387 1378 4434 ae
1393 4364 1551 4445 vinctus,
1574 4364 1672 4434 nulla
1689 4364 1803 4435 officia
1819 4363 1896 4437 Deo
1921 4371 2122 4460 praestitit?

90 4468 289 4535 deterretur
301 4464 466 4535 foeditate
482 4463 645 4555 supplicii
659 4478 694 4535 et
707 4477 820 4536 morte
830 4458 983 4551 Christi,
1008 4489 1079 4559 quo
1132 4465 1197 4535 llle
1213 4488 1297 4535 vero
1314 4467 1519 4556 praecipuos
1534 4458 1688 4536 honores
1701 4462 1845 4538 Christo
1862 4468 2005 4558 tribuit,
2030 4498 2119 4567 quos

92 4566 211 4635 minus
240 4564 372 4635 iudicet
402 4588 484 4635 eum
513 4566 587 4634 ess‘e
608 4567 819 4653 promissum
841 4565 1079 4641 liberatorem.
1129 4564 1227 4638 Deus
1241 4566 1280 4637 in
1295 4566 1421 4659 primis
1437 4565 1588 4655 flagitat:
1621 4567 1693 4655 agit
1709 4568 1984 4659 poeniteutiam,
2008 4598 2119 4666 agno.

90 4665 232 4737 Deinde
252 4667 355 4756 longe
377 4666 481 4737 aliter
509 4667 554 4735 de
577 4663 706 4735 Messio
730 4667 855 4752 sentit,
885 4692 991 4761 quam
1022 4667 1080 4738 vel
1130 4669 1196 4738 scit
1216 4690 1319 4738 suum
1343 4668 1472 4750 scelus,
1491 4679 1600 4761 ,recte
1622 4669 1728 4738 sentit
1757 4672 1801 4739 de
1822 4663 1892 4739 hoc
1914 4672 2118 4764 liberatore,

89 4763 292 4852 Pharisaei,
319 4768 373 4836 vel
396 4764 578 4858 Apostoli,
604 4765 746 4857 utrique
768 4770 996 4860 expectabant
1010 4769 1080 4837 im·
1129 4764 1224 4840 nihil
1251 4768 1439 4840 deterritus
1472 4766 1532 4836 illa
1556 4761 1751 4839 miserabili
1780 4770 1894 4862 specie
1922 4777 2118 4864 morientis,

92 4868 190 4960 peria
205 4884 240 4941 et
261 4893 356 4961 opes.
408 4867 478 4938 Hic
493 4868 584 4939 latro
599 4864 669 4936 iam
686 4864 882 4958 Prophetas
904 4871 1080 4963 interpre-
1129 4871 1272 4941 invocat
1285 4892 1378 4941 eum.
1427 4864 1524 4938 Haec
1537 4883 1621 4940 sunt
1634 4893 1715 4939 vere
1727 4870 1785 4962 pia
1801 4895 1919 4963 opera.
1971 4872 2118 4951 Accedit

90 4982 205 5054 tatur,
230 4972 332 5041 docet
348 4969 515 5039 Messiam
534 4968 766 5039 liberaturum
781 4992 846 5040 nos
861 4994 934 5042 esse
949 4996 969 5041 a
986 4972 1080 5041 veris
1131 4984 1165 5041 et
1188 4970 1380 5041 dimicatio.
1439 4968 1653 5064 Quanquam
1671 4972 1764 5041 euim
1785 4976 1916 5065 pendet
1929 4978 2119 5052 semivivus

90 5084 126 5140 et
141 5071 292 5141 aeternis
308 5073 431 5156 malis,
458 5083 657 5162 spectato,
683 5073 899 5162 aperpetuis
914 5073 1080 5145 cruciati·
1131 5096 1172 5144 ac
1199 5072 1359 5142 laceratis
1386 5072 1573 5159 membris,
1603 5086 1721 5143 tamen
1748 5075 1846 5146 veuit
1874 5077 1912 5146 in
1940 5092 2117 5153 certamen

88 5173 177 5257 bus,
207 5197 246 5242 ac
267 5187 494 5262 regnaturum
518 5192 591 5241 non
614 5171 651 5239 in
673 5165 739 5240 hac
764 5171 963 5246 calamitosa
996 5175 1079 5260 vita,
1131 5198 1210 5244 cum
1234 5174 1490 5259 conviciatore,
1523 5196 1742 5268 quosevere
1758 5178 1924 5269 castigato
1947 5196 1980 5253 et
1994 5184 2117 5254 obiur-

90 5275 153 5342 sed
175 5271 366 5366 posthanc
391 5275 517 5354 vitam,
547 5273 612 5343 nbi
633 5273 793 5371 fruemur
806 5270 873 5343 Dei
888 5288 1080 5347 eonsuetu-
1130 5290 1226 5366 gato,
1250 5277 1408 5347 defendit
1428 5270 1562 5347 Christi
1583 5276 1742 5367 gloriam.
1793 5277 1890 5352 Haec
1913 5296 1965 5354 est
1980 5286 2117 5354 ocrrsfes-⁴

89 5376 193 5458 dine,
225 5377 365 5448 liberati
396 5377 441 5446 ab
471 5374 639 5445 omnibus
661 5375 842 5447 erroribus
864 5390 899 5450 et
917 5376 1080 5450 miseriis.
1130 5379 1202 5465 sio,
1229 5398 1334 5474 quam
1347 5378 1470 5476 quami
1481 5375 1699 5466 faeiatDeus,
1721 5402 1821 5474 saepe
1830 5399 1951 5454 monet
1965 5384 2117 5475 scriptu·

142 5480 320 5547 lllsnxrsu.
339 5485 446 5548 Orsa.
461 5480 545 5547 Vox.
559 5478 623 5546 xl.
1629 5480 1676 5554 81
