4756 6022
160 231 210 308 et
722 216 885 294 DECL.
919 214 996 292 DE
1027 212 1456 293 MAXIMILIANO
1488 213 1648 296 CAES.
2140 226 2194 301 2⁸

164 403 244 471 niae
265 395 352 465 fata:
379 411 469 482 quae
491 386 522 457 si
544 385 687 479 quando
709 408 869 478 unquam
886 384 1061 455 sensimus
1084 386 1148 454 ad·
1202 381 1270 455 boc
1287 383 1440 455 salutare
1456 406 1599 453 carmen
1613 382 1654 453 in
1667 381 1750 452 imis
1763 383 1947 458 conditum
1964 386 2109 461 sedibus
2132 414 2198 485 pe-

165 522 285 580 versa‚
315 517 413 563 nuuc
435 502 527 560 certe
547 487 700 556 maxime
720 487 903 559 sentimus.
962 485 1081 578 Atque
1107 499 1148 557 ut
1203 484 1329 571 etoris,
1355 484 1467 556 sicin
1491 485 1623 565 oculis,
1656 485 1769 556 sicin
1794 511 1856 556 ore
1876 512 2032 581 semper,
2052 506 2092 563 ut
2112 492 2198 563 uni·

165 595 371 687 intelligatis
383 592 509 662 merito
525 590 720 678 lugendum
738 611 812 658 esse
833 601 868 657 et
882 585 1039 659 Caesaris
1055 590 1151 659 iute—
1204 611 1326 658 versae
1340 589 1433 659 vitae
1455 586 1703 678 transigendae
1719 610 1864 680 scopum
1887 584 2011 663 babet:
2036 590 2198 667 Domino

168 706 297 784 ritum,
324 711 357 766 et
371 717 512 784 gravem
527 691 661 782 patriae
679 714 817 774 casum,
843 688 959 760 obiter
976 687 1087 760 vitam
1106 690 1152 758 il·
1205 690 1339 781 gloria,
1372 684 1464 759 mibi
1493 703 1611 758 autem
1644 689 1820 761 conlusio.
1888 690 2072 787 Scythicos
2093 694 2198 768 aiunt

169 808 239 877 lius
253 819 459 874 unversam,
485 808 520 863 et
536 793 662 862 eximia
679 793 805 860 decora
824 813 1040 883 percurram.
1204 814 1314 886 equos
1329 790 1448 861 statim
1464 805 1503 861 ut
1520 791 1593 861 uati
1610 803 1715 876 sunt,
1739 793 1824 885 quia
1842 795 1987 864 calceari
2009 796 2104 867 ferro
2121 819 2199 868 non

271 900 384 971 Divus
400 889 701 969 Maximilianus
721 889 851 961 Caesar
868 904 973 962 natus
988 905 1042 962 est
1054 904 1154 982 patre
1206 893 1341 978 solent,
1365 892 1404 960 in
1428 892 1583 962 salebras
1598 893 1699 977 duci,
1726 908 1760 964 et
1781 916 1906 985 aspero
1928 897 2027 967 silice
2046 897 2201 987 fatigari,
2297 929 2300 934 ·

170 992 1155 1086 FridericoAustrio,Caesare,LeonoraLusitana,utro-
1207 1020 1277 1088 quo
1300 995 1529 1065 indurescant
1553 995 1736 1086 pullorum
1757 990 1875 1068 adhuc
1890 1001 2012 1087 pedes:
2042 996 2095 1069 lta
2112 1024 2200 1071 con·

172 1131 239 1204 que
264 1113 410 1196 parente
434 1098 564 1187 insigni
595 1096 781 1166 clementia
814 1109 848 1165 et
877 1095 1024 1188 pietate:
1065 1117 1154 1188 quae
1207 1096 1305 1168 ducit
1322 1096 1584 1167 adulescentem
1605 1092 1786 1168 bominem
1809 1099 1928 1168 statim
1952 1101 2115 1171 fortunae
2140 1102 2200 1173 lu·

172 1228 376 1305 quanquam
393 1201 464 1268 sint
482 1197 636 1269 Austriis
659 1221 722 1268 ceu
738 1195 939 1286 gentilitiae
956 1200 1076 1277 dotes,
1101 1208 1156 1265 ta·
1208 1199 1326 1269 dibrio
1347 1191 1642 1292 βασανίζεσθαι,
1667 1198 1720 1268 uti
1736 1199 1864 1280 discat,
1887 1203 2136 1293 quatenusilla
2153 1202 2201 1275 sit

173 1334 254 1382 men
270 1307 357 1376 adeo
372 1304 410 1371 in
427 1316 546 1394 patre,
571 1296 836 1370 utdeLeonora
852 1299 996 1369 iuterim
1012 1311 1158 1381 taceam,
1210 1301 1413 1383 fidendum,
1437 1323 1545 1391 quam
1561 1299 1635 1368 sint
1647 1300 1767 1369 omnia
1788 1300 1827 1371 in
1845 1296 1914 1372 hoc
1929 1327 2049 1375 rerum
2071 1299 2203 1375 huma·

174 1410 432 1487 excelluerunt,
457 1404 720 1494 fulseruntque:
748 1401 867 1493 utqui
883 1425 964 1469 cum
986 1400 1064 1491 ipso
1091 1393 1158 1467 hac
1209 1425 1337 1471 narum
1362 1395 1500 1471 theatro
1524 1400 1679 1487 incerta,
1704 1403 1820 1485 varia,
1845 1416 1880 1474 et
1902 1405 2025 1496 plane,
2051 1419 2092 1477 ut
2112 1430 2203 1498 pau·

173 1513 280 1584 laude
295 1506 518 1597 superiorum
534 1516 686 1573 aetatum
700 1502 877 1593 principes
891 1514 1159 1592 comparaturus
1210 1503 1260 1574 cis
1275 1503 1408 1585 dicam,
1433 1497 1538 1574 nibil.
1588 1500 1631 1571 ln
1646 1498 1743 1572 hunc
1760 1504 1925 1576 videlicet
1946 1511 2092 1579 modum
2110 1510 2202 1579 adu·

173 1615 236 1694 sit,
261 1611 425 1680 videatur
440 1605 600 1674 invidere
614 1605 731 1673 seculo
754 1617 876 1674 nostro
898 1603 1075 1692 singulare
1090 1596 1159 1670 hoc
1211 1605 1356 1674 lesceuti
1388 1602 1637 1674 Maximiliano
1667 1604 1815 1696 contigit
1839 1607 2004 1694 fortuna,
2042 1609 2202 1680 victoriis

173 1713 372 1808 specimen,
395 1707 495 1778 cuius
508 1706 567 1775 vix
584 1706 747 1777 umbram
761 1705 918 1798 aliquam
935 1699 1069 1774 habent
1083 1725 1160 1770 ma·
1211 1707 1347 1798 aliquot
1360 1705 1503 1773 interim
1519 1705 1627 1789 laeta,
1653 1706 1797 1775 interim
1813 1709 1961 1781 adverso
1977 1732 2061 1780 casu
2077 1711 2201 1786 tristis.

175 1819 283 1887 iores:
310 1824 448 1883 tantum
470 1810 586 1893 abest,
606 1821 647 1876 ut
670 1829 836 1899 aequasse
857 1818 1038 1896 putentur.
1090 1803 1161 1873 Pa·
1211 1805 1355 1891 Etenim
1376 1819 1542 1897 occupata
1558 1803 1788 1896 Burgundios
1809 1811 2075 1899 opulentissima
2098 1813 2203 1895 ditio,

175 1919 255 1990 triis
281 1914 472 1984 virtutibus
504 1910 707 1980 adolescens
738 1908 914 1993 imbutus,
944 1931 1008 1998 per
1039 1904 1159 1974 omnia
1212 1933 1291 1978 cum
1311 1907 1520 1999 aliquandiu
1539 1908 1704 1978 civilibus
1720 1910 1886 2001 flagraret
1900 1913 2010 1994 odiis,
2035 1914 2204 1986 iuvenem

175 2016 377 2108 religionis,
394 2011 641 2095 fidei‚saucti‚
666 2009 771 2100 aequi
791 2009 946 2101 bonique
964 2022 1067 2079 tenax
1082 2006 1161 2088 luit,
1213 2009 1415 2100 Principem
1439 2009 1530 2078 forte
1556 2009 1757 2102 intercipit,
1795 2014 1973 2104 captivum
1999 2015 2038 2085 iu
2058 2015 2204 2087 vincula

176 2122 238 2191 sed
261 2119 445 2210 aliquanto
468 2114 601 2202 gloriae
620 2111 786 2180 militaris
809 2110 1001 2201 cupiditate
1025 2121 1160 2198 patrem
1212 2110 1371 2179 coniicit:
1395 2110 1503 2202 idque
1525 2134 1599 2178 non
1623 2114 1732 2183 modo
1753 2128 1893 2204 praeter
1914 2116 2121 2206 dignitatem
2146 2142 2205 2189 rc-

176 2222 281 2304 vicit,
305 2241 374 2310 qua
390 2218 521 2285 lactum
541 2229 608 2297 est,
631 2227 766 2283 utcum
781 2212 883 2281 illum
904 2234 1083 2280 summum
1105 2206 1162 2275 vi·
1212 2213 1328 2301 giam,
1353 2212 1413 2279 sed
1438 2212 1586 2280 omnino
1611 2226 1733 2282 contra
1757 2227 1906 2287 naturae
1933 2241 2096 2304 sensum,
2115 2243 2205 2289 con·

178 2347 258 2393 rum
279 2319 415 2389 artibus
430 2317 526 2407 pacis
543 2314 720 2407 praedicet
735 2310 948 2401 Germania,
973 2307 1070 2380 hunc
1088 2333 1161 2377 non
1214 2328 1266 2382 tra
1291 2314 1343 2381 fas
1362 2307 1548 2382 hominum
1561 2364 1572 2396 ,
1599 2328 1721 2383 contra
1752 2318 1910 2404 gentium
1940 2343 2075 2390 morem
2102 2344 2204 2392 ausa:

177 2423 288 2515 possit
302 2434 335 2490 et
349 2420 485 2489 bellicis
502 2432 535 2487 et
550 2416 860 2486 civilibusdecoris
876 2413 1019 2482 maximi
1034 2412 1160 2483 facere.
1214 2439 1328 2507 neque
1353 2408 1408 2483 his
1434 2428 1620 2495 contenta,
1647 2417 1746 2488 addit
1763 2415 1985 2507 Morinum,
2011 2423 2073 2517 qui
2092 2423 2205 2515 capti·

178 2523 414 2619 Tyrocinium
433 2520 502 2609 egit
523 2517 684 2585 maximis
707 2518 875 2587 coniectis
891 2517 997 2585 rebus
1023 2514 1061 2582 in
1079 2511 1162 2582 Fla·
1213 2539 1278 2585 vus
1301 2513 1461 2604 Regulus
1483 2516 1642 2608 quotidie
1673 2518 1781 2589 ludus
1809 2533 1909 2592 esset.
1971 2519 2009 2594 Ο
2031 2538 2205 2618 quantum

178 2625 327 2715 mingis‚
345 2619 595 2703 Brabantinis‚
618 2616 828 2698 Hollandis,
854 2616 1079 2699 Su'cambris‚
1104 2614 1162 2685 id·
1214 2617 1404 2705 flagitium,
1434 2643 1456 2685 o
1482 2617 1683 2687 inauditum
1708 2622 1838 2691 nostris
1856 2618 2064 2696 bominibus
2080 2627 2207 2709 scelus,

178 2751 248 2821 que
270 2725 358 2810 tale,
382 2736 423 2791 ut
449 2723 488 2789 in
512 2744 552 2789 eo
577 2731 765 2811 utramque
790 2721 954 2790 fortunae
980 2719 1094 2786 vicem
1110 2716 1163 2786 sit
1215 2719 1473 2789 adulescentem
1495 2715 1630 2806 Regem
1652 2733 1703 2791 tot
1723 2723 1903 2814 imperiis,
1928 2739 1984 2797 tot
2006 2728 2124 2819 regnis
2143 2730 2207 2799 de-

178 2840 359 2918 expertus:
385 2825 436 2892 sic
457 2821 552 2890 enim
576 2822 762 2910 oportebat
787 2821 1044 2890 adulescentem
1067 2841 1164 2888 sum·
1215 2822 1404 2903 suanum,
1430 2832 1502 2887 tam
1521 2820 1673 2910 turpiter
1686 2818 1824 2898 baberi.
1861 2825 1930 2897 Sed
1947 2829 2206 2901 voluntatesu·

178 2931 246 2998 mis
273 2941 395 2999 nalum
424 2925 549 3002 rebus,
583 2945 793 3015 summoque
825 2920 975 3012 imperio
1011 2920 1163 3008 gerendo
1215 2947 1338 3013 perum
1352 2915 1449 2990 haud
1467 2921 1580 2990 multo
1598 2938 1677 3013 post
1693 2927 1898 3015 proceribus
1914 2927 2128 3001 Germaniae
2143 2933 2207 3001 de·

179 3029 328 3100 velutin
343 3029 475 3112 stadio,
499 3027 539 3094 in
558 3048 663 3094 cursu
679 3047 800 3094 rerum
824 3020 1060 3092 humanarum
1083 3045 1165 3089 eru·
1216 3022 1443 3113 poscentibus
1465 3022 1644 3109 redditus,
1676 3050 1826 3117 poenam
1856 3033 1901 3101 de
1929 3033 2206 3104 sceleratissimis

180 3131 261 3201 diri.
313 3125 457 3197 Etenim
474 3152 555 3195 cum
573 3126 610 3193 in
635 3126 784 3216 privatis
806 3125 958 3214 ingeniis
979 3126 1023 3193 ad
1048 3120 1164 3193 civili·
1215 3124 1483 3213 Flamiugorum
1500 3125 1640 3215 populis
1657 3129 1823 3218 sumpsit:
1850 3156 1924 3199 non
1943 3148 2115 3225 qnantum
2137 3134 2207 3206 tale

180 3245 287 3306 tatem
311 3229 612 3318 erudiendumque
629 3227 737 3294 vitam
755 3228 932 3317 pertinere
947 3225 1165 3295 arbitrentur
1217 3228 1420 3296 merebatur
1441 3226 1597 3313 facinus,
1629 3231 1690 3297 sed
1714 3252 1804 3320 quae
1831 3231 2014 3321 improbos
2042 3231 2208 3307 homines

180 3333 367 3423 utriusque
383 3330 546 3398 fortunae
564 3326 781 3419 periculum,
804 3328 901 3419 quod
923 3320 1009 3394 haec
1032 3340 1165 3394 atroces
1217 3327 1342 3417 flagitii
1357 3329 1582 3397 admoneret:
1609 3353 1693 3397 nam
1709 3341 1744 3400 et
1759 3330 1796 3398 in
1810 3333 1957 3421 gratiam
1975 3349 2096 3424 postea
2109 3361 2208 3408 rece-

179 3434 271 3519 iere,
293 3433 355 3501 illa
376 3430 649 3501 abiectoslaciat
669 3427 826 3513 animos,
852 3427 1058 3496 vicissitudo
1083 3449 1166 3494 cau·
1219 3431 1272 3521 pit
1288 3428 1461 3518 perfidos,
1489 3443 1523 3498 et
1536 3429 1729 3521 quaebelli
1747 3432 1881 3523 impetu
1895 3437 2055 3526 perculsa
2070 3453 2104 3508 et
2119 3462 2208 3507 con-

180 3550 234 3607 tos
251 3547 285 3604 et
303 3554 476 3602 memores
492 3526 669 3598 humanae
686 3530 809 3614 sortis,
832 3530 871 3598 in
885 3525 983 3618 Rege
999 3529 1163 3597 imbuen·
1218 3533 1359 3606 turbata
1393 3529 1577 3614 iacebant,
1609 3534 1793 3621 magnifice
1819 3537 1947 3618 erexit,
1983 3539 2208 3624 instauravit,

181 3638 228 3707 do
245 3637 350 3724 longe
371 3634 525 3724 primum
542 3632 624 3699 duci
646 3632 752 3701 debet
775 3632 981 3720 ambiguum
1002 3630 1166 3709 fortunae
1219 3633 1399 3726 suxitque.
1462 3630 1605 3702 Possem
1640 3657 1936 3723 commemorare,
1971 3664 2062 3732 quae
2090 3642 2129 3710 in
2164 3665 2207 3712 eo

180 3736 443 3818 rudimentum,
468 3734 566 3827 quod
586 3733 764 3801 neminem
778 3746 850 3801 tam
868 3733 996 3801 reserat
1017 3752 1074 3799 res
1097 3726 1167 3800 hu·
1218 3735 1312 3804 bello
1326 3744 1421 3822 gesta
1445 3748 1529 3805 sunt
1545 3735 1713 3828 pleraque
1734 3737 1938 3811 incredibili
1953 3744 2210 3828 moderatione,

180 3860 302 3908 manas
337 3860 459 3915 omues
494 3846 711 3923 compertas,
750 3834 1004 3926 meditatusque
1037 3845 1167 3914 tenere,
1219 3850 1355 3905 utnon
1376 3847 1449 3904 tam
1467 3837 1564 3927 quod
1579 3834 1784 3928 Flamingos
1807 3842 1952 3927 vicerit,
1977 3869 2084 3937 quam
2109 3847 2208 3939 quod

181 3964 289 4032 quam
311 3936 525 4029 Principem.
579 3934 622 4004 ln
644 3933 877 4030 boc-Ulysseu
901 3935 1040 4026 sapiens
1058 3932 1167 4005 Poeta
1219 3938 1337 4028 ipsum
1352 3958 1426 4004 sese
1442 3938 1636 4028 superarit,
1664 3940 1803 4009 laudari
1818 3945 1962 4031 debeat,
1988 3947 2027 4014 ni
2052 3949 2135 4018 satis
2151 3972 2210 4016 ea·

180 4038 360 4111 Homerus
381 4032 617 4131 πολύτροπον
637 4037 737 4119 fecit,
782 4053 887 4130 atque
910 4038 999 4106 adeo
1019 4035 1166 4106 unicum
1221 4041 1301 4108 dem
1337 4053 1517 4130 perspecta
1551 4053 1666 4110 essent
1694 4041 1817 4126 vohis,
1853 4046 1983 4138 quibus
2020 4049 2096 4119 eius
2121 4048 2211 4118 belli

180 4143 268 4212 boni
289 4140 466 4230 Principis
491 4137 678 4224 exemplar.
729 4135 847 4228 Atque
871 4151 910 4207 ut
928 4138 1090 4206 videmus
1110 4138 1168 4206 lu·
1218 4138 1311 4224 Dux,
1325 4140 1427 4211 fortis
1442 4142 1585 4234 quidem
1602 4141 1671 4224 vir,
1686 4155 1721 4212 et
1735 4144 1885 4216 minime
1899 4149 2086 4226 barbarus,
2099 4147 2210 4219 Prin·

180 4244 362 4312 xuriautes
385 4238 540 4329 primum
567 4250 698 4324 segetes
718 4259 799 4304 raro
822 4237 958 4325 frugem
974 4250 1166 4306 maturare:
1220 4266 1300 4333 ceps
1323 4239 1499 4312 Saxoniae
1524 4237 1696 4312 Albertus
1718 4268 1792 4315 non
1817 4247 2014 4338 ignoratur.
2068 4249 2211 4322 iamin

180 4342 230 4415 ita
250 4342 381 4437 quibus
401 4337 590 4408 immodica
618 4336 772 4427 primum
793 4359 868 4406 sese
888 4338 1031 4406 fortuna
1046 4336 1168 4407 indul·
1220 4344 1298 4434 ipso
1313 4340 1463 4413 Caesare
1485 4358 1731 4432 argumentum
1754 4348 1909 4438 ingentis
1930 4366 1964 4422 et
1987 4351 2111 4422 invicti
2130 4355 2211 4424 ani.

181 4444 245 4523 sit,
271 4445 344 4512 iere
367 4440 500 4531 optima
522 4437 614 4507 vitae
636 4452 734 4529 parte
760 4437 876 4507 solent
895 4437 1070 4509 frustrari.
1120 4434 1168 4510 Et
1220 4445 1270 4512 mi
1303 4445 1526 4536 perspicuum
1562 4459 1655 4531 erat,
1698 4462 1731 4518 et
1767 4450 1968 4523 immortale
2002 4454 2210 4527 elementiae

180 4544 328 4616 nisime
350 4542 443 4612 fallit
465 4539 589 4631 opinio
609 4564 704 4624 mea,
739 4539 839 4608 nulla
864 4538 1014 4610 omnino
1035 4562 1091 4607 res
1118 4557 1168 4611 est
1220 4547 1442 4637 exemplum,
1468 4546 1530 4641 qui
1556 4547 1624 4617 sibi
1647 4573 1668 4618 a
1688 4562 1759 4619 tam
1783 4553 1970 4635 insolenti,
1998 4552 2208 4638 inhumano,

181 4650 268 4716 adeo
287 4646 406 4715 efficax
422 4645 467 4712 ad
488 4641 722 4711 muniendum
739 4643 982 4735 tuendumque
1005 4639 1046 4712 in
1066 4664 1168 4711 exor-
1221 4662 1256 4716 et
1290 4647 1429 4717 crudeli
1460 4643 1577 4738 hoste,
1623 4652 1711 4720 adeo
1747 4648 1952 4727 humaniter
1987 4662 2209 4751 temperavit.

180 4746 249 4818 diis
267 4746 359 4817 vitae
375 4741 533 4815 bominis
555 4742 733 4827 animum,
759 4758 798 4814 ut
815 4743 960 4836 iniquae
985 4756 1018 4814 et
1040 4743 1168 4814 incon·
1222 4745 1330 4837 Quod
1349 4749 1576 4838 praeconium
1593 4765 1632 4821 ut
1648 4776 1729 4822 cum
1744 4757 1866 4846 paucis
1887 4782 2075 4830 commune
2102 4757 2211 4832 habet

181 4848 320 4919 ciliatae
335 4849 496 4917 fortunae
514 4844 756 4938 praeludium,
782 4870 893 4940 quum
907 4845 946 4915 in
963 4844 1082 4937 primo
1098 4846 1167 4916 sci·
1220 4847 1317 4944 (quis
1341 4865 1391 4920 est
1422 4851 1515 4919 enim
1537 4852 1600 4943 qui
1631 4854 1736 4924 talem
1763 4881 1922 4950 unquam
1956 4861 2002 4932 sit
2025 4887 2211 4955 perpessus

180 4950 265 5021 licet
285 4950 378 5020 vitae
394 4947 585 5032 vestibulo,
608 4946 771 5038 imperita
788 4944 1032 5017 communium
1048 4972 1167 5017 rerum
1221 4946 1400 5041 bostemi)
1428 4951 1473 5020 ita
1491 4955 1706 5042 praedicari,
1725 4959 1892 5029 omnibus
1913 4962 2089 5034 bonorum
2113 4965 2212 5032 voci-

180 5048 434 5133 adulescentia,
461 5051 553 5118 male
578 5073 720 5141 compos
742 5047 816 5132 sui,
847 5048 986 5138 impura
1012 5061 1046 5117 et
1072 5049 1186 5142 insu-¹
1221 5053 1308 5138 bus,
1344 5053 1511 5123 omnibus
1540 5055 1711 5127 celebrari
1735 5060 1850 5132 literis
1875 5065 1994 5148 debet,
2014 5079 2066 5133 -ut
2091 5065 2211 5158 aliqua

180 5154 259 5222 lens
280 5153 460 5235 eruditur,
491 5150 628 5238 agitur,
660 5166 694 5220 et
718 5149 832 5221 veluti
854 5163 976 5241 putata
997 5148 1037 5220 iu
1064 5175 1166 5220 usum
1220 5154 1343 5222 saltem
1360 5179 1401 5224 er
1416 5169 1514 5245 parte
1527 5169 1645 5227 tautae
1660 5160 1785 5231 virtuti
1802 5167 2016 5255 praemium,
2043 5168 2155 5255 gloria
2171 5169 2211 5237 in

180 5253 272 5325 vitae
299 5253 460 5343 fingitur:
495 5251 684 5344 statimque
708 5247 863 5322 humana
888 5250 1020 5335 odisse,
1046 5251 1169 5324 libatis
1222 5256 1371 5346 posteris
1387 5259 1573 5347 persolvat.
1623 5258 1706 5329 Non
1724 5279 1776 5334 est
1792 5279 1831 5336 ut
1847 5263 1914 5336 boe
1931 5269 2212 5356 locodignemur

179 5356 218 5428 id
238 5378 350 5448 genus
372 5356 538 5426 adversae
561 5354 723 5424 fortunae
744 5352 932 5444 primitiis,
956 5353 1099 5444 incipit:
1135 5370 1170 5425 et
1223 5353 1445 5444 Antoninos,
1472 5357 1665 5446 Traianos,
1697 5367 1820 5439 multis
1845 5369 1978 5460 alioqui
2002 5371 2211 5442 nominibus
