4732 6030
99 311 175 387 489
590 302 757 422 DECE.
787 300 861 378 DE
894 292 1339 378 RE'STlTUENDlS
1372 293 1638 372 SCHOLIS.
2054 300 2130 374 490

99 507 140 553 ac
164 477 339 575 promittit
361 477 556 546 mercedem
581 476 763 571 inquiens:
790 471 906 547 Amen
928 477 1008 546 dico
1024 499 1088 544 vo·
1138 492 1204 548 nec
1228 481 1343 560 potest
1364 469 1508 561 quidem
1537 470 1600 539 diu
1624 470 1824 540 conservari
1848 472 2024 555 doctrina,
2056 471 2127 541 nisi

99 584 173 662 bis,
213 581 244 649 si
270 579 350 671 quis
375 578 512 649 dederit
537 579 594 648 vel
617 601 729 673 aquae
754 591 877 672 potum
905 577 1012 648 alicui
1046 599 1087 646 ex
1139 565 1336 641 scholastici
1352 586 1471 640 coctus
1485 570 1724 661 adiungantur
1740 574 1783 640 ad
1796 568 1982 647 Ecclesiae.
2018 569 2126 643 Haud
2221 566 2227 577 ’

100 681 257 754 minimis
283 692 426 770 propter
459 680 674 764 doctrinam,
704 681 902 750 mercedem
929 678 1086 769 accipiet.
1138 672 1246 741 dubie
1265 672 1390 762 primis
1411 673 1570 762 patribus
1589 669 1708 756 Adae,
1738 667 1880 757 Nohae,
1912 671 2013 756 Sem,
2045 675 2125 743 ideo

101 783 221 874 Quare
235 793 269 851 et
285 781 386 849 vobis
407 802 509 870 spero
522 777 637 851 Qum
658 782 924 853 benefacturum
940 803 1033 865 esse,
1057 777 1088 848 si
1138 785 1328 867 propagata
1353 786 1403 843 est
1424 773 1496 843 vita
1518 786 1571 843 tot
1593 774 1735 858 seculis,
1758 787 1798 844 ut
1814 774 1992 844 auditores
2016 767 2127 843 habe·

100 907 166 955 nos
193 881 367 973 complexi
393 880 550 967 fueritis,
582 882 645 975 qui
667 884 928 975 qualescunque
956 901 1088 964 somus,
1138 888 1218 945 rent
1241 887 1343 944 testes
1365 868 1599 955 ἀξιοπίστους
1623 877 1667 945 de
1693 875 1809 966 prima
1830 875 1967 965 origine
1991 874 2128 964 generis

100 999 219 1056 tamen
237 1006 278 1051 ex
292 981 355 1051 illo
369 995 471 1052 coetu
487 1005 625 1067 sumus,
648 985 692 1052 de
708 1008 778 1077 quo
792 979 955 1056 Christus
970 982 1088 1077 loqui·
1139 972 1304 1056 humani,
1328 978 1441 1069 deque
1462 975 1566 1047 initio
1582 978 1775 1049 doctrinae.
1826 976 1950 1047 Postea
1971 976 2127 1045 familiae
2139 980 2162 1002 '³

101 1099 179 1165 tur,
203 1080 437 1171 Evangelium
457 1085 552 1152 enim
575 1084 874 1169 circumferimus,
900 1085 964 1155 etsi
977 1084 1089 1155 fateor
1139 1071 1323 1161 Abrahae,
1350 1074 1465 1166 lsasc,
1491 1075 1615 1159 lacob,
1641 1101 1784 1170 prorsus
1809 1073 1949 1150 scholae
1972 1078 2127 1148 luerunt.

100 1209 158 1256 me
174 1206 255 1254 vere
270 1206 344 1253 esse
358 1183 519 1254 omnium
537 1185 599 1276 qui
614 1186 758 1266 docent,
785 1185 986 1257 minimum.
1130 1176 1278 1250 -Deiode
1292 1201 1373 1249 cum
1388 1177 1442 1247 les
1458 1176 1577 1272 Moysi
1597 1182 1676 1249 data
1691 1193 1760 1265 est,
1786 1180 1856 1248 iam
1874 1180 2009 1250 clarum
2025 1202 2128 1248 man-

203 1283 274 1355 sed
301 1308 381 1353 cum
407 1285 561 1369 ordinis,
591 1308 631 1354 ac
655 1286 850 1357 functionis
875 1286 1085 1377 dignitatem
1140 1282 1263 1351 datum
1283 1279 1328 1348 de
1348 1273 1478 1348 scholis
1501 1280 1662 1351 additum
1687 1294 1751 1351 cst.
1809 1279 2050 1353 Constitutum
2076 1291 2129 1348 est

102 1383 511 1473 Christusmagnifaciat,
535 1384 603 1455 erit
618 1399 753 1457 vestrae
767 1389 918 1477 pictatis,
942 1409 1087 1458 menon
1140 1381 1257 1464 enim,
1292 1393 1333 1450 ut
1351 1381 1396 1448 ad
1419 1381 1686 1450 tabernaculum
1712 1405 1850 1472 semper
1872 1396 1985 1452 essent
2007 1393 2128 1451 coetus

100 1486 272 1577 gravatim
287 1485 422 1559 audire.
474 1484 630 1557 Maiores
645 1488 750 1558 vestri
766 1502 969 1560 reverenter
989 1512 1088 1557 exce·
1140 1479 1341 1553 docentium
1358 1494 1393 1552 et
1406 1481 1629 1556 discentium.
1681 1480 1734 1553 lta
1756 1481 1901 1552 Samuel
1913 1483 2063 1553 traditus
2076 1492 2130 1550 est

100 1602 230 1679 penmt
245 1587 374 1655 multos
388 1609 429 1654 ex
443 1586 558 1657 insula
573 1585 775 1660 Scottorum
799 1613 975 1686 egressos,
999 1587 1088 1659 Gal·
1140 1581 1419 1673 indisciplinam
1440 1582 1493 1650 illi
1512 1583 1679 1672 collegio,
1704 1583 1852 1674 perinde
1868 1608 1908 1653 ac
1925 1585 1955 1652 si
1979 1597 2066 1653 essct
2089 1581 2129 1649 in

100 1691 197 1772 lum,
228 1685 471 1772 Bonifacium,
501 1702 536 1760 et
557 1689 666 1771 alios,
699 1691 762 1784 qui
792 1694 831 1762 in
857 1690 1087 1763 Germaniam
1140 1680 1366 1756 Academiam
1382 1684 1471 1751 bene
1487 1685 1711 1755 constitutam
1726 1685 1864 1758 missus.
1904 1683 2030 1754 Postea
2047 1705 2130 1752 cum

101 1790 300 1859 intulerunt
314 1783 560 1877 Evangelium,
585 1784 714 1861 horum
731 1817 794 1863 vos
809 1789 956 1862 honesta
972 1815 1088 1860 exem-
1140 1784 1357 1874 negligerent
1372 1784 1487 1853 studia
1507 1788 1720 1870 sacerdotes,
1743 1785 1838 1856 Deus
1859 1784 2022 1857 excitavit
2038 1782 2130 1852 Pro·
2224 1833 2225 1836 ,

100 1891 160 1981 pla
179 1888 311 1959 imitari
329 1891 446 1971 decet,
473 1892 676 1979 praesertim
699 1916 779 1961 cum
804 1887 861 1962 his
885 1891 1089 1960 miserrimis
1140 1880 1275 1978 phetas,
1299 1883 1362 1976 qui
1376 1906 1518 1973 magnas
1533 1886 1909 1958 catervasdiscentium
1924 1910 2042 1956 secum
2058 1899 2132 1954 tra-

101 1991 322 2081 temporibus
344 1989 541 2059 doctrinam
558 1985 797 2061 Christianam
824 1993 958 2085 ubique
977 2006 1090 2061 terra-
1139 1999 1287 2068 xerunt,
1311 1996 1351 2053 ut
1373 1998 1512 2056 tantum
1535 2010 1659 2077 agmen
1683 2000 1758 2057 crat
1781 1986 1982 2058 auditorum
2006 1983 2131 2070 Etisei,

100 2116 182 2162 rum
206 2086 371 2158 horribili
394 2091 545 2160 amentia
563 2089 752 2162 Pontifices
774 2118 813 2162 ac
834 2087 950 2183 Reges
972 2093 1089 2161 delere
1140 2100 1180 2159 ut
1196 2109 1276 2156 cum
1300 2096 1401 2155 antea
1420 2086 1458 2155 in
1477 2083 1613 2158 lericho
1636 2085 1871 2175 habitassent,
1893 2101 2039 2182 propter
2057 2086 2131 2156 eius

101 2203 288 2263 conentur.
343 2186 385 2257 ln
408 2203 506 2260 tanto
533 2192 676 2282 publico
701 2194 857 2282 periculo
881 2194 1011 2264 credite
1027 2216 1090 2261 vos
1140 2189 1210 2259 loci
1225 2187 1434 2277 augustiam,
1460 2203 1671 2281 quaererent
1686 2193 1729 2261 ad
1747 2188 1934 2261 lordanem
1951 2190 2056 2259 aliam
2075 2210 2131 2257 se·

101 2291 179 2364 Deo
203 2292 439 2380 gratissimum
458 2293 621 2387 officium
634 2292 762 2379 facere,
788 2297 883 2387 quod
902 2292 1088 2384 Evangelii
1139 2292 1233 2361 dem.
1293 2286 1367 2357 Nec
1396 2301 1516 2380 putate
1547 2291 1684 2362 ociosos
1713 2314 1834 2382 greges
1866 2285 2130 2361 Monachornm

100 2391 273 2465 Doctores
303 2393 454 2480 benigne
480 2391 658 2482 excipitis,
690 2395 858 2480 tuemini,
890 2410 923 2467 st
949 2396 1089 2465 auditis.
1139 2391 1268 2470 fuisse,
1293 2389 1355 2458 sed
1378 2389 1459 2459 illos
1482 2413 1639 2462 summos
1653 2393 1749 2462 viros
1771 2394 1964 2462 audiebant
1980 2393 2024 2460 de
2045 2413 2130 2481 pro·

102 2492 198 2564 Haec
218 2496 262 2561 de
288 2516 343 2560 me
366 2493 441 2582 ipso
464 2494 641 2583 praefatus
659 2516 757 2581 sum,
783 2520 879 2566 nunc
902 2497 939 2566 in
963 2519 1089 2585 genere
1141 2491 1370 2564 missionibus
1385 2491 1610 2583 disserentes,
1634 2494 1678 2561 de
1692 2515 1800 2582 reguo
1812 2488 1961 2576 Christi,
1987 2492 2030 2559 de
2047 2512 2130 2581 pec-

103 2589 293 2664 descholis
313 2595 409 2664 etde
434 2595 651 2684 professione
675 2621 750 2666 mea
768 2599 893 2668 dicam
944 2595 1035 2668 Nam
1060 2597 1090 2666 si
1142 2606 1236 2676 cato,
1263 2594 1308 2661 de
1323 2591 1415 2680 lege,
1439 2594 1483 2661 de
1499 2594 1623 2684 gratia,
1648 2595 1692 2662 de
1710 2593 1861 2678 iusticia,
1887 2595 1930 2663 dc
1946 2592 2038 2660 veris
2054 2588 2131 2659 cul-

105 2696 184 2789 quis
203 2695 391 2782 cogitabit,
422 2710 593 2786 quantum
614 2697 760 2783 referat,
793 2694 860 2768 hoc
885 2699 1089 2789 praesertim
1142 2696 1238 2765 tibus
1260 2691 1345 2776 Dei,
1373 2695 1417 2763 de
1437 2695 1600 2765 maximis
1620 2696 1879 2765 mutationibus
1901 2694 1999 2764 orbis
2016 2707 2131 2764 terra·

104 2810 281 2886 tempore,
315 2794 453 2864 restitui
474 2798 674 2866 emendatas
695 2795 852 2878 scholas,
879 2796 974 2868 hunc
1000 2795 1089 2867 mihi
1142 2819 1234 2865 rum.
1284 2790 1418 2864 Extant
1436 2790 1551 2866 adhuc
1571 2809 1688 2866 vetera
1710 2799 1883 2889 quaedam
1903 2795 2015 2878 dicta,
2040 2813 2131 2886 quae
2261 2848 2270 2858 .
2316 2818 2327 2829 ·

105 2918 245 2989 quoque
266 2907 304 2964 et·
317 2896 462 2966 caeteris
482 2895 553 2962 mei
568 2897 705 2964 ordinis
721 2893 928 2966 hominibus
945 2900 1089 2991 aequio-
1144 2899 1188 2966 ab
1212 2894 1285 2963 illis
1310 2890 1442 2964 scholis
1463 2896 1565 2988 quasi
1587 2920 1652 2988 per
1670 2922 1797 2967 manus
1816 2910 1954 2988 accepta
1975 2896 2132 2977 fuerunt,

103 3021 178 3068 rem
193 2999 268 3066 fore
285 3018 400 3084 spero.
453 2992 565 3062 Nemo
583 3006 720 3063 tamest
741 2997 931 3087 impudens
951 3022 991 3067 ac
1013 3000 1090 3065 sinc
1143 3011 1182 3068 ut
1199 2997 1332 3065 dictum
1347 2997 1391 3064 de
1407 3019 1466 3064 sex
1481 2996 1641 3068 millibus
1655 3022 1832 3070 annorum
1846 2998 1992 3082 mundi,
2012 2997 2050 3065 id
2066 2989 2132 3063 ha-

102 3101 232 3178 fronte,
254 3097 316 3186 qui
334 3114 462 3180 negare
476 3093 567 3162 ausit
582 3095 715 3165 multos
731 3120 805 3165 non
817 3098 1092 3169 dissimulandos
1144 3100 1204 3167 bet
1224 3095 1369 3166 titulum
1391 3099 1519 3166 domus
1533 3092 1652 3182 Eliae,
1676 3094 1745 3170 hoc
1766 3112 1834 3185 est,
1858 3094 1998 3169 scholae
2019 3092 2132 3166 Elias.

102 3218 241 3269 errores
269 3217 289 3261 a
310 3191 543 3262 Pontificibus
568 3206 602 3263 ct
623 3192 813 3268 Monachis
836 3199 874 3267 in
897 3194 1090 3269 Ecclesiam
1145 3196 1359 3267 Meministis
1381 3198 1475 3266 enim
1492 3200 1721 3270 sententiam:
1747 3199 1816 3272 Sex
1832 3200 1993 3272 millibus
2015 3219 2133 3269 anno-

103 3299 358 3367 invectosesse.
409 3290 526 3380 Quam
542 3295 645 3366 multi
659 3297 747 3366 boni
770 3311 804 3369 et
817 3301 912 3370 docti
926 3300 996 3369 viri
1010 3313 1092 3371 ante
1143 3321 1224 3367 rum
1240 3299 1384 3368 durabit
1395 3301 1562 3385 mundus,
1581 3314 1700 3391 postca
1717 3302 1932 3371 destruetur:
1960 3303 2032 3370 duo
2048 3297 2132 3366 mil·

102 3398 242 3489 aliquot
263 3394 378 3464 secula
397 3394 673 3486 deploraverunt
689 3398 880 3470 Missamm
910 3401 1091 3471 nundina·
1146 3397 1325 3480 lisinam,
1345 3392 1418 3468 duo
1432 3400 1543 3468 millia
1557 3400 1631 3485 lex,
1656 3403 1728 3472 duo
1742 3402 1855 3471 millia
1870 3400 2039 3486 Messiae;
2066 3396 2131 3469 etsi

102 3499 261 3580 tionem,
285 3495 541 3567 idolomaniam
561 3497 601 3565 in
621 3499 844 3572 invocatione
866 3502 1093 3571 sanctorum?
1144 3500 1207 3593 qui
1226 3499 1313 3567 anni
1330 3502 1498 3585 deerunt,
1524 3515 1669 3591 propter
1677 3516 1819 3591 peccata
1835 3517 1955 3574 nostra
1973 3502 2133 3571 deerunt.

79 3677 83 3688 ,
102 3591 386 3690 Reprehendunt
408 3595 475 3687 ipsi
497 3609 631 3667 veteres
644 3595 857 3671 Ambrosius
873 3614 906 3671 et
921 3598 1093 3691 Augusti-
1134 3597 1199 3669 'Ex
1222 3593 1428 3669 huiusmodi
1442 3601 1545 3669 dictis
1562 3601 1754 3672 existimari
1777 3615 1910 3694 potest,
1931 3604 1971 3673 in
1988 3603 2061 3672 illis
2075 3624 2134 3671 sa·

103 3722 173 3772 nus
187 3720 323 3777 errores
336 3698 633 3779 satisfactionum,
660 3715 695 3771 et
708 3716 880 3773 renovant
895 3703 1092 3772 doctrinam
1144 3700 1373 3792 pientissimis
1388 3701 1562 3772 sodalitiis
1575 3702 1682 3772 fuisse
1697 3704 1952 3794 disputationes
1970 3702 2134 3770 derebus

104 3801 149 3871 dc
163 3799 401 3892 poenitentia,
435 3812 469 3868 et
486 3800 530 3868 de
546 3798 625 3868 fide.
676 3799 793 3888 Quam
807 3803 913 3874 multi
929 3803 1095 3894 deplora·
1144 3800 1318 3869 maximis.
1362 3801 1415 3869 Ac
1430 3802 1580 3890 cogitate
1593 3816 1725 3894 quanta
1740 3803 1910 3873 foelicitas
1925 3802 2045 3886 fuerit,
2068 3799 2134 3871 etsi
2264 3794 2267 3800 ’

103 3914 234 3973 verunt
264 3900 433 3970 libidines
466 3898 770 3971 sacrificulorum?
808 3899 977 3997 Episcopi
1006 3904 1093 3996 quid
1145 3913 1245 3971 erant
1265 3897 1381 3986 Reges
1402 3899 1520 3989 impii,
1545 3901 1609 3970 etsi
1633 3915 1733 3971 erant
1751 3904 1872 3973 omnia
1894 3903 1998 3995 plena
2019 3901 2133 3972 bello-

104 4016 213 4093 agunt
228 4003 375 4091 dignum
394 4023 460 4070 suo
475 4002 645 4071 munere?
674 4000 772 4073 Haec
786 4028 866 4073 com
881 4006 951 4073 iam
965 4005 1092 4074 iterum
1146 4008 1280 4071 rumffic
1293 3998 1523 4085 seditionum,
1546 4000 1600 4070 illi
1615 4016 1735 4073 coctus
1748 3999 1941 4075 Ecclesiam
1954 3993 2135 4095 regebant,
2203 4062 2207 4069 ,

103 4099 318 4197 reprehendi
333 4099 429 4172 Deus
444 4102 609 4189 voluerit,
629 4127 668 4174 ac
683 4105 877 4175 instaurare
890 4102 1095 4190 Ecclesiam,
1146 4123 1228 4171 nam
1244 4099 1290 4170 ito
1308 4098 1369 4168 alii
1385 4100 1465 4170 aliis
1477 4104 1720 4189 succedebant,
1739 4107 1839 4198 quasi
1857 4106 1895 4175 in
1910 4107 1994 4191 scie,
2013 4119 2053 4175 ut
2067 4105 2135 4175 ali·

103 4229 151 4277 ue
166 4225 311 4295 prorsus
328 4226 453 4274 omnes
469 4199 631 4275 homines
648 4220 809 4296 percant,
834 4207 964 4277 videtis
979 4231 1095 4301 quan·
1146 4226 1217 4298 quo
1230 4201 1413 4272 excellenti
1428 4200 1604 4295 Propheta
1619 4207 1783 4291 extincto,
1800 4204 1899 4279 Deus
1911 4232 1994 4277 mox
2009 4207 2138 4287 alium,

103 4320 181 4379 tum
198 4317 375 4374 certamen
392 4319 552 4376 exortum
568 4307 629 4376 sit:
656 4304 845 4399 Epicuraei
859 4306 1046 4378 Pontifices
1060 4322 1095 4378 et
1146 4303 1247 4399 quasi
1270 4304 1308 4371 in
1331 4303 1366 4372 id
1395 4305 1578 4395 vestigium
1598 4307 1795 4378 collocaret.
1844 4306 1935 4379 Com
1953 4305 2053 4379 Elias
2068 4311 2136 4379 do-

101 4400 295 4490 Monachi,
320 4406 437 4476 ventri
456 4421 667 4493 metuentes,
692 4411 792 4479 adeo
812 4411 969 4481 fremunt
987 4432 1093 4480 serr-
1147 4408 1273 4478 ruisset
1299 4429 1412 4476 anuos
1438 4408 1579 4478 circiter
1604 4407 1751 4499 viginti,
1790 4411 1954 4481 successit
1981 4406 2134 4495 Eliseus,

102 4505 297 4602 prehendi,
322 4520 362 4578 ut
385 4506 496 4576 deleri
517 4531 647 4580 nomeu
661 4506 813 4596 Christi,
839 4526 873 4583 et
892 4513 1094 4582 universam
1145 4508 1209 4603 qui
1228 4530 1343 4576 annos
1373 4509 1512 4579 circiter
1535 4511 1755 4600 septuaginta
1778 4512 1989 4601 gubernavit
2010 4507 2136 4583 Eccle-

103 4609 304 4680 doctrinam
320 4604 526 4705 Evangelii,
551 4622 585 4677 et
599 4634 722 4682 omues
736 4608 912 4684 Ecclesiae
933 4612 972 4681 in
989 4613 1096 4682 vasti·
1145 4610 1232 4681 siam
1247 4608 1286 4677 in
1304 4606 1421 4677 lsrael.
1473 4607 1568 4680 Huic
1585 4611 1747 4681 successit
1760 4614 1883 4693 lonas,
1909 4636 2014 4705 quem
2039 4613 2136 4683 arbi-

103 4724 211 4784 tatem
235 4711 348 4800 redigi
373 4711 530 4799 cupiant.
582 4706 655 4780 Res
684 4711 757 4803 ipsa
785 4714 945 4809 loquitur
964 4738 1024 4784 eos
1045 4714 1094 4784 sic
1146 4709 1409 4782 tranturfuisse
1429 4709 1541 4779 filium
1559 4711 1721 4781 mulieris
1736 4710 1969 4804 sareptanae,
1994 4717 2040 4785 ab
2054 4710 2144 4797 Elia,

104 4812 258 4886 affectos.
321 4810 478 4899 Pcrgunt
502 4809 597 4880 enim
623 4812 812 4885 defendere
836 4838 920 4887 suos
946 4839 1095 4901 errores,
1145 4825 1348 4883 revocatum
1366 4835 1408 4880 ex
1423 4825 1549 4884 morte.
1597 4810 1737 4882 Deinde
1753 4815 1914 4886 abductis
1933 4817 2052 4886 decem
2069 4815 2136 4886 tri-

104 4913 227 4986 moliri
251 4914 345 4985 bella
367 4911 507 4996 civilia,
532 4912 717 4984 cumulant
739 4914 887 5005 flagitia,
911 4918 1095 5007 negligunt
1145 4913 1283 4996 bobus,
1307 4913 1471 4983 successit
1494 4909 1617 4983 Esaias
1642 4915 1680 4983 in
1705 4912 1813 5001 luda,
1844 4917 1908 5010 qui
1929 4917 2052 4989 docuit
2071 4940 2136 4987 an-

97 5012 282 5188 peclatus
316 5029 351 5086 et
377 5008 528 5085 scholas.
591 5011 673 5083 Tali
697 5027 856 5107 tempore
880 5041 1021 5090 necesse
1043 5031 1094 5088 cst
1145 5036 1211 5085 nos
1228 5012 1367 5083 circiter
1387 5015 1583 5104 octoginta,
1608 5030 1641 5087 et
1658 5038 1804 5106 regnum
1822 5018 1987 5091 liberavit
2008 5018 2136 5110 ingen·

129 5139 218 5187 onos
235 5131 269 5186 et
286 5117 363 5208 pios
377 5115 561 5208 Principes
572 5115 771 5207 providere,
796 5140 842 5187 ne
858 5120 1020 5201 funditus
1036 5121 1094 5189 in·
1145 5118 1241 5189 tibus
1263 5115 1384 5194 bellis,
1409 5140 1490 5187 nam
1509 5116 1658 5210 quilibet
1675 5113 1850 5209 Propheta
1872 5115 1980 5192 habet
2000 5121 2136 5214 aliquot

104 5232 213 5290 tercat
228 5220 355 5311 religio
371 5212 594 5289 Christianas
621 5242 731 5312 quare
747 5233 787 5290 ut
801 5214 976 5292 Ecclesias
990 5222 1095 5294 resti·
1145 5218 1284 5307 insigne
1306 5211 1523 5311 πολίτευμα.
1573 5217 1659 5290 Post
1672 5215 1813 5290 Esaiam
1831 5222 1999 5293 excitatus
2013 5234 2064 5292 est
2080 5218 2136 5290 Ie·

103 5333 221 5408 tuere,
245 5322 294 5393 ita
307 5337 341 5392 et
358 5315 496 5391 scholas
516 5319 714 5390 instaurare
731 5321 882 5404 debent3
908 5346 1095 5417 nunquam
1144 5319 1290 5400 remiss,
1326 5320 1389 5412 qui
1405 5344 1519 5390 annos
1536 5321 1676 5392 circiter
1693 5322 1925 5415 quadraginta
1947 5323 2135 5392 conciona-

102 5422 200 5492 enim
219 5447 301 5494 vcra
315 5419 473 5495 Ecclesia
489 5421 566 5492 sine
588 5417 718 5493 scholis
741 5423 923 5518 aliquibus
942 5425 1029 5512 fuit,
1055 5448 1095 5495 ac
1143 5437 1201 5496 tus
1216 5434 1279 5492 est.
1319 5419 1473 5517 Poitque
1488 5423 1564 5495 eius
1584 5418 1789 5517 πολίτευμα
1803 5425 1843 5494 in
1858 5423 2006 5517 speciem
2025 5421 2137 5512 triste,
