4732 6030
206 227 282 305 40?
712 218 870 297 DECL.
903 218 979 297 DE
1012 219 1297 299 PRAEFAT.
1331 217 1387 292 ΙΝ
1415 213 1734 297 HOMERUM.
2170 239 2248 316 400

211 399 364 474 lectione
381 401 650 492 permulceatur.
694 390 743 467 Ut
758 395 853 465 enim
869 395 908 464 in
923 390 993 466 hoc
1007 395 1205 485 scriptoest
1254 417 1412 478 merum,
1436 390 1499 484 qui
1515 391 1591 463 eius
1610 417 1666 463 res
1689 408 1800 484 gestas
1816 412 1849 469 et
1871 398 1979 472 fortia
1993 407 2085 479 facta
2103 409 2252 486 immor.

212 506 385 600 quaedam
400 505 548 594 perfecta
566 513 600 566 et
618 496 779 567 absoluta
795 498 911 587 imago
928 499 1118 589 sapientiae
1135 495 1204 568 hu·
1256 496 1320 566 tali
1341 496 1497 564 carmine
1514 497 1752 566 celebraturus
1769 514 1868 572 esset.
1920 501 2016 578 Haec
2032 512 2077 580 de
2093 511 2254 590 Homero

211 631 355 689 manac,
384 614 656 696 quantacunque
674 623 715 668 ea
731 600 877 668 omnino
894 623 967 668 csse
982 614 1041 669 aut
1058 601 1203 690 cogitari
1256 594 1503 670 Philostratus.
1543 596 1611 666 Per
1626 593 1693 668 hoc
1711 595 1807 669 haud
1824 603 1934 675 dubie
1948 609 2169 703 significans,
2196 623 2254 691 di·
2293 698 2298 709 ,

214 722 348 801 potest,
373 703 421 773 ita
436 703 473 769 in
491 703 589 771 omni
613 725 740 792 genere
755 702 937 771 doctrinae
956 696 1049 770 nihil
1066 702 1204 772 dulcius
1257 699 1389 769 vinitus
1407 698 1592 769 excitatum
1610 701 1718 771 fuisse
1733 702 1954 793 Homerum,
1988 726 2021 782 et
2037 717 2160 789 divina
2178 724 2255 793 vir.

215 836 255 881 eo
271 820 341 889 est,
368 798 459 873 nihil
475 802 700 888 luculentius,
726 799 820 872 nihil
834 803 872 870 in
890 806 983 896 quod
1003 805 1114 872 maior
1131 805 1204 871 elo·
1257 812 1331 869 tute
1357 801 1513 870 afflatum
1539 795 1625 870 baec
1650 804 1843 873 cecinisse..
1883 806 1923 877 ld
1946 818 2042 905 quod
2066 822 2188 891 multis
2213 827 2254 896 in

214 906 378 1004 quentiae
401 907 570 996 splendor
598 907 749 989 eluceat,
783 918 823 974 ut
847 919 938 974 recte
963 906 1097 976 dictum
1120 906 1204 974 sita
1257 900 1344 971 locis
1367 902 1486 970 videre
1508 901 1609 985 licet,
1641 926 1721 971 cum
1746 907 1844 978 velut
1858 934 1898 980 ex
1916 916 2024 1008 adyto
2043 922 2099 989 vel
2115 927 2255 1000 cortina

214 1009 343 1080 Fabio:
370 1005 680 1095 Quemadmodum
696 1007 740 1075 ab
757 1029 888 1075 oceano
908 1031 1030 1076 omnes
1047 1008 1204 1076 amnium
1258 1003 1365 1073 altius
1390 1001 1560 1094 quiddam
1588 1016 1622 1072 ct
1648 1004 1825 1089 divinius,
1864 1037 1973 1105 quam
2002 1043 2066 1109 pro
2094 1018 2254 1101 humano

150 1138 153 1145 ·
215 1126 249 1183 et
274 1109 427 1180 sontium
457 1131 579 1179 cursus
605 1108 708 1177 initia
734 1108 892 1200 capiant,
934 1109 981 1178 ita
1009 1107 1205 1178 Homerum
1258 1104 1551 1195 captusonuisse.
1603 1101 1768 1180 Indicant
1791 1105 2079 1206 hocnonnulla,
2102 1133 2253 1218 quaein

215 1213 382 1286 omnibus
399 1210 619 1303 eloquentiae
637 1210 796 1301 partibus
818 1210 1016 1300 exemplum
1037 1223 1205 1279 etortnm
1258 1206 1334 1276 eius
1367 1210 1524 1295 poemate
1554 1228 1673 1298 sparsa
1701 1224 1804 1296 sunt,
1837 1218 2024 1302 vaticinia,
2058 1249 2147 1317 quac
2174 1255 2249 1301 non

219 1316 369 1387 dedisse.
407 1311 490 1381 Non
506 1312 601 1381 euim
617 1311 756 1403 pluvias
770 1311 830 1381 ille
844 1335 967 1404 aquas,
998 1324 1038 1381 ut
1054 1310 1104 1382 ait
1119 1309 1207 1380 Pin·
1259 1308 1391 1400 absque
1413 1307 1535 1379 afflatu
1558 1309 1720 1379 numinis
1735 1313 1781 1380 ab
1807 1310 1963 1391 humana
1981 1341 2099 1397 mente
2112 1333 2250 1424 concipi

216 1419 342 1499 darus,
367 1414 520 1504 colligit,
551 1416 611 1481 sed
635 1413 716 1482 vivo
739 1413 886 1482 flumine
909 1415 1080 1496 exundat,
1111 1414 1207 1481 dono
1259 1421 1468 1501 potuerunt:
1504 1409 1608 1502 quale
1637 1405 1706 1480 hoc
1737 1428 1789 1495 est
1809 1419 1854 1487 de
1876 1424 2079 1510 posteritate
2100 1426 2250 1519 Aeneae,

218 1518 372 1613 quodam
398 1517 641 1608 providentiae
662 1514 804 1583 divinae
826 1516 869 1583 ad
890 1510 958 1584 boc
983 1515 1143 1603 genitus,
1168 1527 1210 1584 nt
1260 1526 1293 1580 et
1309 1510 1513 1580 aeternitate
1529 1512 1639 1580 futuri
1656 1509 1812 1585 Romani
1829 1519 1990 1611 imperii,
2011 1533 2107 1620 quod
2124 1557 2144 1602 a
2161 1534 2250 1605 Ver.

217 1621 256 1688 in
271 1643 312 1689 eo
325 1631 415 1688 totas
430 1618 521 1686 vires
536 1640 617 1686 suas
634 1616 834 1710 eloquentia
850 1614 1076 1708 experiretur.
1259 1612 1344 1702 gilio
1360 1605 1428 1681 hoc
1446 1635 1549 1680 versu
1566 1614 1744 1685 redditum
1762 1632 1830 1688 est:

299 1747 377 1821 Etsi
390 1751 500 1840 igitur
515 1764 594 1843 post
610 1750 686 1821 eius
701 1762 848 1819 aetatem
865 1749 1020 1819 effloruit
1036 1746 1119 1818 satis
1134 1747 1210 1815 ioe-
1378 1734 1418 1797 Et
1432 1741 1665 1817 11111111111111,
1692 1753 1722 1803 0²
1741 1748 1795 1826 qni
1809 1762 1965 1813 uuosntm
1979 1755 2016 1813 ab
2030 1756 2115 1836 ipsis.

216 1853 266 1922 lix
281 1849 473 1923 Poe'tarum
489 1866 691 1943 proventus,
714 1850 789 1942 ips'e
805 1862 923 1919 tamen
942 1874 1079 1942 semper
1095 1872 1210 1933 strum,
1261 1847 1381 1937 Quare
1397 1872 1470 1917 non
1484 1849 1529 1917 ab
1544 1873 1582 1918 re
1596 1849 1820 1924 Democritus
1834 1859 1933 1948 dixit,
1957 1861 2151 1936 Homerum
2168 1892 2247 1940 sor.

216 1951 285 2024 hoc
303 1968 370 2039 est,
394 1978 573 2025 summum
596 1978 635 2022 ac
657 1951 854 2044 principem
873 1953 990 2022 locum
1014 1951 1149 2035 tenuit,
1176 1963 1210 2020 et
1260 1951 1367 2021 titum
1386 1949 1494 2019 fuisse
1510 1951 1729 2026 divinantem
1745 1957 1913 2036 animam.
1963 1963 2031 2036 Sed
2045 1969 2110 2038 ista
2128 1994 2248 2061 perse-

91 2088 93 2092 Α
216 2079 310 2127 unus
326 2057 492 2125 omnibus
508 2077 596 2148 quos
610 2055 684 2123 ulla
698 2053 780 2123 tulit
793 2067 897 2138 aetas,
921 2051 1040 2123 Poetis
1055 2053 1209 2144 palmam
1261 2052 1340 2145 qui,
1366 2046 2011 2156 nonsunthuiuslociauttemporis.
2057 2067 2112 2142 Ad
2128 2087 2248 2144 nostra

217 2156 434 2251 praeripuit,
459 2156 742 2248 longissimisque
759 2155 956 2224 intervallis
970 2169 1115 2224 cunctos
1132 2166 1210 2246 post
1262 2154 1381 2243 igitur,
1407 2167 1511 2246 atquc
1529 2155 1571 2222 ad
1589 2178 1733 2248 eaquae
1750 2165 1879 2234 nostris
1896 2169 2023 2238 studiis
2040 2185 2075 2242 et
2090 2176 2249 2246 moribus

217 2283 254 2329 se
271 2258 426 2350 reliqum
452 2258 558 2350 idque
574 2257 706 2336 effeci„
732 2271 772 2327 ut
785 2279 952 2345 magnum
969 2270 1003 2326 et
1016 2257 1135 2346 magni
1151 2255 1211 2326 in·
1261 2255 1427 2347 propiora
1451 2269 1552 2340 sunt,
1588 2273 1818 2339 revertamur.
1867 2262 1948 2337 Etsi
1978 2297 2062 2342 vero
2093 2272 2182 2344 mibi
2210 2279 2248 2347 in

218 2360 314 2451 genii
329 2355 491 2429 habitum
506 2358 561 2442 sit,
587 2358 662 2427 eius
677 2359 825 2428 virtutes
839 2382 911 2426 non
927 2358 1070 2450 quidem
1086 2382 1209 2427 aemu-
1261 2356 1456 2448 praesentia
1481 2379 1555 2425 non
1569 2373 1668 2430 vacat
1684 2362 1850 2454 colligere
1872 2364 1920 2464 col
1942 2369 2249 2471 φιλοσοφούμενα

215 2463 369 2544 latione,
401 2462 496 2553 quod
524 2459 743 2551 impossibile
769 2472 840 2552 est,
873 2461 934 2528 sed
955 2459 1080 2530 saltem
1104 2459 1210 2528 intel·
1262 2458 1323 2550 illa
1339 2457 1538 2544 recondita,
1563 2461 1609 2529 de
1623 2461 1809 2555 principiis
1823 2491 1962 2558 rerum,
1987 2477 2031 2544 de
2051 2484 2149 2547 niotu
2168 2503 2248 2549 cor-

216 2563 437 2654 lecpusequi,
478 2557 583 2633 canit
599 2563 642 2630 de
658 2585 700 2630 eo
714 2573 754 2632 ut
766 2561 961 2650 magnifice,
987 2560 1034 2631 ita
1051 2583 1126 2630 non
1140 2560 1210 2632 mi·
1262 2583 1389 2663 porum
1408 2559 1610 2631 coelestium
1633 2575 1667 2632 et
1690 2578 1883 2654 astrorum,
1909 2574 1953 2642 de
1978 2578 2177 2664 elementis,
2203 2584 2248 2652 de

195 2687 286 2735 ,nm
303 2687 384 2735 ,ete
398 2661 588 2732 Manilius:
1263 2663 1398 2731 mundo
1424 2675 1458 2731 et
1479 2685 1520 2730 eo
1542 2663 1697 2755 duplici,
1730 2669 1774 2737 de
1798 2673 2049 2747 constitutione
2079 2676 2248 2770 hominis,

526 2789 672 2869 cuiusque
687 2807 726 2847 ex
742 2806 793 2845 ore
808 2783 932 2866 profuso
998 2775 1158 2877 (inquit)
1259 2764 1306 2831 de
1332 2763 1446 2832 anima
1472 2775 1507 2832 ct
1526 2763 1600 2882 eius
1622 2766 1799 2855 partibus,
1829 2772 1873 2840 de
1899 2775 1982 2846 sede
2008 2783 2247 2868 potentiarum

321 2887 432 2953 Omnis
447 2894 605 2970 posteritas
620 2892 721 2950 lstioes
735 2891 768 2948 in
782 2891 914 2949 carmine
930 2887 1029 2965 duxit,
1261 2863 1418 2954 mimae,
1445 2865 1489 2932 de
1513 2866 1661 2954 ³¹⁰8¹¹ll⁸
1684 2871 1868 2959 P0l‘nlllss
1890 2876 1935 2944 de
1955 2878 2156 2967 affectibus,
2185 2884 2248 2952 lls—

322 2993 516 3076 Amnemque
530 2996 563 3052 11,
578 3003 682 3053 „mm
697 3011 768 3053 ,w
784 3004 827 3052 „t
842 2990 986 3052 deducere
1003 2992 1095 3069 m„
1261 2989 1330 3058 qne
1347 2965 1498 3035 laudatis
1510 2981 1545 3036 et
1561 2967 1714 3054 vitiosis,
1739 2974 1783 3041 de
1796 2974 1931 3046 ratione
1947 3002 2052 3069 porro
2067 2996 2172 3075 atque
2187 2985 2246 3053 in-

320 3090 417 3153 Unius
433 3095 582 3154 t'oeeunda
596 3095 696 3156 bonta.
1261 3068 1421 3150 tellectu,
1445 3088 1621 3162 sensuque
1635 3082 1669 3139 st
1686 3074 1846 3165 adpetitu
1862 3101 1942 3146 cum
1965 3104 2005 3149 eo
2024 3088 2167 3172 perenni
2188 3089 2246 3156 di-

217 3197 266 3270 Et
287 3195 500 3270 Theocritus
523 3206 591 3285 ait,
614 3202 801 3272 Musarum
823 3227 922 3286 am,
948 3197 1016 3273 hoc
1030 3216 1098 3290 est,
1125 3203 1209 3273 reli·
1262 3168 1449 3237 miratione
1470 3169 1714 3259 depugnante,
1743 3179 1788 3244 sle
1814 3178 1876 3248 illa
1899 3180 2074 3252 diviniore
2098 3200 2132 3257 et
2160 3187 2245 3260 item

219 3300 470 3395 quosPoetas,
496 3302 525 3372 si
548 3325 629 3372 cum
642 3301 799 3371 Homero
822 3317 955 3374 certare
971 3307 1107 3389 ausint,
1132 3306 1210 3374 fru·
1261 3270 1365 3388 ΜΨ
1390 3282 1488 3360 9³³⁰
1511 3265 1692 3392 h⁰mi¹¹l⁸2
1737 3272 1852 3362 ΗΜ»
1885 3279 2050 3403 '’Quin'‘
2076 3290 2248 3360 1111111111

218 3418 290 3475 ,m
313 3403 495 3487 laborare,
520 3416 554 3471 et
575 3403 671 3473 velut
687 3426 906 3498 coccysmum
930 3406 1034 3473 edm
1061 3408 1105 3473 ad
1127 3406 1209 3473 dul,
1262 3366 1351 3439 muln
1373 3394 1553 3440 recensere
1571 3397 1647 3443 non
1666 3373 1787 3462 laceat,
1812 3391 1931 3450 umen
1954 3399 2068 3457 serant
2089 3392 2249 3478 studiosa,

218 3505 377 3575 cissimos
399 3504 571 3575 lusciniae
594 3517 729 3574 cantus.
789 3503 957 3574 Testatur
979 3504 1063 3574 item
1085 3500 1208 3576 Philo-
1261 3471 1421 3540 ⁰¹¹¹¹¹³¹¹¹¹¹
1447 3467 1573 3593 harum
1599 3481 1893 3600 '‘mm“fmlnlg
1926 3496 2045 3558 1111111
2077 3490 2249 3562 fontesin

218 3621 348 3679 stratus
362 3602 560 3676 Homerum
577 3629 654 3675 non
675 3603 766 3675 sicut
780 3600 1052 3696 Euphranorem
1075 3620 1209 3693 statua·
1261 3569 1417 3691 H‚⁰¹⁰²¹'‘‚'
1433 3596 1517 3691 5³⁵⁰·
1548 3573 1780 3698 Nff‘lfffljlllffi
1796 3584 2249 3709 11111ῐῆ11111111111111111ἰο1

216 3709 330 3794 rium,
355 3708 419 3802 qui
434 3708 646 3803 quibusdam
666 3707 705 3775 in
721 3729 783 3776 su,
800 3718 875 3778 me
890 3708 1080 3779 virtutibus
1096 3722 1209 3781 caete-
1260 3686 1376 3792 pictor
1399 3676 1496 3744 nnus
1519 3679 1708 3750 nobrborss
1728 3706 1768 3753 ac
1789 3686 1979 3758 drvmtorss
2000 3705 2108 3783 partas
2130 3697 2246 3765 nostri

216 3811 267 3879 ris
295 3808 488 3902 praestitit,
521 3811 583 3880 sed
607 3809 646 3878 in
667 3808 853 3893 omnibus,
886 3833 977 3903 quae
1000 3809 1145 3905 quidem
1170 3809 1209 3878 in
1261 3788 1392 3860 ‘¹⁸⁰⁸’
1418 3802 1525 3870 ‘luam
1547 3776 1736 3853 fimum&

217 3935 436 4007 unoquoque
452 3912 603 3982 maxime
620 3911 762 3983 laudata
778 3911 861 3996 sint,
888 3911 1207 3984 eminentissimum

1348 3924 1574 4031 Quapropter
1589 3930 1710 4024 Scipio
1725 3938 1816 4028 apud
1831 3935 1960 4010 Silium
1975 3941 2106 4032 ingenti
2116 3909 2155 4018 et
2171 3968 2248 4016 non

218 4036 303 4091 esse.
353 4011 401 4084 Et
415 4014 522 4084 refert
538 4015 600 4083 illc
620 4011 780 4083 festivam
798 4014 841 4082 de
855 4011 1015 4086 Homero
1038 4014 1210 4100 fabulam,
1259 4028 1346 4099 falsa
1379 4029 1484 4100 laude
1508 4027 1606 4105 vehit
1629 4034 1778 4106 Homeri
1805 4041 1966 4126 umbram
1991 4047 2085 4135 apud
2115 4046 2251 4120 inferos

218 4139 325 4209 (1111111
338 4109 993 4186 101111111111111(11111111111111111111
1015 4116 1206 4188 1111010111·
1260 4130 1502 4224 conspcc‘tam,
1526 4148 1561 4206 et
1586 4159 1733 4227 magnae
1753 4140 1953 4214 foelicitatis
1967 4145 2044 4215 loco
2066 4146 2139 4219 suis
2160 4163 2253 4220 tem-

220 4237 426 4284 memorare.

1261 4234 1407 4325 poribus
1431 4237 1535 4304 talem
1556 4252 1670 4306 vatem
1697 4253 1815 4331 optat,
1841 4267 1945 4336 quem
1971 4246 2088 4337 locum
2107 4267 2252 4344 propter

321 4340 500 4416 Achillem
524 4345 594 4431 ait,
634 4369 716 4416 cum
737 4346 940 4416 adolescens
965 4362 1075 4434 essee,
1114 4350 1207 4421 miro
1260 4336 1499 4407 adolescentes
1514 4359 1587 4406 non
1601 4338 1694 4431 piget
1708 4335 1766 4410 bic
1782 4344 1967 4440 subiicere,
1994 4350 2044 4421 sic
2057 4351 2153 4422 enim
2169 4353 2235 4424 ait:

220 4445 337 4520 studio
357 4459 391 4518 et
412 4469 531 4516 amore
547 4445 705 4518 Musicae
720 4470 760 4518 ac
774 4445 937 4516 Poeticae
954 4449 1134 4538 flagrasse,
1155 4451 1207 4523 ita

220 4562 260 4621 ut
270 4547 429 4643 quotidie
441 4573 461 4618 a
473 4544 587 4620 Musis
602 4550 829 4620 contenderet
841 4548 1017 4640 precibus,
1034 4565 1073 4622 ut
1087 4577 1207 4626 earum

219 4652 352 4724 auxilio
379 4652 417 4719 in
447 4650 673 4722 excellentem
698 4649 876 4722 Musicum
903 4667 1020 4743 posset
1047 4657 1206 4730 evadere.

219 4751 382 4848 Cumque
396 4752 539 4824 nullum
557 4753 684 4824 orandi
707 4753 812 4823 linem
834 4754 983 4841 laceret,
1007 4758 1150 4828 tandem
1166 4781 1207 4826 es

218 4854 335 4928 Musis
350 4852 536 4948 Calliopen
556 4855 610 4925 illi
633 4856 856 4949 apparuisse,
876 4878 916 4925 ac
938 4857 1137 4945 monuisse,
1162 4881 1206 4928 ne

219 4982 299 5028 cum
313 4957 393 5028 latis
408 4971 591 5049 pugnaret,
615 4958 719 5029 aliter
735 4959 831 5027 enim
846 4959 981 5049 superis
994 4960 1109 5030 visum
1123 4983 1207 5047 esse,

202 5048 292 5128 ‘non
308 5050 423 5130 vatem
438 5082 535 5143 eum,
561 5060 622 5128 ssd
639 5071 873 5152 praestantem
887 5059 1092 5131 bellatorem
1109 5064 1206 5134 futu-

218 5185 317 5242 rum,
343 5158 456 5254 etqui
477 5160 562 5230 tales
584 5182 639 5230 res
661 5174 819 5250 gereret,
836 5163 932 5232 unde
949 5161 1078 5234 Po‘c'tae
1094 5178 1205 5235 mate-

217 5262 308 5334 riam
322 5259 501 5334 scribendi
515 5265 689 5353 sumpturi
705 5277 829 5334 esseut.
862 5262 946 5338 Post
961 5279 1102 5338 centum
1120 5290 1204 5336 vero

214 5390 330 5439 anuos
351 5364 570 5436 exoriturum
592 5364 769 5457 quendam
790 5379 927 5453 vatem,
959 5367 1105 5440 nomine
1124 5365 1204 5440 Ho-

1311 4458 1416 4543 Atque
1431 4459 1482 4522 hie
1498 4458 1604 4544 Elysio
1621 4463 1792 4527 tendentem
1806 4470 1903 4530 limite
1919 4493 2043 4537 remens

1309 4559 1450 4644 Effigiem
1464 4568 1600 4644 iuvenis,
1627 4580 1723 4647 caste,
1749 4573 1799 4630 oui
1814 4574 1888 4631 vitta
1902 4575 2014 4652 ligabat

1311 4660 1464 4746 Purpurea
1477 4667 1589 4726 effusos
1605 4687 1659 4747 per
1670 4658 1748 4730 colle
1760 4676 1885 4734 nitentia
1897 4679 1999 4755 erinis,

1309 4761 1385 4843 Dic,
1410 4770 1469 4845 sit,
1495 4765 1547 4827 hic
1568 4772 1693 4852 quinam
1706 4778 1810 4856 virgo,
1836 4797 1907 4837 uam
1923 4781 1992 4841 luce
2007 4780 2136 4861 refulget

1310 4865 1490 4948 PraeeIpus,
1516 4871 1603 4933 lions
1618 4893 1699 4935 sacra
1715 4878 1791 4952 viro,
1819 4881 1990 4964 multaeque
2005 4897 2173 4965 sequuntur

1309 4967 1453 5032 Mirantes
1468 4976 1603 5048 enimse,
1632 4989 1662 5038 et
1679 4981 1758 5037 laeto
1775 4980 1904 5040 clamore
1919 4983 2119 5066 frequentent.

1310 5067 1375 5152 Qui
1390 5077 1508 5153 vultus,
1534 5097 1625 5161 quem
1635 5082 1660 5139 si
1677 5075 1784 5158 Stygia
1799 5102 1861 5141 non
1878 5099 1951 5146 esset
1967 5092 1998 5146 in
2015 5091 2131 5166 umbra,

1307 5172 1461 5240 Dixissem
1475 5180 1562 5241 liscile
1576 5202 1637 5241 esse
1652 5176 1765 5240 Deum.
1815 5180 1886 5245 Non
1899 5187 2026 5259 falleris,
2052 5195 2163 5275 inquit,

1305 5274 1404 5341 Docta
1422 5304 1521 5344 comes
1539 5285 1660 5361 triviae,
1686 5289 1797 5346 meruit
1809 5282 1894 5349 Deus
1909 5312 1970 5352 esse
1985 5291 2090 5354 rideri.

1305 5376 1345 5443 Et
1361 5383 1421 5446 l'uit
1434 5390 1467 5447 ln
1483 5398 1564 5448 tanto
1580 5406 1643 5447 nou
1656 5404 1783 5468 pervum
1798 5403 1919 5472 pectore
1940 5416 2063 5473 numen,
