4732 6030
55 341 58 351 ,
153 262 230 339 aas
830 184 990 336 uren.
1023 255 1100 332 ur
1134 248 1511 329 sarraceno.
1854 196 1856 201 ⁵
2116 255 2193 334 sae

154 433 358 526 Agricolae,
384 454 446 502 sua
465 432 617 526 quisque
634 456 698 524 pro
714 432 883 524 opinione
907 432 963 523 (ut
979 447 1030 504 est
1046 432 1147 522 inge·
1197 426 1292 496 libus
1306 428 1407 511 duos,
1428 428 1577 498 totidem
1592 429 1636 497 de
1649 426 1751 520 aequi
1769 429 2057 519 ponderantibus.
2094 427 2192 502 Scri·

153 539 255 608 nium
270 530 456 605 hominum
474 536 519 604 ad
541 559 616 603 rem
631 535 712 625 plus
727 536 810 605 satis
825 531 1021 630 attentum)
1045 557 1146 624 agros
1196 529 1266 620 psit
1282 528 1366 598 itcrn
1381 531 1424 598 de
1440 529 1546 599 lineis
1568 530 1777 623 spiralibus,
1802 530 1865 600 ubi
1888 532 2192 605 circumferentiae

154 661 237 708 suos
253 636 401 705 delinire
420 637 600 728 cupiebat,
626 637 757 729 quique
778 637 850 706 sive
867 661 1046 720 sermone,
1072 637 1145 705 sive
1195 629 1320 700 circuli
1343 632 1524 724 aequalem
1546 647 1678 704 rectam
1700 632 1884 722 designare
1908 649 2075 720 conatur,
2101 658 2190 728 qua-

152 739 290 809 viribus
313 738 395 828 plus
418 739 564 808 caeteris
584 739 714 818 valuit,
747 740 886 808 tametsi
910 754 1011 808 antea
1033 761 1146 827 angu—
1194 744 1298 802 tenus
1316 732 1487 803 circulum
1503 734 1678 827 quadrare
1691 735 1811 818 liceat,
1838 736 1932 827 quod
1951 736 2096 828 quidem
2113 738 2189 829 ple-

151 853 246 910 stum
263 835 409 910 haberet
426 863 569 928 agrum,
595 865 658 931 pro
675 841 777 910 libito
795 842 964 910 terminos
981 841 1145 913 instituit,
1195 834 1313 926 risque
1328 835 1575 905 vetustissimis
1592 831 1821 928 Philosopbis
1835 838 2031 929 quaesitum
2047 851 2098 907 est
2105 890 2118 922 ,
2142 841 2188 910 ad

153 940 255 1031 Quae
278 965 334 1010 res
358 966 438 1010 cum
462 955 600 1032 praeter
616 966 767 1036 aequum
784 956 818 1013 et
841 945 976 1012 honum
993 957 1145 1012 vertere·
1194 949 1353 1027 tempora
1373 961 1485 1029 usque
1509 935 1713 1009 Aristotelis
1739 952 1856 1009 autern
1881 964 1899 1006 a
1924 939 2067 1008 nemine
2089 964 2185 1010 conr-

151 1058 229 1125 tur,
256 1045 299 1112 ad
315 1040 521 1133 Principem
546 1045 621 1116 eius
640 1045 774 1136 patriae
791 1045 956 1115 devoluta
980 1059 1047 1115 est:
1081 1042 1143 1137 qui
1195 1051 1350 1129 pertum:
1378 1042 1477 1108 cuius
1493 1040 1544 1108 rei
1561 1041 1709 1130 gloriam
1728 1041 1894 1109 nonnulli
1911 1055 2031 1112 nostra
2052 1055 2187 1134 tempe-

151 1146 243 1216 iusta
266 1145 420 1236 quadam
444 1145 599 1231 ratione,
637 1147 882 1238 mensurisque
903 1148 1024 1230 certis,
1062 1169 1144 1214 suos
1194 1153 1281 1209 state
1298 1139 1366 1207 viri
1381 1141 1567 1209 clarissimi
1584 1143 1853 1232 praestolantur.
1894 1136 1953 1212 Ab
1970 1138 2186 1214 Archimede

152 1246 280 1339 cuique
294 1246 472 1336 reparavit
490 1247 629 1320 limites.
663 1246 733 1322 ‚Sic
751 1249 907 1337 generali
923 1263 956 1318 et
974 1249 1144 1317 inusitato
1195 1242 1340 1332 insuper
1353 1244 1652 1312 mensurationem
1667 1243 1789 1313 circuli
1805 1245 2014 1337 accepimus,
2033 1248 2186 1337 quadra-

151 1350 307 1442 quodam
337 1348 493 1438 impulsu
521 1349 726 1419 mortalium
753 1350 864 1418 animi
889 1351 934 1419 ad
960 1372 1144 1420 mensuras
1194 1356 1310 1412 turam
1327 1343 1539 1433 parabolae,
1565 1358 1600 1415 et
1616 1367 1742 1415 arenae
1761 1370 1962 1421 numerum.
2012 1346 2108 1419 Sunt
2122 1348 2186 1442 qui

151 1450 354 1521 tractandas
374 1450 554 1535 conversi,
579 1474 726 1542 coepere
743 1451 832 1521 alter
846 1451 949 1521 alteri
965 1451 1145 1544 quaestio·
1195 1444 1373 1534 scripsisse
1395 1469 1475 1515 euru
1499 1459 1656 1516 asserant
1669 1441 1934 1533 Meshanicam,
1960 1449 2022 1518 ubi
2047 1450 2185 1520 electis-

152 1574 215 1620 ues
234 1574 447 1643 proponere:
475 1565 508 1622 et
529 1553 698 1646 quicquid
722 1553 761 1621 in
781 1548 1027 1623 huiuscemodi
1044 1576 1142 1623 exer.
1194 1546 1282 1616 sima
1306 1548 1351 1615 ad
1367 1547 1484 1617 varios
1507 1571 1592 1618 usus
1613 1548 1754 1638 collegit
1769 1548 1929 1638 ingenia,
1955 1552 1998 1620 de
2013 1551 2184 1642 ponderi-

152 1653 244 1724 citiis
271 1655 362 1722 bene
382 1653 568 1725 inventum
591 1657 784 1747 putabant,
817 1656 979 1748 quamvis
1006 1655 1145 1744 indige·
1194 1650 1279 1732 bus,
1305 1649 1348 1717 de
1371 1672 1482 1740 aquae
1505 1650 1689 1735 ductibus,
1715 1663 1748 1720 et
1771 1651 1934 1732 caeteris,
1960 1675 2049 1745 quae
2071 1677 2184 1746 usque

151 1769 265 1840 stum,
291 1769 333 1826 ut
348 1755 396 1826 ita
412 1756 559 1849 loquar,
584 1753 700 1827 adhue
715 1758 823 1841 toret,
849 1757 961 1827 literis
976 1759 1143 1826 mandare
1195 1746 1260 1817 hac
1285 1749 1407 1818 videre
1427 1774 1501 1819 non
1532 1752 1644 1823 licuit.
1697 1751 1848 1844 Specula
1872 1766 1991 1823 tamen
2013 1755 2089 1823 eius
2111 1779 2183 1849 quo

151 1859 376 1931 studuerunt.
426 1856 603 1929 Paulatim
626 1882 767 1951 quoque
784 1858 966 1928 invicinis
987 1857 1144 1948 regioni·
1194 1863 1296 1941 pactu
1312 1850 1415 1930 liant,
1441 1852 1545 1942 plene
1565 1854 1765 1925 didicimus.
1817 1854 1857 1925 Si
1874 1855 1937 1948 qui
1954 1849 2107 1925 vestrirm
2130 1879 2185 1926 se-

150 1960 219 2029 bus
236 1959 360 2029 itidem
379 1971 496 2029 actum
512 1973 574 2033 est,
1195 1964 1369 2021 cretarum
1384 1975 1503 2021 rerum
1516 1955 1668 2025 cultores
1681 1955 1846 2042 existunt,
1866 1958 1986 2027 omnia
2004 1958 2073 2026 iam
2087 1982 2185 2029 nunc

254 2059 358 2129 Talia
380 2061 686 2152 scriptaplurima
710 2063 752 2133 ad
768 2086 895 2133 manus
912 2063 1053 2132 tandem
1067 2056 1145 2131 Eu·
1195 2067 1465 2141 commemorate
1483 2057 1690 2148 propediem
1704 2057 1826 2127 videre
1841 2070 2019 2150 poterunt.
2071 2055 2186 2152 Apol·

152 2158 256 2232 clidis
278 2159 495 2251 Megarensis
519 2187 726 2255 pervenere,
761 2165 892 2257 quibus
914 2178 947 2235 et
971 2165 1046 2254 ipse
1068 2187 1143 2232 non
1194 2155 1313 2224 lunius
1333 2180 1494 2249 quoque,
1516 2159 1579 2229 ubi
1601 2158 1639 2227 iu
1659 2156 1827 2230 Latinum
1850 2184 1890 2230 ex
1908 2158 2047 2232 Graeco
2063 2185 2185 2234 versus

151 2286 264 2356 pauca
281 2286 346 2353 pro
364 2265 525 2334 acumine
539 2266 673 2355 ingenii
688 2266 744 2334 sui
759 2266 910 2338 addidit,
957 2264 1143 2336 Neautem
1194 2258 1318 2343 fuerit,
1356 2259 1493 2328 nemini
1516 2251 1673 2333 vestrim
1701 2286 1776 2331 non
1803 2263 2033 2336 admirandus
2056 2264 2184 2336 veniet.

151 2378 267 2444 tauta,
291 2377 433 2459 tamque
448 2366 618 2437 diuturna
633 2368 828 2459 priscorum
847 2364 1144 2457 homiuumvigi-
1194 2359 1265 2430 Sed
1280 2382 1419 2442 vereor,
1446 2386 1491 2431 ne
1508 2362 1547 2432 in
1565 2364 1743 2434 maritam
1764 2365 1919 2455 spacioso
1937 2367 2090 2436 nimium
2106 2368 2183 2436 vela

151 2466 261 2537 lautia
282 2467 504 2556 perderetur,
529 2468 645 2560 eoepit
664 2470 703 2538 in
720 2470 888 2540 tredecim
909 2470 1030 2557 libris,
1055 2493 1144 2564 quos
1194 2462 1436 2537 distenderim·
1474 2462 1659 2545 Resumite
1673 2490 1803 2560 quaeso
1819 2482 1977 2558 coeptam
1995 2469 2033 2537 in
2050 2493 2106 2538 me
2120 2469 2184 2538 be·

152 2569 242 2639 iuste
264 2569 404 2660 vocavit
418 2565 621 2655 Elementa,
645 2574 741 2664 quod
764 2596 805 2641 ex
828 2573 878 2642 eis
897 2596 1019 2642 ornnes
1036 2572 1143 2643 disci·
1195 2566 1454 2647 nevolentiam,
1483 2589 1546 2656 ego
1569 2568 1703 2638 interea
1726 2570 1769 2637 ad
1794 2568 1895 2639 littus
1919 2592 2038 2649 secure
2055 2593 2183 2639 conce-

152 2672 273 2763 plinae
292 2671 488 2762 pendeant,
518 2674 760 2745 conclusiones
783 2674 911 2764 passim
929 2676 1036 2745 lectas
1057 2698 1143 2744 con·
1194 2669 1286 2737 dam.
1321 2665 1412 2737 Nam
1429 2682 1511 2760 post
1526 2667 1718 2741 Eutocium
1733 2666 1972 2741 Ascalonitam
1990 2668 2183 2741 Commen-

152 2773 323 2857 scribere,
344 2773 596 2867 scientiamque
618 2777 728 2845 totius
752 2767 884 2846 codicis
902 2774 1142 2848 Geometriam
1194 2770 1323 2840 tarium
1348 2766 1591 2854 Archimedis,
1630 2786 1710 2864 post
1730 2767 1924 2842 Theodosii
1951 2774 1995 2843 de
2024 2768 2183 2864 sphaeris

152 2874 341 2966 appellare,
367 2875 463 2967 quod
480 2877 570 2945 circa
586 2892 703 2946 terrae
715 2879 971 2946 dimensionem
988 2879 1142 2969 primor—
1196 2885 1265 2942 tres
1285 2872 1414 2956 libros,
1446 2887 1524 2963 post
1550 2873 1756 2945 Menelaum
1780 2875 1823 2944 de
1846 2869 2037 2967 sphaericis
2063 2875 2183 2965 liguris

153 2977 212 3045 dia
242 2999 305 3044 sua
334 2969 533 3058 habuisset,
565 2977 621 3044 cui
652 2977 817 3066 deinceps
841 2975 1026 3069 Hypsicles
1054 2982 1143 3048 duos
1194 2973 1365 3064 plurimos
1387 2976 1562 3046 adducere
1582 2998 1718 3067 possem
1743 2973 1943 3046 indidersis
1962 2977 2095 3067 linguis
2110 2977 2184 3047 cla-

152 3078 265 3146 libros
282 3074 428 3155 adiecit,
455 3098 543 3165 quos
561 3077 752 3168 appellavit
774 3079 957 3164 relativos,
980 3081 1077 3173 quod
1098 3083 1142 3149 ad
1193 3076 1350 3143 rissiruos
1369 3072 1594 3147 Geometriae
1616 3079 1824 3169 scriptores,
1849 3079 1917 3147 nisi
1939 3079 2106 3172 temporis
2118 3102 2184 3148 an-

153 3175 321 3247 tredecim
339 3169 500 3244 Euclidis
518 3177 629 3247 libros
650 3180 827 3248 referendi
849 3194 982 3265 essent,
1008 3182 1046 3250 in
1062 3182 1143 3275 qui·
1193 3177 1305 3266 gustia
1326 3189 1469 3250 vetaret,
1513 3178 1754 3268 Quamobrem
1770 3182 1815 3248 ad
1832 3183 2024 3249 secundum
2041 3174 2184 3249 Mathe·

153 3279 221 3348 bus
255 3275 483 3366 proportione
509 3279 667 3372 quinque
700 3305 889 3372 corporum
916 3284 1145 3373 regularium,
1194 3279 1341 3346 maticae
1361 3302 1472 3368 genus
1493 3281 1710 3371 veniendum
1734 3303 1877 3362 censeo,
1911 3285 2008 3376 quod
2030 3280 2183 3352 velutia

152 3378 469 3469 inscriptionesque
498 3395 638 3451 mutuas
667 3396 772 3476 atque
801 3384 1144 3477 circumscriptiones
1193 3403 1342 3448 numero
1360 3380 1448 3451 solet
1463 3382 1708 3468 denominari,
1733 3383 1780 3454 ita
1795 3384 1835 3451 in
1850 3408 2080 3454 numerorum
2097 3407 2184 3453 con·

152 3480 311 3552 tradidit.
362 3479 512 3549 Boetius
535 3497 651 3553 autem
677 3498 796 3553 noster
820 3485 859 3553 in
872 3482 1040 3557 Latinum
1063 3511 1143 3556 ver·
1193 3481 1424 3572 temptatione
1458 3498 1628 3575 perpetuo
1659 3497 1833 3555 versatur.
1892 3481 2055 3581 ἀριθμὸς
2088 3486 2184 3554 enlm

153 3597 230 3653 tens
254 3576 416 3651 Euclidis
439 3582 622 3669 tredecim,
656 3598 689 3654 et
706 3583 886 3677 Hypsiclis
908 3589 998 3657 duos
1021 3589 1144 3672 libros,
1195 3580 1347 3668 Graece,
1373 3608 1542 3654 numerus
1562 3586 1689 3658 Latine
1710 3587 1856 3657 dicitur:
1884 3589 1980 3657 unde
2002 3582 2185 3685 ἀριθμὲω,

152 3684 320 3754 volumen
337 3707 451 3752 uuum
467 3683 634 3755 latinitati
649 3687 846 3766 contexuit,
871 3690 1033 3778 quamvis
1046 3713 1143 3758 com·
1193 3684 1230 3752 id
1248 3698 1299 3753 est
1313 3708 1480 3754 numero:
1507 3699 1543 3757 et
1559 3687 1644 3756 iude
1666 3683 1911 3781 ἀριθμητικὴ,
1938 3690 2038 3782 quasi
2058 3712 2184 3758 nume·

153 3802 313 3857 mentum
347 3809 441 3868 non,
481 3786 586 3856 utin
614 3785 750 3856 Graeco
777 3787 885 3871 iacet,
923 3789 1144 3881 expresserit.
1195 3786 1304 3854 rativa
1322 3801 1558 3875 nuncupatur.
1609 3788 1682 3860 Ubi
1698 3803 1813 3857 autem
1831 3790 1988 3878 gentium
2008 3789 2185 3880 principio

153 3885 249 3958 Hinc
272 3881 515 3969 AdelharduS,
543 3902 576 3956 et
598 3887 785 3972 Allredus,
812 3913 851 3957 ac
876 3893 1017 3959 tandem
1038 3888 1144 3961 Cam·
1195 3887 1263 3954 coli
1286 3887 1441 3975 coeperit
1468 3881 1554 3956 haec
1577 3889 1762 3958 rationalis
1785 3888 2001 3978 disciplina,¹
2023 3904 2057 3959 et
2079 3913 2184 3983 quern

154 4014 267 4080 panus
289 4011 350 4057 eos
366 3989 569 4081 quindecim
592 3989 704 4059 libros
722 4003 888 4082 tanquam
904 3992 981 4060 solo
992 3989 1144 4062 Euclide
1196 3986 1350 4077 primum
1384 3986 1459 4053 eius
1492 3991 1669 4078 egregium
1705 3989 1924 4080 proferamus
1959 3991 2185 4083 scriptorem,

154 4092 274 4160 editos
291 4105 479 4163 retractare
501 4092 576 4161 ausi
600 4105 695 4162 sunt:
723 4092 777 4159 illi
798 4092 941 4185 quidem
968 4094 1145 4183 eleganter
1196 4083 1289 4156 haud
1305 4085 1389 4156 satis
1406 4090 1596 4179 comperio.
1634 4088 1725 4159 Nam
1744 4093 1811 4161 etsi
1825 4085 2045 4186 Pythagorae
2060 4118 2187 4164 nume-

156 4216 196 4261 ac
209 4193 432 4273 brevissime,
458 4193 524 4262 iste
541 4217 622 4263 vero
639 4193 866 4264 lucidissime.
908 4191 1007 4273 Hace
1021 4197 1064 4264 de
1083 4217 1144 4284 pa·
1196 4212 1318 4258 rorum
1342 4189 1467 4280 peritia
1489 4194 1582 4283 apud
1603 4206 1761 4283 posteros
1785 4194 2084 4266 immortalitatem
2100 4195 2188 4265 reli-

157 4308 209 4364 tre
225 4295 384 4364 omnium
406 4292 677 4371 Geometrarum
693 4291 853 4377 Euclide,
880 4297 936 4366 cui
954 4299 1146 4366 succedunt
1197 4291 1331 4385 querit,
1356 4305 1432 4360 tum
1448 4295 1544 4384 quod
1559 4295 1754 4386 peregrinis
1769 4297 2053 4389 praeceptoribus
2070 4294 2187 4393 Aegy-

155 4391 390 4464 Arcbimedes
408 4395 649 4489 Syracusanus
664 4398 761 4481 civis,
785 4411 819 4466 et
829 4393 1045 4488 Apollonius
1057 4396 1146 4467 Per·
1196 4394 1398 4487 ptiisatque
1413 4390 1614 4482 Arabibus,
1647 4399 1708 4490 qui
1732 4399 1925 4489 plurimum
1948 4400 1986 4468 iu
2011 4424 2051 4468 eo
2068 4400 2187 4470 studio

156 4520 280 4585 gaeus,
305 4498 352 4566 ob
369 4497 502 4586 ingenii
520 4495 743 4569 altitudinem
762 4500 905 4568 divinus
920 4502 1038 4569 vocari
1060 4500 1146 4570 soli·
1198 4496 1404 4581 valuerunt,
1430 4519 1466 4565 se
1489 4501 1710 4580 submiserit,
1736 4514 1811 4570 tum
1835 4503 1930 4594 quod
1956 4525 2187 4573 numerorum

157 4614 229 4669 tus:
255 4623 407 4690 quorum
430 4612 509 4669 uter
525 4600 626 4670 alteri
644 4603 893 4693 praeferendus
909 4603 971 4686 sit,
998 4626 1071 4672 non
1092 4603 1147 4671 la·
1198 4612 1290 4668 certa
1323 4599 1529 4688 compagine
1555 4603 1673 4670 omnia
1701 4616 1848 4672 naturae
1882 4616 2012 4672 secreta
2039 4604 2197 4675 scrutari¹

158 4703 224 4771 cile
241 4701 376 4770 dixero.
408 4698 497 4768 Nam
515 4701 579 4770 etsi
593 4696 809 4791 Apollonius
824 4700 1008 4774 Elementa
1025 4704 1145 4774 conica
1198 4700 1398 4784 tentaverit,
1418 4700 1520 4790 longe
1536 4716 1652 4771 tamen
1669 4703 1831 4790 digniora
1841 4699 2009 4774 Euclides
2025 4706 2106 4776 iecit
2119 4730 2189 4776 nu-

158 4803 198 4872 in
219 4815 298 4873 octo
315 4801 440 4881 libris,
464 4825 551 4893 quos
568 4804 729 4872 nondum
746 4807 836 4878 vidit
857 4807 1036 4889 latinitas,
1062 4807 1147 4876 sub-
1199 4824 1378 4871 merorum
1403 4800 1633 4893 fundamenta
1656 4805 1693 4871 in
1711 4805 1825 4875 tribus
1846 4806 1947 4875 libris
1963 4807 2055 4888 suis,
2082 4807 2190 4900 septi·

158 4905 316 4975 tilissimi
331 4902 595 4994 conscripserit,
622 4900 871 4977 Archimedem
890 4924 1009 4979 tamen
1027 4906 1148 4978 Siculo
1199 4929 1279 4982 mo,
1305 4915 1429 4973 octavo
1447 4918 1481 4974 et
1494 4929 1609 4974 nono:
1635 4907 1731 4974 unde
1749 4920 1783 4976 et
1797 4905 1971 4978 lordanus
1986 4912 2104 4979 decem
2121 4935 2191 4980 nu-

158 5008 310 5076 varietas
342 5029 460 5075 rerum
491 5006 665 5076 editarum
695 5008 930 5100 principatum
959 5009 1149 5080 contulisse
1200 5028 1378 5074 merorum
1395 5007 1567 5077 elementa
1582 5007 1763 5097 decerpsit.
1816 5007 1912 5078 Hinc
1928 5025 1998 5082 tres
2022 5013 2133 5082 libros
2146 5013 2191 5081 de

158 5110 320 5192 videtur,
349 5132 452 5199 quem
472 5111 538 5177 sub
552 5107 700 5177 Nicolao
724 5111 848 5199 quinto
870 5136 1007 5183 summo
1023 5110 1149 5181 Ponti·
1181 5107 1292 5175 ‘datis
1315 5132 1544 5178 numerorum
1568 5104 1823 5197 pulcherrimos
1840 5113 1970 5198 edidit,
1995 5111 2191 5206 Diophanti

158 5213 221 5280 lice
258 5209 406 5279 lacobus
440 5211 583 5300 quidam
610 5210 861 5283 Cremonensis
886 5213 1074 5297 Latinum,
1110 5236 1150 5281 ex
1201 5223 1317 5279 autem
1343 5211 1507 5278 tredecim
1529 5211 1639 5280 libros
1663 5213 1927 5295 subtilissimos,
1952 5241 2057 5283 nemo
2082 5238 2192 5308 usque

161 5312 298 5383 Graeco
332 5311 504 5381 reddidit:
544 5316 634 5383 duos
668 5314 712 5381 de
746 5308 893 5404 sphaera
921 5330 955 5385 et
988 5316 1150 5409 cylindro
1204 5307 1267 5380 hac
1292 5335 1332 5379 ex
1356 5310 1503 5380 Graecis
1522 5311 1669 5403 Latinos
1692 5316 1792 5400 lecit,
1826 5317 2007 5408 inquibus
2032 5319 2097 5386 llos
2118 5321 2193 5409 ipse

161 5416 273 5485 libros
300 5414 515 5506 composuit:
541 5417 586 5485 de
602 5413 861 5487 Couoidalibus
883 5411 1153 5509 etSpheroida-
1204 5414 1312 5485 totius
1329 5409 1583 5586 Aritlrmqtpcpe
1607 5418 1709 5502 latet,
1733 5442 1789 5487 ars
1804 5420 1966 5488 videlicet
1986 5421 2036 5488 rei
2059 5435 2092 5492 et
2110 5447 2195 5494 cen-

1250 5577 1258 5608 Ι
