<?xml version="1.0" encoding="UTF-8"?>
<!DOCTYPE html PUBLIC "-//W3C//DTD XHTML 1.0 Transitional//EN"
    "http://www.w3.org/TR/xhtml1/DTD/xhtml1-transitional.dtd">
<html xmlns="http://www.w3.org/1999/xhtml" xml:lang="en" lang="en">
 <head>
  <title>
</title>
<meta http-equiv="Content-Type" content="text/html;charset=utf-8" />
  <meta name='ocr-system' content='tesseract 3.04.00' />
  <meta name='ocr-capabilities' content='ocr_page ocr_carea ocr_par ocr_line ocrx_word'/>
</head>
<body>
  <div class='ocr_page' id='page_1' title='image "./philippimelanth21melagoog/philippimelanth21melagoog_0268.png"; bbox 0 0 4732 6030; ppageno 0'>
   <div class='ocr_carea' id='block_1_1' title="bbox 97 267 2130 440">
    <p class='ocr_par' dir='ltr' id='par_1_1' title="bbox 97 267 2130 440">
     <span class='ocr_line' id='line_1_1' title="bbox 97 267 2130 440; baseline 0.001 -47"><span class='ocrx_word' id='word_1_1' title='bbox 97 316 174 393; x_wconf 82' lang='lat' dir='ltr'>sos</span> <span class='ocrx_word' id='word_1_2' title='bbox 360 267 366 274; x_wconf 66' lang='grc'><em>’</em></span> <span class='ocrx_word' id='word_1_3' title='bbox 600 312 761 440; x_wconf 75' lang='lat' dir='ltr'>nucu</span> <span class='ocrx_word' id='word_1_4' title='bbox 791 298 868 387; x_wconf 86' lang='lat' dir='ltr'>nu</span> <span class='ocrx_word' id='word_1_5' title='bbox 901 305 1298 389; x_wconf 80' lang='lat' dir='ltr'>iurnaaronu</span> <span class='ocrx_word' id='word_1_6' title='bbox 1328 305 1637 390; x_wconf 81' lang='lat' dir='ltr'>orroiini</span> <span class='ocrx_word' id='word_1_7' title='bbox 2054 323 2130 398; x_wconf 79' lang='lat' dir='ltr'>sio</span> 
     </span>
    </p>
   </div>
   <div class='ocr_carea' id='block_1_2' title="bbox 96 481 2128 1285">
    <p class='ocr_par' dir='ltr' id='par_1_2' title="bbox 96 481 2128 1091">
     <span class='ocr_line' id='line_1_2' title="bbox 96 481 2128 580; baseline 0.001 -19"><span class='ocrx_word' id='word_1_8' title='bbox 96 487 199 562; x_wconf 84' lang='lat' dir='ltr'>Nihil</span> <span class='ocrx_word' id='word_1_9' title='bbox 220 489 332 559; x_wconf 90' lang='lat' dir='ltr'>maius</span> <span class='ocrx_word' id='word_1_10' title='bbox 354 499 407 557; x_wconf 92' lang='lat' dir='ltr'>est</span> <span class='ocrx_word' id='word_1_11' title='bbox 428 509 533 580; x_wconf 90' lang='lat' dir='ltr'>qnam</span> <span class='ocrx_word' id='word_1_12' title='bbox 555 485 648 556; x_wconf 86' lang='lat' dir='ltr'>vitae</span> <span class='ocrx_word' id='word_1_13' title='bbox 674 486 847 557; x_wconf 84' lang='lat' dir='ltr'>auxilium</span> <span class='ocrx_word' id='word_1_14' title='bbox 873 487 919 556; x_wconf 91' lang='lat' dir='ltr'>ab</span> <span class='ocrx_word' id='word_1_15' title='bbox 943 481 1088 556; x_wconf 89' lang='lat' dir='ltr'>homine</span> <span class='ocrx_word' id='word_1_16' title='bbox 1138 481 1283 552; x_wconf 79' lang='lat' dir='ltr'>interim</span> <span class='ocrx_word' id='word_1_17' title='bbox 1306 483 1352 551; x_wconf 86' lang='lat' dir='ltr'>ab</span> <span class='ocrx_word' id='word_1_18' title='bbox 1377 482 1501 553; x_wconf 89' lang='lat' dir='ltr'>amicis</span> <span class='ocrx_word' id='word_1_19' title='bbox 1521 486 1742 559; x_wconf 77' lang='lat' dir='ltr'>tenuioribus</span> <span class='ocrx_word' id='word_1_20' title='bbox 1761 485 1868 559; x_wconf 87' lang='lat' dir='ltr'>hilari</span> <span class='ocrx_word' id='word_1_21' title='bbox 1883 490 2023 577; x_wconf 90' lang='lat' dir='ltr'>animo,</span> <span class='ocrx_word' id='word_1_22' title='bbox 2048 518 2128 563; x_wconf 89' lang='lat' dir='ltr'>cum</span> 
     </span>
     <span class='ocr_line' id='line_1_3' title="bbox 96 583 2128 683; baseline 0.004 -27"><span class='ocrx_word' id='word_1_23' title='bbox 96 607 230 683; x_wconf 77' lang='lat' dir='ltr'>petere:</span> <span class='ocrx_word' id='word_1_24' title='bbox 256 612 363 683; x_wconf 87' lang='lat' dir='ltr'>qnare</span> <span class='ocrx_word' id='word_1_25' title='bbox 382 589 481 659; x_wconf 90' lang='lat' dir='ltr'>decet</span> <span class='ocrx_word' id='word_1_26' title='bbox 504 611 571 657; x_wconf 94' lang='lat' dir='ltr'>nos</span> <span class='ocrx_word' id='word_1_27' title='bbox 588 601 621 658; x_wconf 89' lang='lat' dir='ltr'>et</span> <span class='ocrx_word' id='word_1_28' title='bbox 637 588 743 658; x_wconf 87' lang='lat' dir='ltr'>fidem</span> <span class='ocrx_word' id='word_1_29' title='bbox 762 585 944 682; x_wconf 69' lang='lat' dir='ltr'>&#39;summam</span> <span class='ocrx_word' id='word_1_30' title='bbox 972 601 1007 658; x_wconf 91' lang='lat' dir='ltr'>et</span> <span class='ocrx_word' id='word_1_31' title='bbox 1030 588 1089 656; x_wconf 92' lang='lat' dir='ltr'>in·</span> <span class='ocrx_word' id='word_1_32' title='bbox 1139 583 1358 664; x_wconf 84' lang='lat' dir='ltr'>offeruntur,</span> <span class='ocrx_word' id='word_1_33' title='bbox 1392 584 1565 678; x_wconf 87' lang='lat' dir='ltr'>accipere,</span> <span class='ocrx_word' id='word_1_34' title='bbox 1596 611 1702 682; x_wconf 91' lang='lat' dir='ltr'>quam</span> <span class='ocrx_word' id='word_1_35' title='bbox 1721 591 1778 660; x_wconf 88' lang='lat' dir='ltr'>vel</span> <span class='ocrx_word' id='word_1_36' title='bbox 1794 590 1945 662; x_wconf 84' lang='lat' dir='ltr'>maxima</span> <span class='ocrx_word' id='word_1_37' title='bbox 1962 594 2128 666; x_wconf 84' lang='lat' dir='ltr'>beneficia</span> 
     </span>
     <span class='ocr_line' id='line_1_4' title="bbox 98 679 2126 783; baseline 0.004 -21"><span class='ocrx_word' id='word_1_38' title='bbox 98 693 268 763; x_wconf 88' lang='lat' dir='ltr'>dustriam</span> <span class='ocrx_word' id='word_1_39' title='bbox 284 702 453 783; x_wconf 89' lang='lat' dir='ltr'>quantam</span> <span class='ocrx_word' id='word_1_40' title='bbox 473 689 642 782; x_wconf 84' lang='lat' dir='ltr'>consequi</span> <span class='ocrx_word' id='word_1_41' title='bbox 658 689 831 759; x_wconf 88' lang='lat' dir='ltr'>acerrimo</span> <span class='ocrx_word' id='word_1_42' title='bbox 847 688 967 760; x_wconf 92' lang='lat' dir='ltr'>studio</span> <span class='ocrx_word' id='word_1_43' title='bbox 981 712 1020 759; x_wconf 87' lang='lat' dir='ltr'>ac</span> <span class='ocrx_word' id='word_1_44' title='bbox 1035 689 1089 758; x_wconf 88' lang='lat' dir='ltr'>la·</span> <span class='ocrx_word' id='word_1_45' title='bbox 1139 684 1178 752; x_wconf 82' lang='lat' dir='ltr'>in</span> <span class='ocrx_word' id='word_1_46' title='bbox 1201 679 1364 754; x_wconf 68' lang='lat' dir='ltr'>hominist</span> <span class='ocrx_word' id='word_1_47' title='bbox 1385 684 1564 757; x_wconf 73' lang='lat' dir='ltr'>inferioris</span> <span class='ocrx_word' id='word_1_48' title='bbox 1585 689 1748 761; x_wconf 69' lang='lat' dir='ltr'>Fortunae</span> <span class='ocrx_word' id='word_1_49' title='bbox 1776 693 1958 768; x_wconf 79' lang='lat' dir='ltr'>collocare.</span> <span class='ocrx_word' id='word_1_50' title='bbox 2020 695 2126 783; x_wconf 86' lang='lat' dir='ltr'>Quod</span> 
     </span>
     <span class='ocr_line' id='line_1_5' title="bbox 96 785 2127 885; baseline 0.004 -26"><span class='ocrx_word' id='word_1_51' title='bbox 96 796 183 864; x_wconf 87' lang='lat' dir='ltr'>bore</span> <span class='ocrx_word' id='word_1_52' title='bbox 198 815 400 883; x_wconf 88' lang='lat' dir='ltr'>possumus,</span> <span class='ocrx_word' id='word_1_53' title='bbox 426 793 470 860; x_wconf 89' lang='lat' dir='ltr'>ad</span> <span class='ocrx_word' id='word_1_54' title='bbox 487 792 716 861; x_wconf 85' lang='lat' dir='ltr'>exercendam</span> <span class='ocrx_word' id='word_1_55' title='bbox 731 804 842 863; x_wconf 90' lang='lat' dir='ltr'>artem</span> <span class='ocrx_word' id='word_1_56' title='bbox 861 789 1003 883; x_wconf 87' lang='lat' dir='ltr'>plenam</span> <span class='ocrx_word' id='word_1_57' title='bbox 1019 785 1089 860; x_wconf 82' lang='lat' dir='ltr'>hu.</span> <span class='ocrx_word' id='word_1_58' title='bbox 1139 808 1202 874; x_wconf 82' lang='lat' dir='ltr'>ego</span> <span class='ocrx_word' id='word_1_59' title='bbox 1227 796 1267 854; x_wconf 89' lang='lat' dir='ltr'>ut</span> <span class='ocrx_word' id='word_1_60' title='bbox 1293 798 1328 855; x_wconf 93' lang='lat' dir='ltr'>et</span> <span class='ocrx_word' id='word_1_61' title='bbox 1347 787 1575 858; x_wconf 85' lang='lat' dir='ltr'>te-lacturum</span> <span class='ocrx_word' id='word_1_62' title='bbox 1599 815 1696 862; x_wconf 90' lang='lat' dir='ltr'>nunc</span> <span class='ocrx_word' id='word_1_63' title='bbox 1720 816 1877 885; x_wconf 88' lang='lat' dir='ltr'>sperem,</span> <span class='ocrx_word' id='word_1_64' title='bbox 1908 809 1967 865; x_wconf 90' lang='lat' dir='ltr'>tna</span> <span class='ocrx_word' id='word_1_65' title='bbox 1996 792 2127 868; x_wconf 79' lang='lat' dir='ltr'>isthaec</span> 
     </span>
     <span class='ocr_line' id='line_1_6' title="bbox 97 887 2126 985; baseline 0.001 -21"><span class='ocrx_word' id='word_1_66' title='bbox 97 893 276 965; x_wconf 79' lang='lat' dir='ltr'>munitatis</span> <span class='ocrx_word' id='word_1_67' title='bbox 290 893 426 963; x_wconf 84' lang='lat' dir='ltr'>afferre.</span> <span class='ocrx_word' id='word_1_68' title='bbox 477 889 573 962; x_wconf 85' lang='lat' dir='ltr'>Dixi.</span> <span class='ocrx_word' id='word_1_69' title='bbox 1138 909 1275 955; x_wconf 91' lang='lat' dir='ltr'>summa</span> <span class='ocrx_word' id='word_1_70' title='bbox 1288 887 1453 957; x_wconf 90' lang='lat' dir='ltr'>voluntas</span> <span class='ocrx_word' id='word_1_71' title='bbox 1468 890 1566 977; x_wconf 88' lang='lat' dir='ltr'>lacit,</span> <span class='ocrx_word' id='word_1_72' title='bbox 1581 917 1651 985; x_wconf 90' lang='lat' dir='ltr'>qua</span> <span class='ocrx_word' id='word_1_73' title='bbox 1666 892 1983 983; x_wconf 89' lang='lat' dir='ltr'>pulcherrimarum</span> <span class='ocrx_word' id='word_1_74' title='bbox 1997 898 2126 967; x_wconf 89' lang='lat' dir='ltr'>artium</span> 
     </span>
     <span class='ocr_line' id='line_1_7' title="bbox 1138 987 2127 1091; baseline 0.014 -36"><span class='ocrx_word' id='word_1_75' title='bbox 1138 987 1340 1057; x_wconf 89' lang='lat' dir='ltr'>communia</span> <span class='ocrx_word' id='word_1_76' title='bbox 1373 989 1557 1061; x_wconf 90' lang='lat' dir='ltr'>nobiscum</span> <span class='ocrx_word' id='word_1_77' title='bbox 1588 995 1705 1065; x_wconf 87' lang='lat' dir='ltr'>studia</span> <span class='ocrx_word' id='word_1_78' title='bbox 1741 997 1980 1088; x_wconf 88' lang='lat' dir='ltr'>amplecteris,</span> <span class='ocrx_word' id='word_1_79' title='bbox 2021 1011 2127 1091; x_wconf 90' lang='lat' dir='ltr'>atque</span> 
     </span>
    </p>

    <p class='ocr_par' dir='ltr' id='par_1_3' title="bbox 1085 1088 2127 1190">
     <span class='ocr_line' id='line_1_8' title="bbox 1085 1088 2127 1190; baseline 0.014 -35"><span class='ocrx_word' id='word_1_80' title='bbox 1085 1140 1089 1146; x_wconf 32' lang='lat'><em>⁷</em></span> <span class='ocrx_word' id='word_1_81' title='bbox 1138 1088 1284 1158; x_wconf 81' lang='lat' dir='ltr'>effecisti</span> <span class='ocrx_word' id='word_1_82' title='bbox 1308 1088 1429 1174; x_wconf 89' lang='lat' dir='ltr'>etiam,</span> <span class='ocrx_word' id='word_1_83' title='bbox 1459 1105 1500 1162; x_wconf 92' lang='lat' dir='ltr'>nt</span> <span class='ocrx_word' id='word_1_84' title='bbox 1530 1117 1752 1190; x_wconf 77' lang='lat' dir='ltr'>nequaquam</span> <span class='ocrx_word' id='word_1_85' title='bbox 1777 1099 1928 1168; x_wconf 86' lang='lat' dir='ltr'>videaris</span> <span class='ocrx_word' id='word_1_86' title='bbox 1951 1100 2127 1182; x_wconf 79' lang='lat' dir='ltr'>fefellisse,</span> 
     </span>
    </p>

    <p class='ocr_par' dir='ltr' id='par_1_4' title="bbox 1138 1191 2126 1285">
     <span class='ocr_line' id='line_1_9' title="bbox 1138 1191 2126 1285; baseline 0.012 -27"><span class='ocrx_word' id='word_1_87' title='bbox 1138 1213 1244 1282; x_wconf 89' lang='lat' dir='ltr'>quain</span> <span class='ocrx_word' id='word_1_88' title='bbox 1267 1191 1361 1281; x_wconf 90' lang='lat' dir='ltr'>apud</span> <span class='ocrx_word' id='word_1_89' title='bbox 1384 1212 1448 1259; x_wconf 90' lang='lat' dir='ltr'>nos</span> <span class='ocrx_word' id='word_1_90' title='bbox 1474 1193 1537 1263; x_wconf 89' lang='lat' dir='ltr'>diu</span> <span class='ocrx_word' id='word_1_91' title='bbox 1561 1191 1734 1285; x_wconf 88' lang='lat' dir='ltr'>habuisti,</span> <span class='ocrx_word' id='word_1_92' title='bbox 1762 1199 1899 1270; x_wconf 80' lang='lat' dir='ltr'>futurae</span> <span class='ocrx_word' id='word_1_93' title='bbox 1915 1202 2126 1272; x_wconf 85' lang='lat' dir='ltr'>eruditionis</span> 
     </span>
    </p>
   </div>
   <div class='ocr_carea' id='block_1_3' title="bbox 95 1289 2125 1473">
    <p class='ocr_par' dir='ltr' id='par_1_5' title="bbox 95 1289 2125 1473">
     <span class='ocr_line' id='line_1_10' title="bbox 95 1289 1456 1394; baseline -0.019 -8"><span class='ocrx_word' id='word_1_94' title='bbox 95 1317 237 1394; x_wconf 80' lang='lat' dir='ltr'>No,65,</span> <span class='ocrx_word' id='word_1_95' title='bbox 323 1344 325 1349; x_wconf 93' lang='lat'>·</span> <span class='ocrx_word' id='word_1_96' title='bbox 920 1340 969 1383; x_wconf 58' lang='grc' dir='ltr'>ω,</span> <span class='ocrx_word' id='word_1_97' title='bbox 991 1317 1089 1383; x_wconf 67' lang='lat'>1540,</span> <span class='ocrx_word' id='word_1_98' title='bbox 1139 1305 1220 1360; x_wconf 90' lang='lat' dir='ltr'>tuae</span> <span class='ocrx_word' id='word_1_99' title='bbox 1239 1289 1456 1381; x_wconf 90' lang='lat' dir='ltr'>opinionem.</span> 
     </span>
     <span class='ocr_line' id='line_1_11' title="bbox 95 1390 2125 1473; baseline -0.017 15"><span class='ocrx_word' id='word_1_100' title='bbox 95 1431 225 1459; x_wconf 55' lang='grc' dir='ltr'><strong>Μ</strong></span> <span class='ocrx_word' id='word_1_101' title='bbox 927 1426 1083 1453; x_wconf 59' lang='lat' dir='ltr'>v*-</span> <span class='ocrx_word' id='word_1_102' title='bbox 1238 1390 2125 1473; x_wconf 62' lang='lat' dir='ltr'>Probaruntenimidmihinonaliommde1,</span> 
     </span>
    </p>
   </div>
   <div class='ocr_carea' id='block_1_4' title="bbox 268 1488 2156 1697">
    <p class='ocr_par' dir='ltr' id='par_1_6' title="bbox 268 1488 2156 1697">
     <span class='ocr_line' id='line_1_12' title="bbox 383 1488 2156 1595; baseline 0.011 -43"><span class='ocrx_word' id='word_1_103' title='bbox 383 1539 393 1560; x_wconf 84' lang='grc'><strong>.</strong></span> <span class='ocrx_word' id='word_1_104' title='bbox 1138 1488 1377 1565; x_wconf 87' lang='lat' dir='ltr'>honestissimi</span> <span class='ocrx_word' id='word_1_105' title='bbox 1392 1516 1571 1563; x_wconf 86' lang='lat' dir='ltr'>sermones</span> <span class='ocrx_word' id='word_1_106' title='bbox 1586 1498 1720 1585; x_wconf 89' lang='lat' dir='ltr'>solum,</span> <span class='ocrx_word' id='word_1_107' title='bbox 1746 1526 1890 1587; x_wconf 84' lang='lat' dir='ltr'>verum,</span> <span class='ocrx_word' id='word_1_108' title='bbox 1916 1528 2019 1595; x_wconf 90' lang='lat' dir='ltr'>quam</span> <span class='ocrx_word' id='word_1_109' title='bbox 2035 1500 2125 1573; x_wconf 92' lang='lat' dir='ltr'>mihi</span> <span class='ocrx_word' id='word_1_110' title='bbox 2152 1526 2156 1537; x_wconf 89' lang='lat'>·</span> 
     </span>
     <span class='ocr_line' id='line_1_13' title="bbox 268 1532 2124 1697; baseline 0.012 -44"><span class='ocrx_word' id='word_1_111' title='bbox 268 1540 342 1625; x_wconf 66' lang='lat' dir='ltr'>De</span> <span class='ocrx_word' id='word_1_112' title='bbox 374 1546 649 1649; x_wconf 61' lang='lat' dir='ltr'><em>&#39;mperawre</em></span> <span class='ocrx_word' id='word_1_113' title='bbox 680 1533 847 1622; x_wconf 51' lang='lat' dir='ltr'><em>omme</em></span> <span class='ocrx_word' id='word_1_114' title='bbox 875 1532 915 1621; x_wconf 73' lang='grc'>1·</span> <span class='ocrx_word' id='word_1_115' title='bbox 1137 1618 1251 1687; x_wconf 88' lang='lat' dir='ltr'>nuper</span> <span class='ocrx_word' id='word_1_116' title='bbox 1267 1594 1412 1687; x_wconf 87' lang='lat' dir='ltr'>quidam</span> <span class='ocrx_word' id='word_1_117' title='bbox 1432 1594 1584 1680; x_wconf 89' lang='lat' dir='ltr'>amicus,</span> <span class='ocrx_word' id='word_1_118' title='bbox 1608 1625 1627 1668; x_wconf 87' lang='lat' dir='ltr'>a</span> <span class='ocrx_word' id='word_1_119' title='bbox 1654 1615 1686 1670; x_wconf 89' lang='lat' dir='ltr'>te</span> <span class='ocrx_word' id='word_1_120' title='bbox 1701 1602 1867 1693; x_wconf 86' lang='lat' dir='ltr'>scriptam</span> <span class='ocrx_word' id='word_1_121' title='bbox 1882 1604 1926 1673; x_wconf 88' lang='lat' dir='ltr'>ad</span> <span class='ocrx_word' id='word_1_122' title='bbox 1944 1627 1997 1687; x_wconf 91' lang='lat' dir='ltr'>se,</span> <span class='ocrx_word' id='word_1_123' title='bbox 2023 1629 2124 1697; x_wconf 86' lang='lat' dir='ltr'>prae·</span> 
     </span>
    </p>
   </div>
   <div class='ocr_carea' id='block_1_5' title="bbox 167 1691 2125 1836">
    <p class='ocr_par' dir='ltr' id='par_1_7' title="bbox 167 1691 2125 1836">
     <span class='ocr_line' id='line_1_14' title="bbox 167 1691 2125 1816; baseline 0.003 -47"><span class='ocrx_word' id='word_1_124' title='bbox 167 1701 198 1756; x_wconf 80' lang='lat'>¹¹¹</span> <span class='ocrx_word' id='word_1_125' title='bbox 218 1701 369 1755; x_wconf 75' lang='lat' dir='ltr'>neetsmai.</span> <span class='ocrx_word' id='word_1_126' title='bbox 384 1697 417 1751; x_wconf 81' lang='grc' dir='ltr'>Τ·</span> <span class='ocrx_word' id='word_1_127' title='bbox 432 1696 466 1750; x_wconf 87' lang='lat'>¹¹·</span> <span class='ocrx_word' id='word_1_128' title='bbox 480 1694 599 1816; x_wconf 68' lang='lat' dir='ltr'>ptis,</span> <span class='ocrx_word' id='word_1_129' title='bbox 617 1694 780 1778; x_wconf 51' lang='lat' dir='ltr'>infimi</span> <span class='ocrx_word' id='word_1_130' title='bbox 792 1691 829 1750; x_wconf 82' lang='lat'>¹¹·</span> <span class='ocrx_word' id='word_1_131' title='bbox 841 1713 872 1776; x_wconf 81' lang='lat' dir='ltr'>p.</span> <span class='ocrx_word' id='word_1_132' title='bbox 885 1695 946 1779; x_wconf 76' lang='lat'>⁴⁷⁵,-</span> <span class='ocrx_word' id='word_1_133' title='bbox 969 1706 996 1752; x_wconf 53' lang='grc' dir='ltr'>τί</span> <span class='ocrx_word' id='word_1_134' title='bbox 1015 1696 1087 1779; x_wconf 79' lang='lat' dir='ltr'>spot</span> <span class='ocrx_word' id='word_1_135' title='bbox 1137 1696 1216 1766; x_wconf 91' lang='lat' dir='ltr'>buit</span> <span class='ocrx_word' id='word_1_136' title='bbox 1236 1695 1440 1783; x_wconf 83' lang='lat' dir='ltr'>legendam,</span> <span class='ocrx_word' id='word_1_137' title='bbox 1468 1697 1613 1786; x_wconf 87' lang='lat' dir='ltr'>epistola</span> <span class='ocrx_word' id='word_1_138' title='bbox 1628 1702 1733 1772; x_wconf 90' lang='lat' dir='ltr'>etiam</span> <span class='ocrx_word' id='word_1_139' title='bbox 1752 1704 1862 1773; x_wconf 90' lang='lat' dir='ltr'>latina</span> <span class='ocrx_word' id='word_1_140' title='bbox 1881 1718 1915 1773; x_wconf 90' lang='lat' dir='ltr'>et</span> <span class='ocrx_word' id='word_1_141' title='bbox 1930 1705 2125 1794; x_wconf 88' lang='lat' dir='ltr'>splendida,</span> 
     </span>
     <span class='ocr_line' id='line_1_15' title="bbox 197 1762 1087 1836; baseline -0.006 -13"><span class='ocrx_word' id='word_1_142' title='bbox 197 1770 315 1825; x_wconf 85' lang='lat' dir='ltr'>Richard</span> <span class='ocrx_word' id='word_1_143' title='bbox 338 1767 371 1821; x_wconf 94' lang='lat' dir='ltr'>ll.</span> <span class='ocrx_word' id='word_1_144' title='bbox 397 1786 422 1836; x_wconf 91' lang='lat' dir='ltr'>p.</span> <span class='ocrx_word' id='word_1_145' title='bbox 446 1767 480 1816; x_wconf 87' lang='lat'>80</span> <span class='ocrx_word' id='word_1_146' title='bbox 499 1802 507 1818; x_wconf 98' lang='lat'>.</span> <span class='ocrx_word' id='word_1_147' title='bbox 524 1791 560 1806; x_wconf 91' lang='lat'>-</span> <span class='ocrx_word' id='word_1_148' title='bbox 610 1763 759 1833; x_wconf 77' lang='lat' dir='ltr'>Epistulam</span> <span class='ocrx_word' id='word_1_149' title='bbox 786 1762 982 1819; x_wconf 75' lang='lat' dir='ltr'>dedicatoriam</span> <span class='ocrx_word' id='word_1_150' title='bbox 1005 1775 1087 1820; x_wconf 85' lang='lat' dir='ltr'>etiam</span> 
     </span>
    </p>
   </div>
   <div class='ocr_carea' id='block_1_6' title="bbox 198 1795 2125 1998">
    <p class='ocr_par' dir='ltr' id='par_1_8' title="bbox 198 1795 2125 1998">
     <span class='ocr_line' id='line_1_16' title="bbox 199 1795 2125 1914; baseline -0.004 -25"><span class='ocrx_word' id='word_1_151' title='bbox 199 1838 244 1892; x_wconf 87' lang='lat' dir='ltr'>hie</span> <span class='ocrx_word' id='word_1_152' title='bbox 265 1835 404 1898; x_wconf 79' lang='lat' dir='ltr'>dedimus,</span> <span class='ocrx_word' id='word_1_153' title='bbox 422 1831 484 1914; x_wconf 88' lang='lat' dir='ltr'>quia</span> <span class='ocrx_word' id='word_1_154' title='bbox 505 1831 588 1884; x_wconf 88' lang='lat' dir='ltr'>dnbio</span> <span class='ocrx_word' id='word_1_155' title='bbox 607 1838 691 1887; x_wconf 84' lang='lat' dir='ltr'>earet.¹</span> <span class='ocrx_word' id='word_1_156' title='bbox 706 1829 914 1912; x_wconf 71' lang='lat' dir='ltr'>lilelantbonem</span> <span class='ocrx_word' id='word_1_157' title='bbox 937 1852 996 1887; x_wconf 90' lang='lat' dir='ltr'>eam</span> <span class='ocrx_word' id='word_1_158' title='bbox 1015 1852 1088 1887; x_wconf 86' lang='lat' dir='ltr'>cori·</span> <span class='ocrx_word' id='word_1_159' title='bbox 1136 1821 1205 1914; x_wconf 56' lang='lat' dir='ltr'>qm}</span> <span class='ocrx_word' id='word_1_160' title='bbox 1219 1795 1324 1864; x_wconf 58' lang='lat' dir='ltr'>facile</span> <span class='ocrx_word' id='word_1_161' title='bbox 1348 1797 1462 1913; x_wconf 49' lang='grc' dir='ltr'>ΡΟ.ιυίῐ</span> <span class='ocrx_word' id='word_1_162' title='bbox 1479 1802 1683 1886; x_wconf 68' lang='lat' dir='ltr'>P⁰f⁸u⁸deri</span> <span class='ocrx_word' id='word_1_163' title='bbox 1707 1798 1816 1890; x_wconf 66' lang='lat' dir='ltr'>mihi,</span> <span class='ocrx_word' id='word_1_164' title='bbox 1841 1804 1965 1874; x_wconf 61' lang='lat' dir='ltr'>utilem</span> <span class='ocrx_word' id='word_1_165' title='bbox 1981 1829 2125 1897; x_wconf 63' lang='lat' dir='ltr'>Operam</span> 
     </span>
     <span class='ocr_line' id='line_1_17' title="bbox 198 1892 2125 1998; baseline -0.008 -36"><span class='ocrx_word' id='word_1_166' title='bbox 198 1908 310 1976; x_wconf 78' lang='lat' dir='ltr'>cepisse.</span> <span class='ocrx_word' id='word_1_167' title='bbox 346 1901 523 1972; x_wconf 79' lang='lat' dir='ltr'>Eslipistolia</span> <span class='ocrx_word' id='word_1_168' title='bbox 541 1900 604 1953; x_wconf 89' lang='lat' dir='ltr'>satis</span> <span class='ocrx_word' id='word_1_169' title='bbox 623 1900 801 1968; x_wconf 69' lang='lat' dir='ltr'>intelligitur,</span> <span class='ocrx_word' id='word_1_170' title='bbox 826 1899 974 1956; x_wconf 78' lang='lat' dir='ltr'>ilenricom</span> <span class='ocrx_word' id='word_1_171' title='bbox 994 1901 1088 1955; x_wconf 81' lang='lat' dir='ltr'>Lune-</span> <span class='ocrx_word' id='word_1_172' title='bbox 1137 1911 1202 1967; x_wconf 80' lang='lat' dir='ltr'>tou</span> <span class='ocrx_word' id='word_1_173' title='bbox 1226 1892 1442 1965; x_wconf 57' lang='lat' dir='ltr'>Germanae</span> <span class='ocrx_word' id='word_1_174' title='bbox 1465 1912 1677 1972; x_wconf 53' lang='lat' dir='ltr'>navam-um</span> <span class='ocrx_word' id='word_1_175' title='bbox 1702 1917 1754 1990; x_wconf 58' lang='lat' dir='ltr'>pe,</span> <span class='ocrx_word' id='word_1_176' title='bbox 1779 1906 1874 1998; x_wconf 72' lang='lat' dir='ltr'>quod</span> <span class='ocrx_word' id='word_1_177' title='bbox 1892 1929 2031 1975; x_wconf 58' lang='lat' dir='ltr'><strong>summo</strong></span> <span class='ocrx_word' id='word_1_178' title='bbox 2048 1920 2125 1977; x_wconf 69' lang='lat' dir='ltr'>sm,</span> 
     </span>
    </p>
   </div>
   <div class='ocr_carea' id='block_1_7' title="bbox 198 1967 2125 2198">
    <p class='ocr_par' dir='ltr' id='par_1_9' title="bbox 198 1967 2125 2198">
     <span class='ocr_line' id='line_1_18' title="bbox 199 1967 2125 2092; baseline 0.016 -44"><span class='ocrx_word' id='word_1_179' title='bbox 199 1977 436 2092; x_wconf 42' lang='lat' dir='ltr'>augentinensi</span> <span class='ocrx_word' id='word_1_180' title='bbox 452 1967 647 2088; x_wconf 54' lang='lat' dir='ltr'>pastinatum.</span> <span class='ocrx_word' id='word_1_181' title='bbox 664 1985 715 2021; x_wconf 84' lang='lat'>⁸¹¹⁰</span> <span class='ocrx_word' id='word_1_182' title='bbox 731 1977 926 2040; x_wconf 68' lang='lat' dir='ltr'>⁹⁸²²⁶⁶l⁸⁰‘⁰’</span> <span class='ocrx_word' id='word_1_183' title='bbox 943 1968 1088 2025; x_wconf 57' lang='lat' dir='ltr'>‘&#39;ml&#39;lffl&#39;</span> <span class='ocrx_word' id='word_1_184' title='bbox 1136 1998 1196 2066; x_wconf 90' lang='lat' dir='ltr'>dio</span> <span class='ocrx_word' id='word_1_185' title='bbox 1227 1997 1322 2066; x_wconf 85' lang='lat' dir='ltr'>visus</span> <span class='ocrx_word' id='word_1_186' title='bbox 1350 1997 1398 2066; x_wconf 91' lang='lat' dir='ltr'>sis</span> <span class='ocrx_word' id='word_1_187' title='bbox 1418 1998 1549 2067; x_wconf 86' lang='lat' dir='ltr'>versari</span> <span class='ocrx_word' id='word_1_188' title='bbox 1578 2001 1616 2069; x_wconf 90' lang='lat' dir='ltr'>iii</span> <span class='ocrx_word' id='word_1_189' title='bbox 1640 2002 1964 2075; x_wconf 81' lang='lat' dir='ltr'>liberalissimorum</span> <span class='ocrx_word' id='word_1_190' title='bbox 1993 2009 2125 2078; x_wconf 87' lang='lat' dir='ltr'>artium</span> 
     </span>
     <span class='ocr_line' id='line_1_19' title="bbox 198 2048 2125 2198; baseline 0.016 -51"><span class='ocrx_word' id='word_1_191' title='bbox 198 2054 309 2097; x_wconf 78' lang='lat' dir='ltr'>iereon</span> <span class='ocrx_word' id='word_1_192' title='bbox 341 2048 435 2093; x_wconf 76' lang='lat' dir='ltr'>acirim</span> <span class='ocrx_word' id='word_1_193' title='bbox 465 2056 546 2090; x_wconf 55' lang='grc' dir='ltr'>Μ’</span> <span class='ocrx_word' id='word_1_194' title='bbox 1136 2097 1279 2183; x_wconf 89' lang='lat' dir='ltr'>studiis,</span> <span class='ocrx_word' id='word_1_195' title='bbox 1311 2099 1356 2167; x_wconf 87' lang='lat' dir='ltr'>ad</span> <span class='ocrx_word' id='word_1_196' title='bbox 1379 2099 1600 2171; x_wconf 86' lang='lat' dir='ltr'>retinendam</span> <span class='ocrx_word' id='word_1_197' title='bbox 1626 2106 1805 2194; x_wconf 85' lang='lat' dir='ltr'>publicam</span> <span class='ocrx_word' id='word_1_198' title='bbox 1829 2130 1950 2198; x_wconf 89' lang='lat' dir='ltr'>pacem</span> <span class='ocrx_word' id='word_1_199' title='bbox 1974 2106 2125 2179; x_wconf 91' lang='lat' dir='ltr'>Germa-</span> 
     </span>
    </p>
   </div>
   <div class='ocr_carea' id='block_1_8' title="bbox 94 2200 2125 2710">
    <p class='ocr_par' dir='ltr' id='par_1_10' title="bbox 94 2200 2125 2710">
     <span class='ocr_line' id='line_1_20' title="bbox 97 2200 2125 2303; baseline -0.003 -18"><span class='ocrx_word' id='word_1_200' title='bbox 97 2220 228 2290; x_wconf 85' lang='lat' dir='ltr'>0ratio</span> <span class='ocrx_word' id='word_1_201' title='bbox 250 2213 297 2284; x_wconf 84' lang='lat' dir='ltr'>de</span> <span class='ocrx_word' id='word_1_202' title='bbox 313 2214 550 2303; x_wconf 65' lang='lat' dir='ltr'>imperatore</span> <span class='ocrx_word' id='word_1_203' title='bbox 564 2210 699 2279; x_wconf 77' lang='lat' dir='ltr'>otiosis</span> <span class='ocrx_word' id='word_1_204' title='bbox 720 2212 865 2298; x_wconf 80' lang='lat' dir='ltr'>primo,</span> <span class='ocrx_word' id='word_1_205' title='bbox 892 2207 940 2280; x_wconf 79' lang='lat' dir='ltr'>ab</span> <span class='ocrx_word' id='word_1_206' title='bbox 964 2216 1088 2283; x_wconf 69' lang='lat' dir='ltr'>Hen-</span> <span class='ocrx_word' id='word_1_207' title='bbox 1137 2200 1233 2283; x_wconf 91' lang='lat' dir='ltr'>niae,</span> <span class='ocrx_word' id='word_1_208' title='bbox 1258 2212 1293 2269; x_wconf 91' lang='lat' dir='ltr'>et</span> <span class='ocrx_word' id='word_1_209' title='bbox 1315 2203 1576 2290; x_wconf 73' lang='lat' dir='ltr'>propagandam</span> <span class='ocrx_word' id='word_1_210' title='bbox 1598 2201 1783 2298; x_wconf 82' lang='lat' dir='ltr'>Evangelii</span> <span class='ocrx_word' id='word_1_211' title='bbox 1802 2208 1997 2279; x_wconf 86' lang='lat' dir='ltr'>doctrinam</span> <span class='ocrx_word' id='word_1_212' title='bbox 2015 2210 2125 2301; x_wconf 88' lang='lat' dir='ltr'>perti·</span> 
     </span>
     <span class='ocr_line' id='line_1_21' title="bbox 94 2299 2124 2405; baseline -0.002 -19"><span class='ocrx_word' id='word_1_213' title='bbox 94 2325 194 2391; x_wconf 77' lang='lat' dir='ltr'>rico</span> <span class='ocrx_word' id='word_1_214' title='bbox 237 2307 568 2389; x_wconf 83' lang='lat' dir='ltr'>Sinedensledi</span> <span class='ocrx_word' id='word_1_215' title='bbox 609 2307 914 2405; x_wconf 64' lang='lat' dir='ltr'>maaebaqenei·</span> <span class='ocrx_word' id='word_1_216' title='bbox 952 2308 1088 2405; x_wconf 71' lang='lat' dir='ltr'>factu,</span> <span class='ocrx_word' id='word_1_217' title='bbox 1137 2300 1312 2370; x_wconf 90' lang='lat' dir='ltr'>uentibus.</span> <span class='ocrx_word' id='word_1_218' title='bbox 1366 2299 1472 2389; x_wconf 90' lang='lat' dir='ltr'>Quod</span> <span class='ocrx_word' id='word_1_219' title='bbox 1489 2303 1519 2370; x_wconf 93' lang='lat' dir='ltr'>si</span> <span class='ocrx_word' id='word_1_220' title='bbox 1537 2307 1688 2396; x_wconf 89' lang='lat' dir='ltr'>probare</span> <span class='ocrx_word' id='word_1_221' title='bbox 1703 2322 1863 2399; x_wconf 90' lang='lat' dir='ltr'>possent,</span> <span class='ocrx_word' id='word_1_222' title='bbox 1888 2324 1929 2380; x_wconf 93' lang='lat' dir='ltr'>ut</span> <span class='ocrx_word' id='word_1_223' title='bbox 1945 2307 2040 2380; x_wconf 91' lang='lat' dir='ltr'>haud</span> <span class='ocrx_word' id='word_1_224' title='bbox 2056 2314 2124 2382; x_wconf 89' lang='lat' dir='ltr'>dn·</span> 
     </span>
     <span class='ocr_line' id='line_1_22' title="bbox 96 2401 2125 2512; baseline -0.003 -23"><span class='ocrx_word' id='word_1_225' title='bbox 96 2431 133 2492; x_wconf 86' lang='lat' dir='ltr'>et</span> <span class='ocrx_word' id='word_1_226' title='bbox 157 2421 410 2512; x_wconf 78' lang='lat' dir='ltr'>pronunciata</span> <span class='ocrx_word' id='word_1_227' title='bbox 437 2433 565 2483; x_wconf 83' lang='lat' dir='ltr'>mense</span> <span class='ocrx_word' id='word_1_228' title='bbox 591 2415 698 2502; x_wconf 80' lang='lat' dir='ltr'>Sept.</span> <span class='ocrx_word' id='word_1_229' title='bbox 722 2431 820 2483; x_wconf 83' lang='lat' dir='ltr'>anno</span> <span class='ocrx_word' id='word_1_230' title='bbox 847 2409 967 2501; x_wconf 80' lang='grc'><strong>1540,</strong></span> <span class='ocrx_word' id='word_1_231' title='bbox 1001 2438 1088 2487; x_wconf 72' lang='lat' dir='ltr'>eum</span> <span class='ocrx_word' id='word_1_232' title='bbox 1137 2401 1195 2471; x_wconf 89' lang='lat' dir='ltr'>bie</span> <span class='ocrx_word' id='word_1_233' title='bbox 1209 2425 1284 2471; x_wconf 92' lang='lat' dir='ltr'>non</span> <span class='ocrx_word' id='word_1_234' title='bbox 1298 2401 1375 2472; x_wconf 92' lang='lat' dir='ltr'>siue</span> <span class='ocrx_word' id='word_1_235' title='bbox 1392 2403 1546 2493; x_wconf 88' lang='lat' dir='ltr'>pernicie</span> <span class='ocrx_word' id='word_1_236' title='bbox 1568 2429 1630 2476; x_wconf 89' lang='lat' dir='ltr'>sua</span> <span class='ocrx_word' id='word_1_237' title='bbox 1648 2402 1757 2478; x_wconf 92' lang='lat' dir='ltr'>hodie</span> <span class='ocrx_word' id='word_1_238' title='bbox 1772 2412 2002 2501; x_wconf 84' lang='lat' dir='ltr'>experiuntur</span> <span class='ocrx_word' id='word_1_239' title='bbox 2016 2412 2125 2503; x_wconf 87' lang='lat' dir='ltr'>pleri·</span> 
     </span>
     <span class='ocr_line' id='line_1_23' title="bbox 98 2499 2122 2612; baseline -0.003 -25"><span class='ocrx_word' id='word_1_240' title='bbox 98 2524 308 2595; x_wconf 79' lang='lat' dir='ltr'>decerneret</span> <span class='ocrx_word' id='word_1_241' title='bbox 335 2520 500 2612; x_wconf 67' lang='lat' dir='ltr'>insignia</span> <span class='ocrx_word' id='word_1_242' title='bbox 532 2518 800 2609; x_wconf 65' lang='lat' dir='ltr'>magistrorum</span> <span class='ocrx_word' id='word_1_243' title='bbox 825 2512 1087 2608; x_wconf 75' lang='lat' dir='ltr'>Philosophiae</span> <span class='ocrx_word' id='word_1_244' title='bbox 1135 2528 1204 2595; x_wconf 79' lang='lat' dir='ltr'>que</span> <span class='ocrx_word' id='word_1_245' title='bbox 1218 2506 1459 2592; x_wconf 75' lang='lat' dir='ltr'>magistratus,</span> <span class='ocrx_word' id='word_1_246' title='bbox 1490 2499 1700 2577; x_wconf 87' lang='lat' dir='ltr'>haberemus</span> <span class='ocrx_word' id='word_1_247' title='bbox 1715 2512 1871 2601; x_wconf 85' lang='lat' dir='ltr'>profecto</span> <span class='ocrx_word' id='word_1_248' title='bbox 1892 2509 2122 2581; x_wconf 89' lang='lat' dir='ltr'>Germaniam</span> 
     </span>
     <span class='ocr_line' id='line_1_24' title="bbox 98 2602 2124 2710; baseline -0.006 -15"><span class='ocrx_word' id='word_1_249' title='bbox 98 2623 264 2696; x_wconf 76' lang='lat' dir='ltr'>honestis</span> <span class='ocrx_word' id='word_1_250' title='bbox 296 2628 336 2690; x_wconf 83' lang='lat' dir='ltr'>ei</span> <span class='ocrx_word' id='word_1_251' title='bbox 360 2616 525 2688; x_wconf 81' lang='lat' dir='ltr'>eruditis</span> <span class='ocrx_word' id='word_1_252' title='bbox 552 2619 686 2710; x_wconf 70' lang='lat' dir='ltr'>viqinti</span> <span class='ocrx_word' id='word_1_253' title='bbox 719 2611 861 2686; x_wconf 76' lang='lat' dir='ltr'>driadas</span> <span class='ocrx_word' id='word_1_254' title='bbox 884 2616 1087 2691; x_wconf 61' lang='lat' dir='ltr'>scholam.</span> <span class='ocrx_word' id='word_1_255' title='bbox 1136 2605 1368 2696; x_wconf 88' lang='lat' dir='ltr'>pacatiorem,</span> <span class='ocrx_word' id='word_1_256' title='bbox 1393 2618 1498 2698; x_wconf 90' lang='lat' dir='ltr'>atque</span> <span class='ocrx_word' id='word_1_257' title='bbox 1507 2602 1699 2677; x_wconf 86' lang='lat' dir='ltr'>Ecclesiam</span> <span class='ocrx_word' id='word_1_258' title='bbox 1716 2611 1941 2680; x_wconf 93' lang='lat' dir='ltr'>nullomodo</span> <span class='ocrx_word' id='word_1_259' title='bbox 1962 2612 2124 2683; x_wconf 89' lang='lat' dir='ltr'>totcala·</span> 
     </span>
    </p>
   </div>
   <div class='ocr_carea' id='block_1_9' title="bbox 217 2706 2124 2812">
    <p class='ocr_par' dir='ltr' id='par_1_11' title="bbox 217 2706 2124 2812">
     <span class='ocr_line' id='line_1_25' title="bbox 217 2706 2124 2812; baseline -0.003 -22"><span class='ocrx_word' id='word_1_260' title='bbox 217 2747 220 2754; x_wconf 94' lang='lat'>·</span> <span class='ocrx_word' id='word_1_261' title='bbox 274 2726 329 2794; x_wconf 88' lang='lat' dir='ltr'>cis</span> <span class='ocrx_word' id='word_1_262' title='bbox 354 2724 394 2790; x_wconf 86' lang='lat' dir='ltr'>in</span> <span class='ocrx_word' id='word_1_263' title='bbox 419 2715 626 2789; x_wconf 82' lang='lat' dir='ltr'>Academia</span> <span class='ocrx_word' id='word_1_264' title='bbox 656 2714 916 2812; x_wconf 73' lang='lat' dir='ltr'>Viteberqeiisi.</span> <span class='ocrx_word' id='word_1_265' title='bbox 1056 2743 1063 2753; x_wconf 84' lang='lat'><strong>·</strong></span> <span class='ocrx_word' id='word_1_266' title='bbox 1134 2706 1316 2776; x_wconf 87' lang='lat' dir='ltr'>mitatibus</span> <span class='ocrx_word' id='word_1_267' title='bbox 1331 2729 1544 2796; x_wconf 86' lang='lat' dir='ltr'>oppressam.</span> <span class='ocrx_word' id='word_1_268' title='bbox 1596 2706 1717 2797; x_wconf 85' lang='lat' dir='ltr'>Quare</span> <span class='ocrx_word' id='word_1_269' title='bbox 1731 2712 1869 2782; x_wconf 87' lang='lat' dir='ltr'>laudari</span> <span class='ocrx_word' id='word_1_270' title='bbox 1884 2712 1967 2782; x_wconf 90' lang='lat' dir='ltr'>satis</span> <span class='ocrx_word' id='word_1_271' title='bbox 1981 2713 2124 2783; x_wconf 88' lang='lat' dir='ltr'>institu-</span> 
     </span>
    </p>
   </div>
   <div class='ocr_carea' id='block_1_10' title="bbox 96 2815 2123 2989">
    <p class='ocr_par' dir='ltr' id='par_1_12' title="bbox 96 2815 2123 2989">
     <span class='ocr_line' id='line_1_26' title="bbox 96 2815 2123 2989; baseline -0.018 -46"><span class='ocrx_word' id='word_1_272' title='bbox 96 2872 339 2944; x_wconf 85' lang='lat' dir='ltr'>lllustrissimo</span> <span class='ocrx_word' id='word_1_273' title='bbox 366 2867 524 2957; x_wconf 87' lang='lat' dir='ltr'>Principi</span> <span class='ocrx_word' id='word_1_274' title='bbox 553 2864 708 2934; x_wconf 90' lang='lat' dir='ltr'>Domino</span> <span class='ocrx_word' id='word_1_275' title='bbox 728 2856 932 2935; x_wconf 83' lang='lat' dir='ltr'>Franci&#39;sco</span> <span class='ocrx_word' id='word_1_276' title='bbox 954 2858 1089 2938; x_wconf 85' lang='lat' dir='ltr'>Ottoni</span> <span class='ocrx_word' id='word_1_277' title='bbox 1136 2815 2123 2989; x_wconf 47' lang='grc' dir='ltr'>ξζίῃιῖἓὲἓῐᾟοἳῒὲιᾷῗκὲἒίῆὶἶῗξῖἑᾞξξῗξῑᾞῖἰίῑῃίᾜῖ·</span> 
     </span>
    </p>
   </div>
   <div class='ocr_carea' id='block_1_11' title="bbox 90 2963 2123 5544">
    <p class='ocr_par' dir='ltr' id='par_1_13' title="bbox 90 2963 2123 5544">
     <span class='ocr_line' id='line_1_27' title="bbox 95 2963 2123 3109; baseline -0.002 -17"><span class='ocrx_word' id='word_1_278' title='bbox 95 2972 409 3083; x_wconf 63' lang='lat' dir='ltr'>Bm¹¹³Vi⁰⁸¹¹⁵i¹¹¹¹l</span> <span class='ocrx_word' id='word_1_279' title='bbox 426 2981 461 3082; x_wconf 56' lang='lat' dir='ltr'>ed</span> <span class='ocrx_word' id='word_1_280' title='bbox 479 2963 830 3081; x_wconf 57' lang='lat' dir='ltr'>Lunaellurgfmium</span> <span class='ocrx_word' id='word_1_281' title='bbox 854 2966 954 3080; x_wconf 55' lang='lat' dir='ltr'>‘lici‘</span> <span class='ocrx_word' id='word_1_282' title='bbox 980 2991 1085 3056; x_wconf 51' lang='grc' dir='ltr'>μηθ’</span> <span class='ocrx_word' id='word_1_283' title='bbox 1136 3010 1297 3098; x_wconf 89' lang='lat' dir='ltr'>publicae</span> <span class='ocrx_word' id='word_1_284' title='bbox 1314 3023 1448 3079; x_wconf 86' lang='lat' dir='ltr'>vestrae</span> <span class='ocrx_word' id='word_1_285' title='bbox 1462 3024 1567 3104; x_wconf 87' lang='lat' dir='ltr'>atque</span> <span class='ocrx_word' id='word_1_286' title='bbox 1592 3011 1757 3084; x_wconf 86' lang='lat' dir='ltr'>iuvandis</span> <span class='ocrx_word' id='word_1_287' title='bbox 1778 3012 1947 3086; x_wconf 81' lang='lat' dir='ltr'>Ecclesiis</span> <span class='ocrx_word' id='word_1_288' title='bbox 2002 3018 2123 3109; x_wconf 89' lang='lat' dir='ltr'>cupias</span> 
     </span>
     <span class='ocr_line' id='line_1_28' title="bbox 94 3060 2123 3188; baseline -0.01 15"><span class='ocrx_word' id='word_1_289' title='bbox 94 3072 266 3147; x_wconf 56' lang='lat' dir='ltr'>³⁰⁵i⁸⁸imi</span> <span class='ocrx_word' id='word_1_290' title='bbox 289 3069 466 3156; x_wconf 53' lang='lat' dir='ltr'>Princ&#39;p&#39;s</span> <span class='ocrx_word' id='word_1_291' title='bbox 487 3060 629 3145; x_wconf 61' lang='lat' dir='ltr'><strong>Emesu</strong></span> <span class='ocrx_word' id='word_1_292' title='bbox 651 3063 743 3143; x_wconf 44' lang='grc' dir='ltr'>ὥθ’</span> <span class='ocrx_word' id='word_1_293' title='bbox 775 3061 960 3182; x_wconf 47' lang='lat' dir='ltr'>limum</span> <span class='ocrx_word' id='word_1_294' title='bbox 981 3064 1085 3138; x_wconf 65' lang='lat' dir='ltr'>S&#39;m&#39;</span> <span class='ocrx_word' id='word_1_295' title='bbox 1133 3112 1247 3178; x_wconf 85' lang='lat' dir='ltr'>lacere</span> <span class='ocrx_word' id='word_1_296' title='bbox 1280 3124 1401 3180; x_wconf 89' lang='lat' dir='ltr'>contra</span> <span class='ocrx_word' id='word_1_297' title='bbox 1438 3113 1731 3184; x_wconf 89' lang='lat' dir='ltr'>consuetudinem</span> <span class='ocrx_word' id='word_1_298' title='bbox 1766 3116 1940 3186; x_wconf 88' lang='lat' dir='ltr'>maiorum</span> <span class='ocrx_word' id='word_1_299' title='bbox 1955 3071 2123 3188; x_wconf 57' lang='lat' dir='ltr'>&#39;tuorum</span> 
     </span>
     <span class='ocr_line' id='line_1_29' title="bbox 339 3159 2122 3307; baseline -0.024 -70"><span class='ocrx_word' id='word_1_300' title='bbox 339 3159 502 3237; x_wconf 83' lang='lat' dir='ltr'>denstedl</span> <span class='ocrx_word' id='word_1_301' title='bbox 518 3165 840 3254; x_wconf 82' lang='lat' dir='ltr'>Lunaeburgensis.</span> <span class='ocrx_word' id='word_1_302' title='bbox 1134 3209 1249 3280; x_wconf 54' lang='lat' dir='ltr'>pm</span> <span class='ocrx_word' id='word_1_303' title='bbox 1277 3212 1330 3282; x_wconf 62' lang='lat' dir='ltr'>mi</span> <span class='ocrx_word' id='word_1_304' title='bbox 1363 3211 1612 3302; x_wconf 54' lang='lat' dir='ltr'><strong>”pientissimi</strong></span> <span class='ocrx_word' id='word_1_305' title='bbox 1648 3217 1820 3307; x_wconf 43' lang='lat' dir='ltr'>principis</span> <span class='ocrx_word' id='word_1_306' title='bbox 1846 3211 2122 3307; x_wconf 56' lang='lat' dir='ltr'>pulcherrimam</span> 
     </span>
     <span class='ocr_line' id='line_1_30' title="bbox 93 3311 2122 3407; baseline -0.007 -11"><span class='ocrx_word' id='word_1_307' title='bbox 93 3315 354 3403; x_wconf 77' lang='lat' dir='ltr'>Satisl&#39;actums</span> <span class='ocrx_word' id='word_1_308' title='bbox 372 3313 492 3385; x_wconf 92' lang='lat' dir='ltr'>amicis</span> <span class='ocrx_word' id='word_1_309' title='bbox 507 3311 665 3404; x_wconf 89' lang='lat' dir='ltr'>aliquot,</span> <span class='ocrx_word' id='word_1_310' title='bbox 691 3312 883 3383; x_wconf 87' lang='lat' dir='ltr'>editionem</span> <span class='ocrx_word' id='word_1_311' title='bbox 911 3313 1084 3384; x_wconf 85' lang='lat' dir='ltr'>orationis</span> <span class='ocrx_word' id='word_1_312' title='bbox 1133 3335 1292 3401; x_wconf 90' lang='lat' dir='ltr'>operam,</span> <span class='ocrx_word' id='word_1_313' title='bbox 1318 3336 1423 3405; x_wconf 92' lang='lat' dir='ltr'>quam</span> <span class='ocrx_word' id='word_1_314' title='bbox 1439 3325 1522 3382; x_wconf 88' lang='lat' dir='ltr'>ante</span> <span class='ocrx_word' id='word_1_315' title='bbox 1537 3315 1672 3407; x_wconf 87' lang='lat' dir='ltr'>aliquot</span> <span class='ocrx_word' id='word_1_316' title='bbox 1686 3340 1800 3386; x_wconf 90' lang='lat' dir='ltr'>annos</span> <span class='ocrx_word' id='word_1_317' title='bbox 1816 3316 1921 3387; x_wconf 91' lang='lat' dir='ltr'>bonis</span> <span class='ocrx_word' id='word_1_318' title='bbox 1933 3318 2069 3389; x_wconf 88' lang='lat' dir='ltr'>artibus</span> <span class='ocrx_word' id='word_1_319' title='bbox 2084 3320 2122 3388; x_wconf 85' lang='lat' dir='ltr'>in</span> 
     </span>
     <span class='ocr_line' id='line_1_31' title="bbox 92 3411 2122 3515; baseline -0.004 -18"><span class='ocrx_word' id='word_1_320' title='bbox 92 3432 139 3500; x_wconf 90' lang='lat' dir='ltr'>de</span> <span class='ocrx_word' id='word_1_321' title='bbox 166 3423 380 3515; x_wconf 85' lang='lat' dir='ltr'>Imperatore</span> <span class='ocrx_word' id='word_1_322' title='bbox 403 3411 538 3486; x_wconf 88' lang='lat' dir='ltr'>Ottone</span> <span class='ocrx_word' id='word_1_323' title='bbox 566 3413 681 3502; x_wconf 91' lang='lat' dir='ltr'>primo</span> <span class='ocrx_word' id='word_1_324' title='bbox 706 3412 809 3483; x_wconf 85' lang='lat' dir='ltr'>valde</span> <span class='ocrx_word' id='word_1_325' title='bbox 829 3414 1084 3504; x_wconf 82' lang='lat' dir='ltr'>flagitantibus,</span> <span class='ocrx_word' id='word_1_326' title='bbox 1134 3413 1263 3482; x_wconf 85' lang='lat' dir='ltr'>Galliis</span> <span class='ocrx_word' id='word_1_327' title='bbox 1279 3414 1394 3499; x_wconf 87' lang='lat' dir='ltr'>dedit,</span> <span class='ocrx_word' id='word_1_328' title='bbox 1419 3436 1642 3508; x_wconf 84' lang='lat' dir='ltr'>nequaquam</span> <span class='ocrx_word' id='word_1_329' title='bbox 1657 3442 1746 3510; x_wconf 90' lang='lat' dir='ltr'>opus</span> <span class='ocrx_word' id='word_1_330' title='bbox 1761 3431 1813 3488; x_wconf 91' lang='lat' dir='ltr'>est</span> <span class='ocrx_word' id='word_1_331' title='bbox 1833 3417 1901 3487; x_wconf 91' lang='lat' dir='ltr'>tibi</span> <span class='ocrx_word' id='word_1_332' title='bbox 1916 3421 1960 3488; x_wconf 88' lang='lat' dir='ltr'>ad</span> <span class='ocrx_word' id='word_1_333' title='bbox 1978 3420 2122 3491; x_wconf 89' lang='lat' dir='ltr'>imitan-</span> 
     </span>
     <span class='ocr_line' id='line_1_32' title="bbox 93 3513 1977 3608; baseline -0.022 -7"><span class='ocrx_word' id='word_1_334' title='bbox 93 3522 291 3600; x_wconf 85' lang='lat' dir='ltr'>existimavi</span> <span class='ocrx_word' id='word_1_335' title='bbox 315 3539 410 3589; x_wconf 88' lang='lat' dir='ltr'>meas</span> <span class='ocrx_word' id='word_1_336' title='bbox 430 3536 555 3606; x_wconf 88' lang='lat' dir='ltr'>operas</span> <span class='ocrx_word' id='word_1_337' title='bbox 578 3513 663 3597; x_wconf 91' lang='lat' dir='ltr'>tibi,</span> <span class='ocrx_word' id='word_1_338' title='bbox 694 3515 887 3585; x_wconf 85' lang='lat' dir='ltr'>clarissime</span> <span class='ocrx_word' id='word_1_339' title='bbox 901 3514 1082 3608; x_wconf 88' lang='lat' dir='ltr'>Princeps,</span> <span class='ocrx_word' id='word_1_340' title='bbox 1132 3518 1322 3584; x_wconf 85' lang='lat' dir='ltr'>ilumame</span> <span class='ocrx_word' id='word_1_341' title='bbox 1337 3515 1502 3605; x_wconf 92' lang='lat' dir='ltr'>proponi.</span> <span class='ocrx_word' id='word_1_342' title='bbox 1972 3552 1977 3560; x_wconf 88' lang='grc'><strong>.</strong></span> 
     </span>
     <span class='ocr_line' id='line_1_33' title="bbox 93 3610 2121 3723; baseline -0.013 -22"><span class='ocrx_word' id='word_1_343' title='bbox 93 3626 317 3723; x_wconf 87' lang='lat' dir='ltr'>potissimum</span> <span class='ocrx_word' id='word_1_344' title='bbox 346 3616 603 3707; x_wconf 86' lang='lat' dir='ltr'>nuncupandas</span> <span class='ocrx_word' id='word_1_345' title='bbox 631 3636 716 3687; x_wconf 89' lang='lat' dir='ltr'>esse.</span> <span class='ocrx_word' id='word_1_346' title='bbox 772 3610 852 3683; x_wconf 86' lang='lat' dir='ltr'>Etsi</span> <span class='ocrx_word' id='word_1_347' title='bbox 881 3616 977 3685; x_wconf 93' lang='lat' dir='ltr'>enim</span> <span class='ocrx_word' id='word_1_348' title='bbox 1007 3642 1080 3686; x_wconf 91' lang='lat' dir='ltr'>non</span> <span class='ocrx_word' id='word_1_349' title='bbox 1234 3612 1288 3684; x_wconf 88' lang='lat' dir='ltr'>De</span> <span class='ocrx_word' id='word_1_350' title='bbox 1303 3611 1438 3686; x_wconf 89' lang='lat' dir='ltr'>Ottone</span> <span class='ocrx_word' id='word_1_351' title='bbox 1456 3613 1671 3707; x_wconf 81' lang='lat' dir='ltr'>Imperatore</span> <span class='ocrx_word' id='word_1_352' title='bbox 1688 3618 1815 3689; x_wconf 89' lang='lat' dir='ltr'>dicam.</span> <span class='ocrx_word' id='word_1_353' title='bbox 1866 3617 1975 3692; x_wconf 71' lang='lat' dir='ltr'>Hunc</span> <span class='ocrx_word' id='word_1_354' title='bbox 1989 3618 2121 3710; x_wconf 64' lang='lat' dir='ltr'>accipio</span> 
     </span>
     <span class='ocr_line' id='line_1_34' title="bbox 93 3710 2122 3822; baseline -0.007 -21"><span class='ocrx_word' id='word_1_355' title='bbox 93 3733 305 3822; x_wconf 72' lang='lat' dir='ltr'>ignorarem,</span> <span class='ocrx_word' id='word_1_356' title='bbox 324 3721 420 3814; x_wconf 92' lang='lat' dir='ltr'>quod</span> <span class='ocrx_word' id='word_1_357' title='bbox 437 3715 615 3788; x_wconf 89' lang='lat' dir='ltr'>aGraccis</span> <span class='ocrx_word' id='word_1_358' title='bbox 627 3714 698 3784; x_wconf 87' lang='lat' dir='ltr'>ilici</span> <span class='ocrx_word' id='word_1_359' title='bbox 712 3714 812 3799; x_wconf 90' lang='lat' dir='ltr'>solet,</span> <span class='ocrx_word' id='word_1_360' title='bbox 831 3710 926 3784; x_wconf 91' lang='lat' dir='ltr'>nihil</span> <span class='ocrx_word' id='word_1_361' title='bbox 940 3717 1082 3802; x_wconf 83' lang='lat' dir='ltr'>referre,</span> <span class='ocrx_word' id='word_1_362' title='bbox 1134 3717 1277 3786; x_wconf 79' lang='lat' dir='ltr'>tantari</span> <span class='ocrx_word' id='word_1_363' title='bbox 1289 3716 1422 3805; x_wconf 83' lang='lat' dir='ltr'>ingenii</span> <span class='ocrx_word' id='word_1_364' title='bbox 1435 3729 1540 3809; x_wconf 88' lang='lat' dir='ltr'>atque</span> <span class='ocrx_word' id='word_1_365' title='bbox 1552 3720 1780 3790; x_wconf 83' lang='lat' dir='ltr'>contentione</span> <span class='ocrx_word' id='word_1_366' title='bbox 1795 3720 1833 3789; x_wconf 90' lang='lat' dir='ltr'>in</span> <span class='ocrx_word' id='word_1_367' title='bbox 1849 3720 2026 3791; x_wconf 85' lang='lat' dir='ltr'>discendis</span> <span class='ocrx_word' id='word_1_368' title='bbox 2041 3722 2122 3791; x_wconf 88' lang='lat' dir='ltr'>lite-</span> 
     </span>
     <span class='ocr_line' id='line_1_35' title="bbox 95 3815 2123 3920; baseline -0.011 -21"><span class='ocrx_word' id='word_1_369' title='bbox 95 3833 141 3902; x_wconf 85' lang='lat' dir='ltr'>sis</span> <span class='ocrx_word' id='word_1_370' title='bbox 165 3854 209 3899; x_wconf 91' lang='lat' dir='ltr'>ne</span> <span class='ocrx_word' id='word_1_371' title='bbox 231 3829 336 3920; x_wconf 90' lang='lat' dir='ltr'>plane</span> <span class='ocrx_word' id='word_1_372' title='bbox 361 3820 545 3901; x_wconf 88' lang='lat' dir='ltr'>inimicus,</span> <span class='ocrx_word' id='word_1_373' title='bbox 579 3840 625 3884; x_wconf 91' lang='lat' dir='ltr'>an</span> <span class='ocrx_word' id='word_1_374' title='bbox 651 3815 854 3906; x_wconf 86' lang='lat' dir='ltr'>importune</span> <span class='ocrx_word' id='word_1_375' title='bbox 878 3816 1082 3902; x_wconf 86' lang='lat' dir='ltr'>benevolus,</span> <span class='ocrx_word' id='word_1_376' title='bbox 1133 3818 1181 3886; x_wconf 89' lang='lat' dir='ltr'>ris</span> <span class='ocrx_word' id='word_1_377' title='bbox 1197 3817 1412 3899; x_wconf 88' lang='lat' dir='ltr'>elaborasse,</span> <span class='ocrx_word' id='word_1_378' title='bbox 1436 3829 1477 3884; x_wconf 93' lang='lat' dir='ltr'>ut</span> <span class='ocrx_word' id='word_1_379' title='bbox 1492 3840 1677 3909; x_wconf 89' lang='lat' dir='ltr'>nunquam</span> <span class='ocrx_word' id='word_1_380' title='bbox 1693 3833 1775 3889; x_wconf 85' lang='lat' dir='ltr'>ante</span> <span class='ocrx_word' id='word_1_381' title='bbox 1793 3821 1943 3910; x_wconf 72' lang='lat' dir='ltr'>cognitis</span> <span class='ocrx_word' id='word_1_382' title='bbox 1967 3822 2123 3890; x_wconf 74' lang='lat' dir='ltr'>clemen.</span> 
     </span>
     <span class='ocr_line' id='line_1_36' title="bbox 94 3902 2120 4014; baseline -0.014 -10"><span class='ocrx_word' id='word_1_383' title='bbox 94 3934 134 4004; x_wconf 93' lang='lat' dir='ltr'>in</span> <span class='ocrx_word' id='word_1_384' title='bbox 160 3930 338 4000; x_wconf 88' lang='lat' dir='ltr'>neminem</span> <span class='ocrx_word' id='word_1_385' title='bbox 359 3902 511 4014; x_wconf 79' lang='lat' dir='ltr'>perinde</span> <span class='ocrx_word' id='word_1_386' title='bbox 539 3933 644 4010; x_wconf 88' lang='lat' dir='ltr'>atque</span> <span class='ocrx_word' id='word_1_387' title='bbox 665 3915 705 3983; x_wconf 92' lang='lat' dir='ltr'>in</span> <span class='ocrx_word' id='word_1_388' title='bbox 729 3940 787 3986; x_wconf 89' lang='lat' dir='ltr'>me</span> <span class='ocrx_word' id='word_1_389' title='bbox 807 3940 992 4010; x_wconf 89' lang='lat' dir='ltr'>nunquam</span> <span class='ocrx_word' id='word_1_390' title='bbox 1015 3919 1081 3988; x_wconf 92' lang='lat' dir='ltr'>tibi</span> <span class='ocrx_word' id='word_1_391' title='bbox 1132 3932 1251 3988; x_wconf 87' lang='lat' dir='ltr'>torum</span> <span class='ocrx_word' id='word_1_392' title='bbox 1265 3917 1397 4005; x_wconf 74' lang='lat' dir='ltr'>liguris,</span> <span class='ocrx_word' id='word_1_393' title='bbox 1417 3938 1497 3983; x_wconf 90' lang='lat' dir='ltr'>cum</span> <span class='ocrx_word' id='word_1_394' title='bbox 1509 3916 1671 4005; x_wconf 86' lang='lat' dir='ltr'>priorum</span> <span class='ocrx_word' id='word_1_395' title='bbox 1683 3918 1856 3990; x_wconf 88' lang='lat' dir='ltr'>amisisset</span> <span class='ocrx_word' id='word_1_396' title='bbox 1868 3944 2011 3990; x_wconf 73' lang='lat' dir='ltr'>uxorem</span> <span class='ocrx_word' id='word_1_397' title='bbox 2021 3944 2120 3991; x_wconf 65' lang='lat' dir='ltr'>suam</span> 
     </span>
     <span class='ocr_line' id='line_1_37' title="bbox 91 4013 2120 4124; baseline -0.007 -21"><span class='ocrx_word' id='word_1_398' title='bbox 91 4033 274 4124; x_wconf 71' lang='lat' dir='ltr'>cognitum</span> <span class='ocrx_word' id='word_1_399' title='bbox 299 4046 399 4120; x_wconf 90' lang='lat' dir='ltr'>posse</span> <span class='ocrx_word' id='word_1_400' title='bbox 419 4020 511 4106; x_wconf 90' lang='lat' dir='ltr'>diri,</span> <span class='ocrx_word' id='word_1_401' title='bbox 538 4033 655 4089; x_wconf 86' lang='lat' dir='ltr'>tamen</span> <span class='ocrx_word' id='word_1_402' title='bbox 671 4040 746 4086; x_wconf 91' lang='lat' dir='ltr'>non</span> <span class='ocrx_word' id='word_1_403' title='bbox 762 4018 952 4088; x_wconf 79' lang='lat' dir='ltr'>defuerunt</span> <span class='ocrx_word' id='word_1_404' title='bbox 968 4019 1081 4088; x_wconf 91' lang='lat' dir='ltr'>maio-</span> <span class='ocrx_word' id='word_1_405' title='bbox 1131 4015 1312 4099; x_wconf 82' lang='lat' dir='ltr'>Edittam,</span> <span class='ocrx_word' id='word_1_406' title='bbox 1337 4013 1458 4106; x_wconf 90' lang='lat' dir='ltr'>paucis</span> <span class='ocrx_word' id='word_1_407' title='bbox 1474 4015 1654 4084; x_wconf 86' lang='lat' dir='ltr'>mensibus</span> <span class='ocrx_word' id='word_1_408' title='bbox 1671 4018 1801 4088; x_wconf 89' lang='lat' dir='ltr'>bonam</span> <span class='ocrx_word' id='word_1_409' title='bbox 1822 4021 1953 4092; x_wconf 86' lang='lat' dir='ltr'>latinae</span> <span class='ocrx_word' id='word_1_410' title='bbox 1968 4022 2120 4112; x_wconf 78' lang='lat' dir='ltr'>linguae,</span> 
     </span>
     <span class='ocr_line' id='line_1_38' title="bbox 93 4114 2120 4220; baseline -0.007 -12"><span class='ocrx_word' id='word_1_411' title='bbox 93 4159 151 4208; x_wconf 83' lang='lat' dir='ltr'>res</span> <span class='ocrx_word' id='word_1_412' title='bbox 174 4152 316 4207; x_wconf 84' lang='lat' dir='ltr'>causae,</span> <span class='ocrx_word' id='word_1_413' title='bbox 342 4148 433 4220; x_wconf 88' lang='lat' dir='ltr'>quae</span> <span class='ocrx_word' id='word_1_414' title='bbox 452 4147 497 4193; x_wconf 88' lang='lat' dir='ltr'>ne</span> <span class='ocrx_word' id='word_1_415' title='bbox 521 4115 589 4190; x_wconf 93' lang='lat' dir='ltr'>hoc</span> <span class='ocrx_word' id='word_1_416' title='bbox 613 4118 943 4210; x_wconf 85' lang='lat' dir='ltr'>praetermitterem,</span> <span class='ocrx_word' id='word_1_417' title='bbox 966 4119 1081 4209; x_wconf 91' lang='lat' dir='ltr'>pluri·</span> <span class='ocrx_word' id='word_1_418' title='bbox 1132 4118 1262 4188; x_wconf 87' lang='lat' dir='ltr'>artium</span> <span class='ocrx_word' id='word_1_419' title='bbox 1287 4114 1490 4185; x_wconf 87' lang='lat' dir='ltr'>liberalium</span> <span class='ocrx_word' id='word_1_420' title='bbox 1517 4129 1553 4187; x_wconf 90' lang='lat' dir='ltr'>et</span> <span class='ocrx_word' id='word_1_421' title='bbox 1575 4139 1754 4188; x_wconf 86' lang='lat' dir='ltr'>sacrarum</span> <span class='ocrx_word' id='word_1_422' title='bbox 1777 4120 1960 4193; x_wconf 87' lang='lat' dir='ltr'>literamm</span> <span class='ocrx_word' id='word_1_423' title='bbox 1983 4146 2120 4194; x_wconf 90' lang='lat' dir='ltr'>assecu-</span> 
     </span>
     <span class='ocr_line' id='line_1_39' title="bbox 91 4213 2119 4312; baseline -0.017 -6"><span class='ocrx_word' id='word_1_424' title='bbox 91 4259 192 4309; x_wconf 89' lang='lat' dir='ltr'>mnm</span> <span class='ocrx_word' id='word_1_425' title='bbox 215 4226 460 4300; x_wconf 86' lang='lat' dir='ltr'>hortabantur.</span> <span class='ocrx_word' id='word_1_426' title='bbox 523 4220 613 4291; x_wconf 89' lang='lat' dir='ltr'>Nam</span> <span class='ocrx_word' id='word_1_427' title='bbox 638 4242 718 4291; x_wconf 88' lang='lat' dir='ltr'>curn</span> <span class='ocrx_word' id='word_1_428' title='bbox 747 4221 791 4288; x_wconf 90' lang='lat' dir='ltr'>ad</span> <span class='ocrx_word' id='word_1_429' title='bbox 816 4213 908 4289; x_wconf 89' lang='lat' dir='ltr'>hanc</span> <span class='ocrx_word' id='word_1_430' title='bbox 929 4221 1080 4312; x_wconf 85' lang='lat' dir='ltr'>primam</span> <span class='ocrx_word' id='word_1_431' title='bbox 1132 4217 1254 4290; x_wconf 88' lang='lat' dir='ltr'>tussit</span> <span class='ocrx_word' id='word_1_432' title='bbox 1282 4215 1538 4307; x_wconf 79' lang='lat' dir='ltr'>cognitionem3</span> <span class='ocrx_word' id='word_1_433' title='bbox 1572 4233 1692 4310; x_wconf 87' lang='lat' dir='ltr'>postea</span> <span class='ocrx_word' id='word_1_434' title='bbox 1716 4223 1877 4293; x_wconf 62' lang='lat' dir='ltr'>doctrin,</span> <span class='ocrx_word' id='word_1_435' title='bbox 1911 4225 2016 4293; x_wconf 66' lang='lat' dir='ltr'>,eim</span> <span class='ocrx_word' id='word_1_436' title='bbox 2045 4248 2119 4294; x_wconf 71' lang='lat' dir='ltr'>„on</span> 
     </span>
     <span class='ocr_line' id='line_1_40' title="bbox 91 4318 2118 4418; baseline -0.007 -10"><span class='ocrx_word' id='word_1_437' title='bbox 91 4339 162 4409; x_wconf 90' lang='lat' dir='ltr'>mei</span> <span class='ocrx_word' id='word_1_438' title='bbox 180 4331 346 4403; x_wconf 90' lang='lat' dir='ltr'>noticiam</span> <span class='ocrx_word' id='word_1_439' title='bbox 362 4329 518 4396; x_wconf 87' lang='lat' dir='ltr'>viderem</span> <span class='ocrx_word' id='word_1_440' title='bbox 542 4347 616 4393; x_wconf 89' lang='lat' dir='ltr'>non</span> <span class='ocrx_word' id='word_1_441' title='bbox 639 4321 831 4391; x_wconf 91' lang='lat' dir='ltr'>admodum</span> <span class='ocrx_word' id='word_1_442' title='bbox 854 4323 1079 4411; x_wconf 78' lang='lat' dir='ltr'>profuturum</span> <span class='ocrx_word' id='word_1_443' title='bbox 1131 4341 1297 4413; x_wconf 88' lang='lat' dir='ltr'>aequasse</span> <span class='ocrx_word' id='word_1_444' title='bbox 1317 4318 1454 4403; x_wconf 90' lang='lat' dir='ltr'>solum,</span> <span class='ocrx_word' id='word_1_445' title='bbox 1479 4343 1602 4389; x_wconf 84' lang='lat' dir='ltr'>verum</span> <span class='ocrx_word' id='word_1_446' title='bbox 1615 4344 1796 4412; x_wconf 88' lang='lat' dir='ltr'>superasse</span> <span class='ocrx_word' id='word_1_447' title='bbox 1815 4325 1934 4411; x_wconf 78' lang='lat' dir='ltr'>facile,</span> <span class='ocrx_word' id='word_1_448' title='bbox 1959 4327 2118 4418; x_wconf 86' lang='lat' dir='ltr'>quitum</span> 
     </span>
     <span class='ocr_line' id='line_1_41' title="bbox 92 4417 2120 4526; baseline -0.007 -19"><span class='ocrx_word' id='word_1_449' title='bbox 92 4434 199 4515; x_wconf 90' lang='lat' dir='ltr'>mihi,</span> <span class='ocrx_word' id='word_1_450' title='bbox 225 4432 320 4526; x_wconf 89' lang='lat' dir='ltr'>quod</span> <span class='ocrx_word' id='word_1_451' title='bbox 335 4452 409 4499; x_wconf 95' lang='lat' dir='ltr'>non</span> <span class='ocrx_word' id='word_1_452' title='bbox 423 4428 533 4516; x_wconf 79' lang='lat' dir='ltr'>magis</span> <span class='ocrx_word' id='word_1_453' title='bbox 544 4439 579 4495; x_wconf 92' lang='lat' dir='ltr'>te</span> <span class='ocrx_word' id='word_1_454' title='bbox 591 4422 817 4515; x_wconf 75' lang='lat' dir='ltr'>suspexerim,</span> <span class='ocrx_word' id='word_1_455' title='bbox 837 4445 944 4515; x_wconf 86' lang='lat' dir='ltr'>quani</span> <span class='ocrx_word' id='word_1_456' title='bbox 960 4436 1079 4494; x_wconf 92' lang='lat' dir='ltr'>uttam</span> <span class='ocrx_word' id='word_1_457' title='bbox 1131 4435 1232 4491; x_wconf 91' lang='lat' dir='ltr'>erant</span> <span class='ocrx_word' id='word_1_458' title='bbox 1246 4419 1424 4513; x_wconf 88' lang='lat' dir='ltr'>principes</span> <span class='ocrx_word' id='word_1_459' title='bbox 1437 4433 1473 4492; x_wconf 94' lang='lat' dir='ltr'>et</span> <span class='ocrx_word' id='word_1_460' title='bbox 1487 4422 1614 4511; x_wconf 72' lang='lat' dir='ltr'>vulgus</span> <span class='ocrx_word' id='word_1_461' title='bbox 1626 4417 1895 4516; x_wconf 84' lang='lat' dir='ltr'>Episcoporum.</span> <span class='ocrx_word' id='word_1_462' title='bbox 1946 4426 2024 4498; x_wconf 89' lang='lat' dir='ltr'>Hoc</span> <span class='ocrx_word' id='word_1_463' title='bbox 2047 4426 2120 4497; x_wconf 88' lang='lat' dir='ltr'>lm-</span> 
     </span>
     <span class='ocr_line' id='line_1_42' title="bbox 93 4518 2121 4621; baseline -0.006 -12"><span class='ocrx_word' id='word_1_464' title='bbox 93 4541 165 4609; x_wconf 85' lang='lat' dir='ltr'>iiile</span> <span class='ocrx_word' id='word_1_465' title='bbox 185 4531 253 4605; x_wconf 93' lang='lat' dir='ltr'>hoc</span> <span class='ocrx_word' id='word_1_466' title='bbox 272 4529 523 4600; x_wconf 91' lang='lat' dir='ltr'>munusculum</span> <span class='ocrx_word' id='word_1_467' title='bbox 538 4525 605 4597; x_wconf 92' lang='lat' dir='ltr'>tibi</span> <span class='ocrx_word' id='word_1_468' title='bbox 628 4525 685 4593; x_wconf 86' lang='lat' dir='ltr'>vel</span> <span class='ocrx_word' id='word_1_469' title='bbox 708 4523 821 4593; x_wconf 83' lang='lat' dir='ltr'>invito</span> <span class='ocrx_word' id='word_1_470' title='bbox 842 4524 1081 4609; x_wconf 90' lang='lat' dir='ltr'>obtruderem,</span> <span class='ocrx_word' id='word_1_471' title='bbox 1132 4523 1304 4615; x_wconf 89' lang='lat' dir='ltr'>peratoris</span> <span class='ocrx_word' id='word_1_472' title='bbox 1324 4518 1471 4593; x_wconf 91' lang='lat' dir='ltr'>Ottonis</span> <span class='ocrx_word' id='word_1_473' title='bbox 1495 4524 1673 4616; x_wconf 85' lang='lat' dir='ltr'>exemplo,</span> <span class='ocrx_word' id='word_1_474' title='bbox 1698 4537 1738 4596; x_wconf 90' lang='lat' dir='ltr'>ut</span> <span class='ocrx_word' id='word_1_475' title='bbox 1752 4528 1898 4599; x_wconf 89' lang='lat' dir='ltr'>debebis</span> <span class='ocrx_word' id='word_1_476' title='bbox 1914 4528 2121 4621; x_wconf 89' lang='lat' dir='ltr'>plurimum,</span> 
     </span>
     <span class='ocr_line' id='line_1_43' title="bbox 91 4620 2120 4736; baseline -0.007 -24"><span class='ocrx_word' id='word_1_477' title='bbox 91 4634 328 4736; x_wconf 80' lang='lat' dir='ltr'>persuadebat</span> <span class='ocrx_word' id='word_1_478' title='bbox 348 4629 558 4702; x_wconf 87' lang='lat' dir='ltr'>non&#39;minus</span> <span class='ocrx_word' id='word_1_479' title='bbox 570 4626 795 4717; x_wconf 78' lang='lat' dir='ltr'>proditurum</span> <span class='ocrx_word' id='word_1_480' title='bbox 813 4624 852 4693; x_wconf 93' lang='lat' dir='ltr'>iu</span> <span class='ocrx_word' id='word_1_481' title='bbox 868 4624 996 4715; x_wconf 77' lang='lat' dir='ltr'>vulgus</span> <span class='ocrx_word' id='word_1_482' title='bbox 1009 4620 1081 4698; x_wconf 91' lang='lat' dir='ltr'>Ot·</span> <span class='ocrx_word' id='word_1_483' title='bbox 1130 4628 1179 4696; x_wconf 87' lang='lat' dir='ltr'>ita</span> <span class='ocrx_word' id='word_1_484' title='bbox 1191 4623 1323 4717; x_wconf 87' lang='lat' dir='ltr'>poteris</span> <span class='ocrx_word' id='word_1_485' title='bbox 1338 4623 1465 4692; x_wconf 87' lang='lat' dir='ltr'>acriter</span> <span class='ocrx_word' id='word_1_486' title='bbox 1477 4622 1615 4714; x_wconf 90' lang='lat' dir='ltr'>impelli</span> <span class='ocrx_word' id='word_1_487' title='bbox 1630 4625 1734 4694; x_wconf 90' lang='lat' dir='ltr'>etiam</span> <span class='ocrx_word' id='word_1_488' title='bbox 1749 4630 1793 4696; x_wconf 91' lang='lat' dir='ltr'>ad</span> <span class='ocrx_word' id='word_1_489' title='bbox 1809 4629 1984 4700; x_wconf 89' lang='lat' dir='ltr'>bonamm</span> <span class='ocrx_word' id='word_1_490' title='bbox 1998 4631 2120 4704; x_wconf 87' lang='lat' dir='ltr'>litera-</span> 
     </span>
     <span class='ocr_line' id='line_1_44' title="bbox 92 4724 2120 4819; baseline -0.01 2"><span class='ocrx_word' id='word_1_491' title='bbox 92 4757 213 4816; x_wconf 73' lang='lat' dir='ltr'>tonem</span> <span class='ocrx_word' id='word_1_492' title='bbox 240 4761 260 4807; x_wconf 70' lang='lat' dir='ltr'>a</span> <span class='ocrx_word' id='word_1_493' title='bbox 287 4757 344 4802; x_wconf 72' lang='lat' dir='ltr'>me</span> <span class='ocrx_word' id='word_1_494' title='bbox 373 4732 441 4802; x_wconf 71' lang='lat' dir='ltr'>ilbi</span> <span class='ocrx_word' id='word_1_495' title='bbox 461 4740 539 4799; x_wconf 74' lang='lat' dir='ltr'>iure</span> <span class='ocrx_word' id='word_1_496' title='bbox 560 4725 734 4802; x_wconf 65' lang='lat' dir='ltr'>(ledlwl.</span> <span class='ocrx_word' id='word_1_497' title='bbox 767 4727 864 4819; x_wconf 92' lang='lat' dir='ltr'>quod</span> <span class='ocrx_word' id='word_1_498' title='bbox 888 4739 922 4797; x_wconf 92' lang='lat' dir='ltr'>et</span> <span class='ocrx_word' id='word_1_499' title='bbox 944 4726 1080 4796; x_wconf 92' lang='lat' dir='ltr'>nemini</span> <span class='ocrx_word' id='word_1_500' title='bbox 1130 4750 1211 4796; x_wconf 89' lang='lat' dir='ltr'>rum</span> <span class='ocrx_word' id='word_1_501' title='bbox 1224 4724 1480 4814; x_wconf 75' lang='lat' dir='ltr'>cognitionem,</span> <span class='ocrx_word' id='word_1_502' title='bbox 1505 4725 1600 4816; x_wconf 91' lang='lat' dir='ltr'>quod</span> <span class='ocrx_word' id='word_1_503' title='bbox 1616 4728 1784 4796; x_wconf 89' lang='lat' dir='ltr'>memoria</span> <span class='ocrx_word' id='word_1_504' title='bbox 1799 4752 1920 4799; x_wconf 89' lang='lat' dir='ltr'>earnm</span> <span class='ocrx_word' id='word_1_505' title='bbox 1937 4732 2120 4818; x_wconf 87' lang='lat' dir='ltr'>virtutum,</span> 
     </span>
     <span class='ocr_line' id='line_1_45' title="bbox 92 4818 2120 4924; baseline -0.031 -8"><span class='ocrx_word' id='word_1_506' title='bbox 92 4867 174 4917; x_wconf 91' lang='lat' dir='ltr'>eom</span> <span class='ocrx_word' id='word_1_507' title='bbox 203 4834 373 4910; x_wconf 88' lang='lat' dir='ltr'>destinari</span> <span class='ocrx_word' id='word_1_508' title='bbox 400 4831 531 4902; x_wconf 89' lang='lat' dir='ltr'>rectius</span> <span class='ocrx_word' id='word_1_509' title='bbox 560 4826 774 4920; x_wconf 84' lang='lat' dir='ltr'>putaverim,</span> <span class='ocrx_word' id='word_1_510' title='bbox 805 4851 912 4922; x_wconf 78' lang='lat' dir='ltr'>quain</span> <span class='ocrx_word' id='word_1_511' title='bbox 933 4828 1081 4921; x_wconf 66' lang='lat' dir='ltr'>poneris</span> <span class='ocrx_word' id='word_1_512' title='bbox 1130 4822 1467 4921; x_wconf 61' lang='lat' dir='ltr'>quibmflemfco,‚</span> <span class='ocrx_word' id='word_1_513' title='bbox 1489 4818 1661 4915; x_wconf 36' lang='lat' dir='ltr'>Opone„</span> <span class='ocrx_word' id='word_1_514' title='bbox 1684 4828 1728 4896; x_wconf 65' lang='lat' dir='ltr'>,d</span> <span class='ocrx_word' id='word_1_515' title='bbox 1746 4852 1837 4923; x_wconf 63' lang='lat' dir='ltr'>quo,</span> <span class='ocrx_word' id='word_1_516' title='bbox 1856 4846 1967 4901; x_wconf 61' lang='lat' dir='ltr'>mm</span> <span class='ocrx_word' id='word_1_517' title='bbox 1986 4846 2120 4924; x_wconf 51' lang='lat' dir='ltr'>mm</span> 
     </span>
     <span class='ocr_line' id='line_1_46' title="bbox 92 4924 2118 5022; baseline -0.007 -5"><span class='ocrx_word' id='word_1_518' title='bbox 92 4943 228 5016; x_wconf 88' lang='lat' dir='ltr'>suisad</span> <span class='ocrx_word' id='word_1_519' title='bbox 243 4939 395 5011; x_wconf 88' lang='lat' dir='ltr'>eundem</span> <span class='ocrx_word' id='word_1_520' title='bbox 416 4930 623 5022; x_wconf 76' lang='lat' dir='ltr'>sangninem</span> <span class='ocrx_word' id='word_1_521' title='bbox 649 4926 929 5019; x_wconf 88' lang='lat' dir='ltr'>pertinentibus,</span> <span class='ocrx_word' id='word_1_522' title='bbox 963 4943 997 5000; x_wconf 91' lang='lat' dir='ltr'>et</span> <span class='ocrx_word' id='word_1_523' title='bbox 1014 4924 1081 4998; x_wconf 87' lang='lat' dir='ltr'>boc</span> <span class='ocrx_word' id='word_1_524' title='bbox 1131 4929 1249 5018; x_wconf 75' lang='lat' dir='ltr'>origo,</span> <span class='ocrx_word' id='word_1_525' title='bbox 1281 4925 1484 4997; x_wconf 81' lang='lat' dir='ltr'>excelluisse</span> <span class='ocrx_word' id='word_1_526' title='bbox 1515 4926 1608 4996; x_wconf 85' lang='lat' dir='ltr'>fama</span> <span class='ocrx_word' id='word_1_527' title='bbox 1633 4941 1702 5012; x_wconf 89' lang='lat' dir='ltr'>est,</span> <span class='ocrx_word' id='word_1_528' title='bbox 1735 4953 1876 5001; x_wconf 89' lang='lat' dir='ltr'>necesse</span> <span class='ocrx_word' id='word_1_529' title='bbox 1909 4933 1955 5002; x_wconf 91' lang='lat' dir='ltr'>sit</span> <span class='ocrx_word' id='word_1_530' title='bbox 1976 4933 2118 5005; x_wconf 90' lang='lat' dir='ltr'>incitari</span> 
     </span>
     <span class='ocr_line' id='line_1_47' title="bbox 92 5027 2116 5125; baseline -0.011 -8"><span class='ocrx_word' id='word_1_531' title='bbox 92 5044 210 5117; x_wconf 84' lang='lat' dir='ltr'>oflicio</span> <span class='ocrx_word' id='word_1_532' title='bbox 240 5039 327 5122; x_wconf 92' lang='lat' dir='ltr'>tibi,</span> <span class='ocrx_word' id='word_1_533' title='bbox 357 5050 398 5107; x_wconf 91' lang='lat' dir='ltr'>nt</span> <span class='ocrx_word' id='word_1_534' title='bbox 428 5029 645 5125; x_wconf 77' lang='lat' dir='ltr'>magistratui</span> <span class='ocrx_word' id='word_1_535' title='bbox 674 5050 772 5114; x_wconf 89' lang='lat' dir='ltr'>nico,</span> <span class='ocrx_word' id='word_1_536' title='bbox 802 5030 934 5100; x_wconf 87' lang='lat' dir='ltr'>eisdem</span> <span class='ocrx_word' id='word_1_537' title='bbox 959 5031 1081 5116; x_wconf 90' lang='lat' dir='ltr'>literis,</span> <span class='ocrx_word' id='word_1_538' title='bbox 1130 5053 1193 5098; x_wconf 87' lang='lat' dir='ltr'>ios</span> <span class='ocrx_word' id='word_1_539' title='bbox 1215 5027 1408 5119; x_wconf 90' lang='lat' dir='ltr'>plurimum</span> <span class='ocrx_word' id='word_1_540' title='bbox 1434 5042 1469 5100; x_wconf 90' lang='lat' dir='ltr'>et</span> <span class='ocrx_word' id='word_1_541' title='bbox 1492 5028 1648 5102; x_wconf 86' lang='lat' dir='ltr'>accendi.</span> <span class='ocrx_word' id='word_1_542' title='bbox 1700 5027 1887 5120; x_wconf 81' lang='lat' dir='ltr'>Originem</span> <span class='ocrx_word' id='word_1_543' title='bbox 1905 5047 2055 5106; x_wconf 72' lang='lat' dir='ltr'>vestram</span> <span class='ocrx_word' id='word_1_544' title='bbox 2072 5036 2116 5104; x_wconf 69' lang='lat' dir='ltr'>ad</span> 
     </span>
     <span class='ocr_line' id='line_1_48' title="bbox 92 5128 2118 5240; baseline -0.009 -21"><span class='ocrx_word' id='word_1_545' title='bbox 92 5149 132 5218; x_wconf 94' lang='lat' dir='ltr'>in</span> <span class='ocrx_word' id='word_1_546' title='bbox 152 5145 283 5240; x_wconf 89' lang='lat' dir='ltr'>quibus</span> <span class='ocrx_word' id='word_1_547' title='bbox 299 5163 364 5210; x_wconf 90' lang='lat' dir='ltr'>nos</span> <span class='ocrx_word' id='word_1_548' title='bbox 380 5158 579 5216; x_wconf 84' lang='lat' dir='ltr'>versamur,</span> <span class='ocrx_word' id='word_1_549' title='bbox 604 5128 781 5213; x_wconf 90' lang='lat' dir='ltr'>studioso,</span> <span class='ocrx_word' id='word_1_550' title='bbox 805 5130 1000 5221; x_wconf 91' lang='lat' dir='ltr'>plurimum</span> <span class='ocrx_word' id='word_1_551' title='bbox 1024 5156 1081 5202; x_wconf 91' lang='lat' dir='ltr'>me</span> <span class='ocrx_word' id='word_1_552' title='bbox 1130 5129 1303 5203; x_wconf 88' lang='lat' dir='ltr'>Ottonem</span> <span class='ocrx_word' id='word_1_553' title='bbox 1322 5129 1477 5221; x_wconf 90' lang='lat' dir='ltr'>primum</span> <span class='ocrx_word' id='word_1_554' title='bbox 1506 5130 1587 5199; x_wconf 89' lang='lat' dir='ltr'>dico</span> <span class='ocrx_word' id='word_1_555' title='bbox 1614 5145 1797 5225; x_wconf 88' lang='lat' dir='ltr'>propterea</span> <span class='ocrx_word' id='word_1_556' title='bbox 1821 5147 1997 5225; x_wconf 87' lang='lat' dir='ltr'>spectare,</span> <span class='ocrx_word' id='word_1_557' title='bbox 2028 5163 2118 5231; x_wconf 86' lang='lat' dir='ltr'>quo-</span> 
     </span>
     <span class='ocr_line' id='line_1_49' title="bbox 91 5225 2117 5331; baseline -0.008 -10"><span class='ocrx_word' id='word_1_558' title='bbox 91 5250 285 5321; x_wconf 84' lang='lat' dir='ltr'>srbitrstus</span> <span class='ocrx_word' id='word_1_559' title='bbox 307 5241 374 5312; x_wconf 88' lang='lat' dir='ltr'>siin</span> <span class='ocrx_word' id='word_1_560' title='bbox 398 5261 472 5308; x_wconf 90' lang='lat' dir='ltr'>esse</span> <span class='ocrx_word' id='word_1_561' title='bbox 494 5234 709 5306; x_wconf 82' lang='lat' dir='ltr'>devinctum.</span> <span class='ocrx_word' id='word_1_562' title='bbox 775 5225 952 5316; x_wconf 82' lang='lat' dir='ltr'>Accessit,</span> <span class='ocrx_word' id='word_1_563' title='bbox 983 5236 1080 5326; x_wconf 93' lang='lat' dir='ltr'>quod</span> <span class='ocrx_word' id='word_1_564' title='bbox 1129 5234 1225 5323; x_wconf 87' lang='lat' dir='ltr'>niam</span> <span class='ocrx_word' id='word_1_565' title='bbox 1250 5252 1336 5300; x_wconf 81' lang='lat' dir='ltr'>avus</span> <span class='ocrx_word' id='word_1_566' title='bbox 1354 5244 1468 5301; x_wconf 83' lang='lat' dir='ltr'>vester</span> <span class='ocrx_word' id='word_1_567' title='bbox 1481 5228 1659 5302; x_wconf 86' lang='lat' dir='ltr'>Henricos</span> <span class='ocrx_word' id='word_1_568' title='bbox 1678 5257 1795 5326; x_wconf 90' lang='lat' dir='ltr'>nuper</span> <span class='ocrx_word' id='word_1_569' title='bbox 1809 5248 1970 5308; x_wconf 89' lang='lat' dir='ltr'>mortuus</span> <span class='ocrx_word' id='word_1_570' title='bbox 1983 5254 2117 5331; x_wconf 87' lang='lat' dir='ltr'>patrem</span> 
     </span>
     <span class='ocr_line' id='line_1_50' title="bbox 92 5327 2119 5431; baseline -0.009 -11"><span class='ocrx_word' id='word_1_571' title='bbox 92 5344 365 5421; x_wconf 86' lang='lat' dir='ltr'>existimaverim</span> <span class='ocrx_word' id='word_1_572' title='bbox 395 5341 433 5410; x_wconf 93' lang='lat' dir='ltr'>in</span> <span class='ocrx_word' id='word_1_573' title='bbox 462 5336 668 5431; x_wconf 87' lang='lat' dir='ltr'>accipiendo</span> <span class='ocrx_word' id='word_1_574' title='bbox 698 5333 805 5404; x_wconf 89' lang='lat' dir='ltr'>etiam</span> <span class='ocrx_word' id='word_1_575' title='bbox 831 5332 1080 5405; x_wconf 90' lang='lat' dir='ltr'>liberalitatem</span> <span class='ocrx_word' id='word_1_576' title='bbox 1128 5330 1255 5404; x_wconf 89' lang='lat' dir='ltr'>habuit</span> <span class='ocrx_word' id='word_1_577' title='bbox 1286 5327 1476 5417; x_wconf 85' lang='lat' dir='ltr'>Ottonem,</span> <span class='ocrx_word' id='word_1_578' title='bbox 1508 5333 1622 5404; x_wconf 88' lang='lat' dir='ltr'>lilium</span> <span class='ocrx_word' id='word_1_579' title='bbox 1655 5333 1856 5423; x_wconf 76' lang='lat' dir='ltr'>Frederici,</span> <span class='ocrx_word' id='word_1_580' title='bbox 1890 5339 1990 5410; x_wconf 89' lang='lat' dir='ltr'>euius</span> <span class='ocrx_word' id='word_1_581' title='bbox 2020 5352 2119 5429; x_wconf 80' lang='lat' dir='ltr'>patei·</span> 
     </span>
     <span class='ocr_line' id='line_1_51' title="bbox 90 5427 2119 5544; baseline -0.017 -20"><span class='ocrx_word' id='word_1_582' title='bbox 90 5451 271 5544; x_wconf 88' lang='lat' dir='ltr'>quendam</span> <span class='ocrx_word' id='word_1_583' title='bbox 285 5447 417 5530; x_wconf 90' lang='lat' dir='ltr'>inesse,</span> <span class='ocrx_word' id='word_1_584' title='bbox 440 5464 506 5512; x_wconf 90' lang='lat' dir='ltr'>nec</span> <span class='ocrx_word' id='word_1_585' title='bbox 519 5439 640 5510; x_wconf 88' lang='lat' dir='ltr'>minus</span> <span class='ocrx_word' id='word_1_586' title='bbox 655 5435 792 5527; x_wconf 79' lang='lat' dir='ltr'>regium</span> <span class='ocrx_word' id='word_1_587' title='bbox 804 5427 947 5521; x_wconf 86' lang='lat' dir='ltr'>haberi,</span> <span class='ocrx_word' id='word_1_588' title='bbox 972 5458 1081 5527; x_wconf 83' lang='lat' dir='ltr'>parva</span> <span class='ocrx_word' id='word_1_589' title='bbox 1128 5429 1359 5505; x_wconf 78' lang='lat' dir='ltr'>bernhardus</span> <span class='ocrx_word' id='word_1_590' title='bbox 1379 5433 1470 5520; x_wconf 81' lang='lat' dir='ltr'>luit,</span> <span class='ocrx_word' id='word_1_591' title='bbox 1500 5434 1596 5505; x_wconf 86' lang='lat' dir='ltr'>tilius</span> <span class='ocrx_word' id='word_1_592' title='bbox 1609 5433 1734 5530; x_wconf 68' lang='lat' dir='ltr'>Magni</span> <span class='ocrx_word' id='word_1_593' title='bbox 1757 5438 1929 5533; x_wconf 63' lang='lat' dir='ltr'>principie</span> <span class='ocrx_word' id='word_1_594' title='bbox 1943 5436 2119 5508; x_wconf 56' lang='lat' dir='ltr'>anffi.</span> 
     </span>
    </p>
   </div>
   <div class='ocr_carea' id='block_1_12' title="bbox 0 0 2370 6025">
    <p class='ocr_par' dir='ltr' id='par_1_14' title="bbox 0 0 2370 6025">
     <span class='ocr_line' id='line_1_52' title="bbox 0 0 2370 6025; baseline 0 0"><span class='ocrx_word' id='word_1_595' title='bbox 0 0 2370 6025; x_wconf 95' lang='lat' dir='ltr'> </span> 
     </span>
    </p>
   </div>
  </div>
 </body>
</html>
