4732 6030
253 325 357 407 471Ι
806 300 964 384 nucu
996 296 1075 377 ΒΕ
1107 296 1386 378 GUELPHO
1419 299 1576 378 DUCE
1606 299 1734 382 ΒΗ.
2210 317 2290 395 472

256 520 377 579 saeva,
403 508 436 566 ct
449 481 677 561 inexorabilis
694 480 766 562 ira,
787 475 877 549 mihi
891 502 976 550 vero
991 470 1123 549 borum
1137 475 1240 548 tacita
1288 474 1457 547 mentium
1473 499 1557 546 vero
1571 474 1608 545 in
1624 488 1793 570 promptu
1807 500 1844 549 se
1860 470 2003 569 habere,
2028 485 2074 555 ad
2090 486 2288 562 vindictam

255 602 367 699 pietas
381 590 563 686 supplicat.
614 583 781 656 Graviter
801 582 856 653 illi
877 583 916 652 iu
931 604 989 650 me
1003 580 1243 674 deliquerunt,
1289 602 1365 650 non
1386 577 1457 647 uisi
1472 591 1652 663 coactum,
1678 580 1722 649 ad
1738 580 1962 652 clementiam
1982 604 2109 678 sponte
2124 615 2287 682 currere;

257 703 543 776 commeruerunt
564 710 735 781 poenam,
765 698 860 770 esto,
891 685 952 754 sed
978 680 1057 756 Rex
1078 684 1183 751 dehet
1205 702 1242 748 se
1291 694 1327 751 et
1352 681 1544 750 declaravit
1569 704 1608 750 re
1637 679 1713 772 ipsa
1739 705 1864 753 verum
1899 708 1990 773 esse,
2021 694 2120 783 quod
2153 697 2288 767 dicitur

256 804 359 876 talem
384 794 552 889 praehere
576 790 731 868 civibus,
757 787 898 880 qualem
918 786 987 856 sibi
1003 783 1118 855 Deum
1140 782 1242 851 velit:
1292 781 1441 853 ἐσθλῶν
1462 779 1593 878 φρένες
1612 779 1864 857 εὐακὲσταται.
1915 786 2008 859 Nam
2038 789 2106 865 hoc
2125 799 2287 868 certissi.

255 927 318 995 ego
344 911 462 970 autem
485 916 591 989 quam
618 914 740 983 saepe,
772 902 806 958 et
830 910 937 981 quam
963 889 1077 958 multo
1103 884 1243 975 gravius
1292 907 1391 953 mum
1425 900 1670 972 argumentum
1705 900 1756 955 est
1787 888 1903 958 bonae
1932 893 2062 963 mentis
2088 920 2162 967 non
2192 923 2289 983 esse,

256 1015 380 1075 contra
396 1000 509 1071 Deum
527 993 653 1086 pecco?
687 990 745 1061 cui
768 991 797 1060 si
818 991 957 1083 quoties
978 1011 1081 1058 causa
1103 999 1154 1056 est
1178 1006 1245 1076 pu·
1292 981 1543 1079 μνησικακὸν,
1570 1008 1645 1055 uon
1662 998 1822 1057 tenacem
1837 991 2073 1078 offensarum,
2099 994 2185 1071 haec
2201 1026 2290 1092 pro-

257 1103 399 1186 mendi,
424 1097 529 1170 toties
544 1108 579 1166 et
594 1095 758 1165 voluntas
775 1106 880 1177 esset,
905 1114 996 1184 quae
1012 1090 1066 1159 illi
1082 1088 1247 1169 fulmina,
1293 1087 1371 1179 prie
1384 1086 1506 1155 divina
1521 1086 1636 1156 virtus
1653 1102 1725 1174 est,
1750 1102 1785 1159 et
1804 1116 1873 1184 qua
1894 1088 2060 1168 homines
2075 1124 2183 1195 quam
2204 1130 2288 1197 pro-

259 1230 349 1302 quac
375 1212 551 1273 tormenta
578 1197 775 1266 infemrum
800 1195 839 1262 iu
864 1215 960 1261 meas
984 1192 1091 1261 unius
1116 1208 1247 1281 poenas
1293 1188 1389 1258 xime
1412 1189 1456 1256 ad
1480 1187 1752 1260 similitudinem
1768 1189 1837 1262 Dei
1854 1198 2038 1270 accedunt.
2093 1200 2135 1272 ln
2150 1208 2287 1295 magnis

259 1301 481 1379 sufficerent?
512 1297 602 1369 Nam
618 1298 711 1389 quod
728 1295 949 1365 conditiones
964 1294 1059 1387 pacis
1078 1290 1246 1386 quasdam
1294 1290 1403 1380 igitur
1419 1301 1453 1359 et
1474 1283 1627 1361 heroicis
1642 1292 1771 1362 animis
1787 1318 1829 1365 ea
1852 1299 2040 1392 praecipue
2055 1302 2168 1389 lucet,
2194 1309 2287 1377 sient

261 1408 386 1480 durius
425 1417 529 1496 atque
569 1398 816 1469 inclementius
858 1394 1082 1487 interpretari
1121 1389 1249 1473 audio,¹
1295 1404 1418 1461 contra
1438 1391 1560 1482 pusilli
1583 1392 1694 1462 animi
1714 1408 1749 1467 et
1769 1396 1963 1469 indomitae
1986 1402 2061 1474 irae
2082 1406 2288 1480 laxare-fre·

261 1521 394 1605 quanto
411 1494 595 1574 honestius
617 1511 667 1570 est
685 1522 751 1568 uos
767 1497 890 1568 audire
907 1519 1028 1567 vocem
1044 1507 1247 1565 nostrarum
1295 1514 1381 1577 nos,
1405 1515 1513 1584 eaque
1533 1494 1721 1585 produce,
1746 1520 1822 1567 nou
1840 1522 1907 1591 pro
1926 1501 2040 1574 milite
2060 1507 2132 1592 uti,
2157 1496 2191 1582 et
2206 1511 2288 1580 vin·

191 1588 195 1599 ¹
260 1614 399 1702 legum,
424 1626 514 1698 quae
537 1602 617 1672 odia
641 1600 867 1690 restringere,
893 1600 1051 1667 favorem
1067 1620 1151 1666 vero
1173 1616 1249 1663 am·
1296 1594 1409 1663 dictae
1423 1593 1529 1661 nimis
1544 1595 1663 1686 cupidi
1678 1620 1770 1682 esse,
1794 1600 1984 1684 muliebre,
2010 1608 2217 1703 neutiquam
2233 1613 2289 1680 vi.

262 1715 375 1807 pliarc
390 1703 539 1775 iubent?
590 1702 734 1791 Quanto
750 1700 897 1794 aequius
918 1699 1139 1769 conditiones
1155 1693 1249 1786 pacis
1297 1694 1380 1779 rile,
1403 1695 1516 1764 multo
1533 1696 1651 1766 minus
1667 1691 1850 1770 heroicum
1866 1714 1927 1777 est.
1978 1703 2094 1778 Pallas
2110 1715 2202 1800 apud
2218 1712 2288 1784 So-

262 1815 401 1883 flectere
423 1806 467 1876 ad
490 1805 651 1887 laudem,
675 1826 748 1872 uon
764 1803 809 1872 ad
832 1799 1016 1870 fraudem?
1045 1811 1249 1893 mutoque
1299 1791 1461 1889 phoclem
1476 1797 1632 1869 ostendit
1646 1797 1765 1895 Ulyssi
1773 1798 1917 1873 Aiacem
1929 1802 2128 1896 inimicum,
2153 1813 2192 1881 in
2208 1839 2286 1883 me·

263 1909 430 2001 Principe
444 1905 604 1996 dignius,
630 1904 741 1994 magis
757 1905 802 1973 ad
817 1900 1040 1971 clementiam
1054 1921 1159 1994 quam
1174 1920 1251 1967 sae-
1297 1897 1357 1967 dia
1381 1910 1494 1985 strage
1511 1899 1705 1987 pecudum,
1730 1926 1816 1995 quas
1837 1927 1903 1995 pro
1923 1902 2147 2002 Principibus
2169 1910 2288 1984 Grae·

264 2015 385 2086 vitiam
405 2008 629 2098 ingeniosum
650 2003 748 2074 esse?
778 2001 869 2075 Cum
892 1997 950 2072 his
965 2015 1071 2096 atque
1089 1999 1168 2071 aliis
1183 1993 1250 2068 hoc
1296 1998 1373 2068 ciae
1400 2020 1464 2090 per
1491 1997 1647 2070 furorem
1679 2016 1909 2093 mactaverat,
1944 2008 2219 2100 discurrentem,
2252 2031 2289 2088 et

264 2136 374 2208 genus
391 2107 614 2181 sermonibus
630 2129 689 2177 eos
709 2105 912 2186 refutasset,
937 2103 999 2197 qui
1013 2102 1112 2173 illius
1125 2101 1251 2171 crude·
1298 2100 1389 2169 duos
1404 2121 1423 2169 e
1437 2121 1541 2189 grege
1558 2104 1764 2191 grandiores
1779 2106 1916 2194 arietes,
1939 2134 2005 2183 cur
2017 2115 2166 2185 alterum
2181 2114 2288 2211 Ulys-

263 2218 309 2288 lis
337 2212 530 2287 sententiae
557 2208 697 2279 autores
721 2209 881 2291 fuerant,
919 2205 1019 2275 iubet
1042 2201 1251 2274 mulieribus
1299 2224 1393 2280 sem,
1416 2200 1567 2272 alterum
1584 2200 1887 2294 Agamemnonem
1908 2225 2051 2303 putaret
2073 2216 2192 2308 flagris
2210 2242 2288 2289 cae-

263 2314 439 2399 uunciari,
455 2315 589 2382 bonum
606 2310 765 2378 animum
780 2302 963 2391 haherent,
982 2328 1081 2375 neca
1095 2327 1131 2376 se
1145 2302 1252 2399 quid*-
1299 2304 1461 2384 dentem,
1487 2316 1522 2373 et
1536 2304 1730 2397 interrogat
1752 2308 1886 2401 ipsum,
1911 2334 2059 2408 ecquam
2072 2319 2290 2411 voluptatem

264 2442 372 2515 quam
394 2415 493 2485 triste
518 2421 732 2495 metuerent,
764 2410 930 2479 daturum
953 2430 990 2477 se
1015 2428 1179 2497 operam,
1212 2415 1251 2474 ut
1300 2404 1434 2495 capiat,
1457 2426 1538 2475 eum
1553 2406 1739 2481 inimicum
1755 2434 1858 2482 suum
1871 2412 1920 2483 ita
1934 2415 1973 2484 in
1988 2417 2143 2487 furorem
2157 2435 2290 2508 actum,

262 2515 461 2614 praemium
477 2512 616 2604 pietatis
631 2512 727 2604 apud
745 2533 781 2578 se
797 2509 951 2601 positum
969 2508 1156 2579 sentirent:
1182 2506 1251 2575 im·
1300 2506 1539 2599 misemmque
1561 2531 1602 2578 ae
1624 2510 1866 2584 calamitosum
1883 2515 2012 2592 videat.
2060 2515 2129 2590 Cui
2145 2517 2307 2616 Ulysses'

263 2630 363 2715 perat
383 2615 512 2685 deiude
532 2614 577 2682 ad
601 2636 637 2682 se
657 2612 763 2681 acciri
786 2611 915 2695 victos,
946 2622 981 2679 et
1004 2622 1044 2680 ut
1067 2632 1123 2678 res
1144 2606 1250 2678 etiam
1300 2607 1507 2698 respondet,
1531 2609 1599 2680 sibi
1623 2610 1828 2705 neutiquam
1844 2615 1993 2703 laetum,
2017 2621 2077 2690 sed
2094 2623 2195 2692 triste
2211 2649 2290 2694 ma-

264 2742 345 2793 suas
359 2717 473 2788 salvas
488 2714 690 2797 retinerent,
715 2712 945 2805 pmnunciat:
971 2708 1097 2805 Deque
1110 2711 1251 2779 loedere
1300 2709 1353 2798 gis
1384 2709 1422 2777 id
1447 2711 1683 2800 spectaculum
1707 2712 1839 2783 videri:
1867 2714 2047 2806 Primum,
2080 2724 2177 2814 quod
2206 2748 2287 2796 cum

264 2848 305 2896 ac
332 2843 416 2914 pace
440 2840 521 2887 cum
552 2816 603 2884 eis
627 2815 847 2906 aequissimis
876 2812 1141 2883 conditionibus
1171 2809 1252 2900 egit.
1300 2810 1605 2882 commiseratione
1624 2825 1755 2904 spectet
1776 2810 1883 2888 huius
1900 2818 1987 2905 viri,
2020 2836 2053 2892 et
2066 2824 2097 2891 si
2120 2824 2287 2898 inimicus

262 2920 411 3014 Etrepit
424 2917 645 2989 uberrimum
659 2917 813 2985 fructum
827 2914 924 2985 illius
939 2915 1143 2983 clementiae
1158 2933 1252 2996 suae,
1300 2911 1356 2995 sit,
1378 2924 1497 2981 tamen
1513 2926 1609 2984 tanta
1627 2916 1756 2986 virtute
1770 2919 1931 3009 praediti,
1957 2921 2192 2995 miserandam
2209 2951 2289 2999 sou-

264 3025 444 3095 nemiuem
467 3018 561 3090 euim
578 3017 708 3088 deinde
731 3016 926 3086 fideliorem
942 3030 1004 3087 aut
1019 3013 1252 3085 amantiorem
1299 3027 1388 3096 tem3
1421 3014 1551 3083 deinde
1582 3018 1680 3108 quod
1710 3040 1793 3089 suae
1818 3045 1961 3117 quoque
1983 3028 2197 3098 conditionis
2223 3027 2290 3102 hoc

251 3116 322 3197 'sui
335 3126 374 3193 iu
388 3121 538 3211 imperio
554 3114 678 3189 habuit
692 3113 919 3200 Chnnradus,
945 3140 1051 3212 quam
1068 3112 1252 3195 Guellum,
1302 3114 1461 3206 exemplo
1476 3118 1719 3203 admoneatur,
1743 3133 1779 3191 et
1795 3122 1932 3211 videat,
1956 3140 2088 3219 quanta
2104 3129 2148 3198 sit
2162 3126 2289 3200 huma-

267 3242 303 3298 ει
323 3223 386 3317 qui
410 3244 489 3290 cum
514 3242 556 3287 eo
577 3220 689 3308 capti,
716 3221 823 3288 vitam
846 3243 886 3289 ac
904 3242 960 3288 res
979 3240 1060 3288 suas
1083 3216 1252 3288 benelicio
1302 3239 1430 3285 narum
1458 3240 1576 3286 rerum
1603 3218 1795 3311 fragilitas,
1825 3238 1859 3294 et
1882 3250 1990 3319 mam
2016 3222 2197 3322 homiues,
2228 3236 2291 3326 qui

266 3321 495 3419 Imperatoris
518 3321 748 3391 retinuerant.
798 3317 847 3389 Et
870 3321 996 3409 dignus
1019 3332 1112 3405 crat,
1146 3340 1251 3412 quem
1303 3318 1435 3402 vivant,
1460 3314 1554 3387 nihil
1569 3320 1666 3391 aliud
1683 3323 1771 3407 sint,
1795 3348 1903 3416 qiam
1919 3328 2018 3399 velut
2039 3330 2161 3403 inania
2181 3334 2293 3405 simu·

265 3448 387 3502 omnes
400 3421 569 3492 mortales
584 3420 827 3509 benignissimi
840 3444 881 3488 ac
894 3420 1072 3489 mitissimi
1096 3419 1254 3511 parentis
1303 3411 1423 3487 lachra
1450 3432 1485 3488 et
1508 3421 1596 3490 levis
1625 3422 1755 3498 sumus.
1814 3424 1951 3499 Laudat
1975 3416 2074 3501 hunc
2092 3457 2289 3506 sermonem

265 3526 346 3602 loco
372 3536 549 3606 amarent,
585 3521 756 3613 omnique
789 3540 916 3611 genere
940 3522 1183 3591 observantiae
1213 3543 1253 3589 ac
1305 3519 1487 3589 Minerva:
1511 3517 1615 3593 Ettu
1632 3524 1661 3592 si
1676 3518 1761 3610 hoc,
1781 3526 1918 3621 inquit,
1938 3530 2204 3619 auimolueris,
2230 3558 2292 3607 su-

265 3629 406 3724 pietatis
427 3625 603 3708 colerent,
639 3622 701 3714 qui
723 3622 813 3692 iram
838 3634 873 3692 et
889 3622 944 3693 ius
962 3646 1067 3693 suum
1087 3623 1125 3692 iu
1141 3622 1253 3692 victos
1303 3620 1398 3709 peris
1422 3615 1550 3693 charus
1573 3626 1661 3709 eris,
1681 3640 1717 3698 et
1732 3627 1840 3698 vitam
1861 3631 2032 3704 foeliciter
2055 3636 2169 3724 exiges
2183 3649 2292 3715 tuam.

266 3729 422 3808 remisit,
456 3724 741 3818 condonavitque
763 3723 887 3795 virtuti
908 3748 948 3794 ae
976 3723 1116 3816 pietati,
1146 3747 1251 3817 quem
1303 3722 1393 3793 Nam
1420 3720 1516 3793 Deus
1547 3724 1738 3799 insolentes
1770 3744 1805 3800 et
1830 3731 2008 3805 vindictae
2032 3737 2176 3827 cupidos
2203 3741 2293 3826 odit,

265 3859 341 3906 non
360 3830 514 3902 offensae
536 3827 692 3918 priores,
723 3848 797 3895 uon
819 3849 984 3917 praeseus
1008 3827 1113 3897 dolor
1134 3838 1169 3896 et
1188 3825 1253 3903 ira,
1305 3824 1406 3895 mites
1424 3834 1532 3902 vero,
1546 3842 1581 3898 et
1594 3832 1774 3901 moderate
1791 3846 1943 3923 agentes,
1967 3826 2093 3927 diligit.
2116 3837 2210 3909 ‘His
2224 3864 2291 3910 vo.

266 3960 357 4033 quae
387 3929 612 4015 clementiae,
651 3927 838 4022 aequitati,
872 3926 1063 3999 moderatis
1095 3927 1253 3999 consiliis
1305 3926 1404 3996 cibus
1427 3924 1546 4021 Ulyssi
1570 3930 1792 4001 clementiam
1824 3936 2100 4032 modestiamque
2124 3938 2292 4012 Minerva

266 4032 508 4110 inimicissima
530 4043 600 4115 est,
629 4053 740 4123 eaque
767 4029 972 4123 neutiquam
997 4030 1146 4116 iniusta,
1178 4052 1253 4098 nou
1304 4031 1538 4113 commendat,
1563 4055 1653 4124 quae
1667 4034 1780 4104 virtus
1793 4060 1866 4107 uon
1882 4036 2172 4133 abretantopere
2187 4067 2292 4133 prae-

266 4143 343 4233 ipsa
358 4132 525 4215 victoria,
547 4152 637 4222 quae
652 4144 779 4200 natura
792 4130 948 4200 insoleus
963 4143 999 4201 et
1013 4133 1165 4222 superba
1179 4154 1254 4200 esse
1305 4131 1462 4214 dicatur,
1487 4154 1593 4224 quam
1619 4134 1714 4202 enim
1735 4136 1855 4209 divina
1875 4163 1915 4209 ae
1936 4142 2215 4232 praeclarissima
2231 4158 2292 4231 est,

267 4241 377 4319 solet,
408 4255 484 4303 non
507 4229 752 4320 multipliciter
778 4229 1076 4301 circumsonantes
1107 4232 1254 4302 auribus
1305 4247 1376 4303 tam
1391 4254 1487 4315 rara,
1511 4246 1545 4303 et
1568 4233 1604 4303 id
1618 4236 1713 4326 quod
1728 4237 1859 4309 dicitur
1879 4265 2000 4312 revera
2022 4237 2164 4316 heroica
2178 4245 2292 4317 virtus

267 4336 426 4412 crudeles
449 4331 695 4420 instigantium
717 4354 819 4399 voces
836 4332 1030 4422 perpellere
1050 4345 1254 4422 potuerunt,
1305 4348 1373 4418 est,
1398 4346 1521 4424 utpote
1540 4357 1629 4426 quae
1646 4337 1767 4427 paucis
1791 4352 1827 4410 et
1841 4367 1916 4413 uon
1931 4341 2001 4413 nisi
2016 4340 2184 4419 heroibus
2205 4372 2292 4419 con·

266 4465 343 4513 nou
358 4433 534 4527 speciosus
547 4431 609 4500 ille
619 4430 865 4500 conditionum
881 4444 1078 4521 praetextus
1092 4433 1254 4518 invitare,
1305 4436 1422 4526 tingit
1471 4434 1604 4525 Magna
1619 4438 1714 4508 enim
1732 4440 1852 4514 visast
1867 4444 1960 4529 irae,
1986 4445 2173 4539 imperiosa
2190 4449 2291 4542 cupi-

266 4559 309 4615 ῃι
322 4535 487 4616 saeviret,
513 4531 661 4602 retinuit
676 4554 775 4614 eum,
799 4553 873 4600 uon
887 4544 928 4603 ut
942 4526 1137 4615 Achillem,
1160 4539 1252 4626 apud
1304 4540 1396 4607 «litas
1415 4536 1610 4623 vindictae,
1634 4541 1835 4629 praesertim
1857 4546 1888 4616 si
1907 4569 1987 4616 cum
2004 4551 2158 4621 nocendi
2179 4552 2293 4621 facul.

267 4644 465 4716 Homerum
479 4635 614 4720 Pallas,
637 4636 697 4704 sed
717 4634 844 4726 pietas,
868 4634 914 4703 ad
931 4634 1007 4704 eius
1029 4651 1253 4725 conspertum
1304 4652 1374 4709 tate
1387 4637 1575 4707 coniuncta
1591 4651 1655 4712 est.
1705 4638 1780 4712 Has
1796 4643 1905 4736 igitur
1925 4661 2055 4738 pestes,
2082 4645 2169 4724 hm
2188 4676 2293 4722 mon.

266 4747 387 4818 statim
418 4742 472 4811 ira
501 4736 706 4831 conquievit
732 4736 902 4830 cessitque
929 4736 1039 4808 subiit
1069 4737 1108 4805 in
1137 4737 1253 4806 locum
1303 4755 1375 4808 stra
1395 4738 1435 4809 iu
1460 4738 1672 4831 nobisipsis
1696 4749 1888 4833 grassantia
1914 4748 2075 4838 vincere,
2105 4777 2230 4825 uonna
2253 4754 2291 4824 id

267 4848 365 4919 illius
387 4844 485 4914 mitis
506 4864 547 4912 ac
577 4838 714 4931 placida
745 4837 857 4906 animi
877 4837 1035 4924 affectio,
1066 4838 1254 4932 induitque
1303 4840 1521 4911 Herculeum
1543 4855 1595 4913 est
1616 4846 1732 4935 opus?
1770 4846 1889 4935 Quam
1910 4850 2126 4943 impotenter
2149 4854 2202 4926 ira
2228 4877 2293 4928 sua

267 4973 348 5019 eum
366 4948 483 5039 ipsum
506 4937 686 5027 habitum,
711 4963 817 5033 quem
840 4940 879 5009 in
895 4938 996 5009 victis
1018 4954 1254 5032 perspexerat:
1303 4943 1417 5014 utitur
1438 4939 1553 5035 Sylla,
1578 4945 1641 5038 qui
1665 4960 1718 5018 tot
1743 4948 1932 5021 inermium
1955 4976 1996 5022 ac
2015 4955 2218 5028 deditorum
2241 4959 2293 5028 ri·

268 5063 367 5122 tauta
381 5047 436 5116 vis
453 5059 504 5114 est
517 5044 676 5127 virtutis,
699 5054 741 5112 ut
755 5040 860 5112 etiam
876 5040 922 5109 in
932 5034 1032 5111 hoste
1054 5037 1181 5114 habeat
1197 5043 1254 5111 in·
1304 5046 1402 5116 vium
1415 5043 1529 5114 millia
1543 5047 1827 5139 crudeliter-post
1842 5053 2026 5124 victoriam
2039 5058 2188 5145 occidit,
2210 5074 2294 5129 tan·

267 5164 388 5244 mutes
401 5146 564 5218 stimulos
578 5142 825 5214 admirationis
840 5157 876 5215 ct
890 5143 1033 5215 amoris.
1075 5141 1256 5214 Praestitit
1303 5161 1380 5217 tum
1413 5148 1596 5235 sauguinis
1622 5149 1661 5217 in
1687 5149 1774 5218 urbe
1805 5150 1917 5245 ludit,
1954 5156 2051 5228 luctu
2082 5181 2124 5229 ac
2157 5174 2291 5232 terrore

267 5254 377 5346 igitur
391 5247 550 5321 animum
573 5245 677 5338 plane
691 5261 877 5335 paternum
900 5266 981 5334 erga
996 5238 1132 5326 hostes,
1156 5245 1254 5315 iudi·
1303 5236 1424 5318 omisis
1440 5250 1654 5339 complevit?
1679 5246 1714 5319 ls
1728 5272 1808 5320 curn
1825 5254 1864 5324 iu
1878 5257 1998 5327 vicino
2012 5260 2057 5328 ad
2072 5260 2194 5328 aedem
2206 5257 2294 5331 Bel·

266 5355 359 5428 cavit
379 5374 445 5444 pro
471 5358 612 5440 peccato
629 5366 757 5436 magno
778 5346 962 5438 paululum
985 5346 1152 5436 supplicii
1169 5349 1255 5418 satis
1302 5349 1407 5417 lonae
1424 5351 1561 5434 sedens,
1585 5349 1756 5420 Senatum
1774 5348 1931 5443 haberet,
1946 5375 1980 5431 et
1994 5360 2206 5431 miserabilis
2220 5363 2293 5434 cla-

264 5482 358 5545 esse,
381 5450 537 5527 ostendit
561 5449 650 5519 iram
666 5461 700 5519 et
722 5448 942 5519 severitatem
964 5447 1004 5517 iu
1018 5447 1159 5534 abdito,
1183 5449 1255 5520 cle-
1301 5472 1440 5519 morae
1462 5451 1715 5543 comploratio,
1747 5466 1802 5526 tot
1824 5458 1979 5532 millium
2000 5460 2068 5532 sub
2094 5462 2212 5553 gladio
2234 5489 2294 5555 ge-
