4732 6030
248 250 321 324 199
783 245 941 334 DECL.
976 247 1051 322 DE
1085 244 1364 324 ENCOMIO
1396 244 1739 323 Mdutcluau.
1950 315 1955 320 .
2201 252 2279 325 200

248 422 381 508 causis,
411 435 555 516 tamque
584 419 712 490 abditis
736 442 776 489 ac
800 421 993 509 latentibus
1014 421 1233 500 morborum,
1284 424 1371 494 iaus.
1424 417 1499 489 lam
1521 420 1551 488 si
1568 415 1674 504 mibi,
1698 433 1737 489 ut
1752 417 1863 489 Poiita
1878 417 2018 512 inquit,
2044 431 2188 488 centum
2206 420 2280 489 lin-

249 537 304 596 tot
326 525 538 596 valetudinis
560 522 819 591 conservandae
842 537 902 593 aut
925 523 1161 593 restituendae
1178 547 1234 593 ra·
1285 547 1372 616 guae
1385 523 1474 607 sint,
1496 546 1629 614 oraque
1643 536 1806 604 centum,
1829 546 1903 590 non
1919 544 2056 612 possem
2073 545 2280 611 percensere

251 628 428 708 tionibus,
457 626 614 692 siderum
636 622 791 708 viribus,
815 648 901 717 quas
926 625 965 693 in
988 627 1235 694 commutanda
1285 649 1408 695 omnes
1431 625 1633 693 mortalium
1656 624 1818 705 morbos,
1843 625 1882 690 in
1905 624 2036 715 quibus
2056 625 2281 712 dep‘ellendis

252 729 408 819 corporis
431 720 578 793 humaui
592 725 844 819 constitutione
858 741 1035 814 exercent,
1063 739 1114 796 tot
1129 722 1235 815 phar·
1288 726 1488 796 Medicinae
1508 725 1580 792 vim
1605 724 1765 816 quotidie
1789 736 1840 793 est
1859 724 2026 814 experiri.
2078 719 2114 793 Ο
2140 728 2281 818 quoties

252 829 358 898 mucis
383 825 617 918 inquirendis.
677 825 801 921 itaque
824 841 1018 897 statuamus
1041 851 1106 896 nos
1131 828 1235 896 etiam
1287 826 1436 914 fugienti
1460 827 1553 895 vitae
1567 851 1712 894 manum
1730 826 1840 894 vincit
1855 823 2037 906 Medicus,
2064 829 2202 917 quoties
2219 855 2281 897 ve-

251 928 467 1000 Medicinam
490 924 558 996 Dei
584 934 715 997 munus
745 952 839 1014 esse,
870 929 1015 1024 missum
1047 929 1085 997 in
1114 940 1237 1010 terras,
1288 931 1342 998 lut
1358 930 1405 995 ab
1418 952 1501 996 orco
1518 928 1727 996 morientem
1745 927 1900 996 animam
1918 923 2077 1000 retrahit,
2129 926 2282 1015 Quoties

252 1056 322 1124 quo
346 1030 586 1100 infirmitatem
609 1029 739 1099 virium
760 1043 961 1099 nostrarum
982 1029 1238 1123 aliquantisper
1288 1028 1527 1099 necessitatem
1549 1029 1613 1096 fati
1634 1042 1707 1098 arte
1729 1027 1867 1113 differt,
1893 1053 1982 1120 quae
2002 1030 2147 1120 quidem
2165 1032 2282 1120 palam

132 1120 137 1133 ⁸
252 1145 536 1204 sustentaremus.
587 1126 634 1200 Et
656 1154 844 1200 comosus
867 1131 997 1222 poscit,
1021 1133 1069 1199 ita
1086 1145 1238 1214 utamur,
1290 1144 1342 1201 est
1362 1129 1486 1199 divino
1507 1130 1676 1198 beneficio
1698 1129 1784 1198 fieri.
1837 1128 1908 1200 Sed
1932 1129 2003 1199 iam
2026 1144 2108 1198 ante
2125 1131 2281 1202 diximus

251 1248 293 1304 ut
316 1256 544 1322 agnoscamus
567 1256 641 1299 non
664 1226 822 1302 humano
838 1232 1009 1317 consilio,
1034 1232 1095 1301 sed
1113 1231 1238 1301 divino
1289 1231 1423 1303 Medici
1454 1232 1665 1302 iudustriam
1696 1231 1817 1299 divina
1842 1234 1995 1323 quadam
2019 1230 2054 1298 vi
2077 1233 2280 1321 gubernari.

253 1336 423 1405 beneficio
451 1333 630 1426 proposita
654 1355 728 1403 esse
751 1336 907 1403 remedia
930 1334 1023 1403 vitae
1044 1356 1238 1424 prorogan-
1290 1330 1401 1426 Atqui
1422 1331 1453 1400 si
1476 1355 1623 1422 usquam
1647 1333 1752 1409 fidem
1768 1327 1876 1402 habet
1894 1334 2019 1404 tritum
2036 1334 2279 1422 proverbium:

252 1440 328 1507 dae.
382 1434 471 1505 Nam
496 1450 530 1504 et
551 1459 667 1503 sacrae
690 1435 811 1506 literae
826 1437 941 1527 palam
956 1436 1100 1516 docent,
1122 1432 1239 1504 Deum
1290 1432 1484 1504 Hominem
1517 1427 1657 1502 bomini
1680 1433 1793 1503 Deum
1819 1457 1903 1503 esse.
1960 1430 2037 1502 Hac
2059 1434 2098 1502 in
2123 1448 2220 1525 parte
2242 1437 2279 1504 id

253 1554 287 1610 et
314 1537 470 1606 remedia
500 1536 743 1628 proposuisse,
772 1550 808 1606 et
839 1535 1014 1614 Medicus,
1029 1536 1241 1621 condidisse,
1291 1537 1446 1628 profecto
1464 1533 1655 1603 rectissime
1672 1550 1881 1625 usurpatur,
1907 1534 1990 1624 quia
2007 1534 2129 1604 divina
2147 1536 2181 1603 vi
2200 1535 2281 1605 Me-

253 1656 286 1710 et
300 1663 417 1728 regere
434 1639 700 1730 gubernareque
716 1635 939 1707 Medicorum
959 1637 1182 1711 industriam.
1292 1639 1392 1707 dicus
1414 1636 1546 1724 aegroti
1562 1638 1710 1705 salutem
1726 1649 1855 1705 tuetur·
1904 1634 2028 1729 Neque
2045 1663 2127 1707 vero
2141 1651 2280 1706 tautum

354 1767 418 1839 Es,
432 1764 516 1838 haec
531 1771 587 1837 „1
602 1770 640 1837 ᾗ]
658 1769 782 1861 premis
796 1791 922 1858 magn,
934 1767 1135 1839 Medicina,
1153 1769 1240 1848 lau„
1293 1739 1330 1806 iu
1361 1738 1528 1807 tollendis
1559 1762 1747 1826 corporum
1779 1737 1882 1806 rrialis
1911 1738 1984 1805 vim
2003 1760 2101 1808 suam
2125 1737 2280 1808 declarat

253 1871 426 1941 divinitu,
442 1883 614 1961 repertam
633 1894 725 1954 ωε,
751 1895 856 1963 qum„
873 1869 1034 1953 laudem,
1057 1892 1137 1937 cm„
1156 1866 1241 1938 huic
1292 1839 1493 1922 Medicina,
1521 1841 1581 1908 sed
1593 1839 1732 1908 artimos
1746 1838 1850 1907 etiam
1864 1839 2074 1928 contagione
2089 1862 2280 1928 corporum

253 1974 317 2042 uni
347 1972 413 2041 arti
437 1971 598 2042 tribuant
621 1995 739 2040 sacrae
761 1971 903 2049 literae,
938 1994 1012 2039 non
1037 1971 1241 2040 dubitemus
1292 1941 1433 2010 Vinium
1454 1955 1565 2013 531131·
1617 1940 1784 2032 D⁰¹¹3q¹¹²
1806 1940 2010 2009 univesffl'n
2030 1941 2279 2009 Vi¹³⁸⁶¹¹s⁸¹¹¹¹¹

252 2099 328 2144 eam
347 2074 467 2165 longe,
494 2097 573 2143 cerm
588 2073 788 2165 dignitate,
807 2085 882 2144 tum
896 2071 1049 2143 utilitate
1064 2085 1240 2162 praestare
1291 2042 1650 2160 facilioremreddit,
1682 2044 1768 2112 dum
1792 2042 1903 2111 111111
1926 2042 2069 2161 1111111101
2093 2044 2213 2125 dmi,
2245 2054 2281 2111 et

253 2175 522 2248 οωῃῑὺῃηιῑῑς,
1292 2169 1321 2213 si
1346 2169 1406 2236 qur
1430 2144 1639 2228 acciderent,
1674 2157 1823 2231 nirtrgat.
1877 2141 2034 2212 Proinde
2054 2138 2281 2212 vehementer

365 2306 378 2329 ,
422 2306 490 2376 l..
735 2303 745 2320 .
1126 2303 1151 2372 l.
1293 2245 1422 2334 ingrati
1439 2258 1538 2322 sunt,
1562 2245 1624 2336 qui
1638 2243 1855 2313 Medicinam
1870 2246 1962 2313 vitae
1978 2245 2140 2313 tutricem
2155 2270 2194 2313 ac
2207 2268 2280 2312 ser-

355 2316 418 2380 Stu
437 2321 549 2378 uuam
567 2327 639 2374 esse
655 2318 826 2374 sentimus
843 2317 1069 2374 contemnere
1087 2328 1123 2373 re
1141 2327 1241 2397 equas
1293 2345 1457 2415 varicem
1473 2369 1546 2414 non
1560 2346 1775 2436 suspiciunt,
1801 2371 1873 2413 non
1888 2346 2121 2421 admiramur·
2172 2344 2280 2435 Quod

254 2425 363 2488 artes,
389 2432 475 2503 quas
499 2403 695 2477 humanum
717 2407 899 2495 ingenium
922 2407 1140 2494 excogitavit.
1192 2407 1240 2475 At
1291 2448 1321 2515 si
1339 2447 1545 2537 paremgbus
1562 2448 1730 2516 debemus
1748 2448 1913 2534 gramm,
1936 2449 2031 2538 quod
2048 2448 2156 2516 ,qam
2172 2445 2280 2516 semel

251 2510 470 2581 Medicinam
490 2508 691 2597 aspernari,
717 2530 792 2575 non
807 2507 978 2592 stultitia,
1003 2509 1064 2576 sed
1080 2507 1240 2598 impietas
1292 2549 1454 2618 dederim
1486 2546 1897 2618 curmitemMedicis
1929 2549 2280 2641 quisaepeamissam

253 2626 314 2682 est.
366 2609 635 2682 Namcoelestia
654 2609 749 2678 dona
768 2622 1011 2688 contemnere,
1037 2622 1095 2677 aut
1115 2631 1239 2698 parurn
1457 2603 1468 2633 '
1899 2603 1909 2631 '

252 2714 415 2802 religiose
435 2712 568 2797 colere,
593 2709 847 2782 consceleratae

252 2816 433 2906 crilegium
451 2825 514 2883 est.

971 2711 979 2727 ,
1293 2675 1401 2741 prope
1425 2651 1533 2718 vitam
1555 2649 1736 2721 reddunt?
1786 2648 1856 2720 Sed
1878 2651 1971 2718 dicet
1987 2648 2133 2740 aliquis:
2166 2646 2280 2737 Saepe

870 2724 1000 2779 meum
1019 2710 1120 2782 sums
1135 2724 1169 2780 ‘i
1185 2733 1239 2779 ’θ’
1292 2754 1421 2822 frustra
1448 2752 1578 2821 tentari
1607 2751 1779 2836 remedia,
1811 2763 1845 2819 et
1870 2748 2085 2820 Medicinam
2112 2773 2214 2839 saepe
2239 2750 2277 2815 in

1292 2855 1451 2923 curando
1469 2877 1591 2941 parum
1607 2854 1766 2923 foelicem
1781 2868 1864 2922 esse.
1972 2886 1977 2898 ·

354 2950 467 3034 Nunc,
484 2946 514 3018 si
524 2948 610 3018 libet
621 2944 1133 3029 utilitatemetiriMedicinam,
1150 2967 1240 3037 quae
1396 2953 1530 3024 verum
1562 2970 1612 3024 est
1643 2955 1732 3044 graii
1760 2950 1916 3023 homini,
1938 2972 2123 3040 agnoscere
2144 2951 2279 3019 benefi.

252 3066 347 3122 1111111
363 3067 424 3136 est,
449 3053 638 3143 (1111111111
649 3074 739 3141 pm,
758 3044 967 3143 (1111111111
983 3072 1049 3140 ⁰90
1059 3071 1132 3116 11011
1144 3045 1239 3115 indi·
1292 3057 1385 3126 cium
1403 3056 1540 3148 quoties
1556 3080 1613 3124 ars
1627 3056 1775 3137 iuverit,
1800 3053 1956 3145 improbi
1971 3064 2023 3121 est
2036 3067 2187 3123 erratum
2204 3076 2281 3119 me-

253 3153 355 3242 sseal?
388 3151 496 3240 Qu⁰d
510 3153 606 3221 1111111
621 3153 660 3220 111
675 3151 804 3222 1111111111
820 3164 881 3232 ⁸⁸12
902 3152 1036 3243 primm
1051 3146 1237 3218 immistum
1293 3159 1455 3239 minisse,
1480 3181 1554 3227 non
1576 3158 1778 3225 meminisse
1802 3157 1999 3224 benefacta:
2026 3177 2115 3245 quae
2132 3153 2162 3222 si
2178 3153 2279 3222 colli-

177 3254 183 3268 ⁸
253 3253 381 3343 glande
403 3252 597 3335 viciiiasse,
624 3266 741 3343 postea
760 3267 972 3322 monsirttias
994 3274 1068 3319 esse
1082 3253 1238 3339 frugessa
1292 3284 1350 3349 gas
1376 3274 1411 3330 et
1436 3258 1627 3349 expendas,
1667 3256 1798 3324 multos
1830 3253 2111 3324 incolumitatem
2142 3254 2281 3323 videbis

254 3354 372 3426 nescio
388 3352 530 3447 quibus,
549 3352 586 3421 id
598 3376 639 3421 eo
651 3352 826 3442 pertinere
837 3347 924 3420 mibi
938 3352 1087 3434 videtur,
1108 3367 1237 3421 certam
1292 3360 1441 3432 Medici,
1463 3361 1603 3430 debere,
1654 3357 1707 3428 lta
1727 3369 1811 3424 sune
1834 3354 2016 3439 mortalia,
2041 3366 2083 3425 ut
2105 3377 2206 3446 saepe
2227 3355 2281 3424 vi,

255 3458 432 3551 quandam
455 3455 569 3525 victus
591 3455 764 3524 rationem
791 3453 970 3523 inventam
994 3476 1086 3531 esse,
1110 3475 1238 3541 magno
1290 3461 1407 3531 morbi
1438 3473 1578 3551 superet
1601 3457 1831 3529 Medicinam,
1881 3453 1947 3526 Est
1977 3468 2012 3524 et
2039 3481 2121 3526 eum
2144 3455 2280 3550 Medici

253 3561 349 3630 b⁰¹¹⁰
375 3556 535 3646 pubfiffl,
562 3557 707 3624 1111111111
733 3555 768 3624 111
792 3544 948 3644 1111111111,
971 3555 1159 3622 11ῖ1111111111
1176 3577 1239 3622 ¹¹2·
1269 3565 1484 3648 ⁴falluntur,
1514 3565 1574 3630 sed
1601 3562 1714 3630 multo
1745 3562 1883 3648 saepius
1912 3556 2167 3647 aegrotantium
2190 3557 2279 3625 vitio

202 3687 210 3717 ι
255 3662 400 3730 scissent
423 3655 583 3726 homines
607 3658 793 3726 noxiorum
816 3657 853 3724 in
871 3656 966 3727 victu
983 3670 1017 3725 et
1033 3656 1238 3729 salubrium.
1291 3665 1437 3744 accidit,
1462 3659 2100 3755 curparfflnsuecedaeinmedendo,
2172 3738 2177 3751 Ι

253 3761 410 3831 Proinde
440 3753 505 3828 hac
528 3760 566 3828 in
586 3773 684 3848 parte
703 3757 871 3827 latissime
896 3771 1013 3849 patent
1038 3756 1239 3825 Medicinae
1391 3765 1475 3836 Fuit
1497 3769 1591 3855 apud
1614 3760 1832 3852 Antigonum
1857 3760 1990 3850 Regem
2014 3784 2087 3828 non
2109 3756 2282 3847 ignobilis

253 3862 439 3943 beneficia,
464 3861 846 3952 praescribeniissttam
861 3861 988 3952 tuique
1003 3858 1114 3928 vicius
1130 3859 1238 3928 ralio-
1293 3866 1454 3938 Medicus
1475 3864 1640 3958 Epirotes
1661 3861 1866 3955 Philippus,
1892 3863 1921 3932 is
1945 3873 2143 3951 susceperat
2165 3884 2282 3951 queu-

253 3989 346 4033 nem.
398 3962 488 4033 Nam
511 3964 541 4033 si
564 3963 667 4032 tollas
688 3962 841 4032 eculina
859 3963 972 4033 victns
988 3962 1161 4030 rationem
1176 3985 1237 4031 seu
1291 3972 1371 4039 dam
1387 3968 1495 4060 Regis
1517 3968 1670 4037 amicum
1694 3963 1890 4061 hydropico
1912 3965 2037 4033 morbo
2055 3962 2283 4052 implicitum,

253 4067 477 4146 diaeteticen,
500 4065 586 4155 quid
609 4065 706 4134 aliud
730 4064 888 4134 critiam
911 4064 1049 4148 culina,
1075 4063 1144 4133 nisi
1162 4088 1238 4133 car·
1291 4076 1506 4154 curandum,
1539 4082 1574 4140 et
1603 4094 1684 4140 cum
1705 4068 1961 4158 pollicitaretur
1986 4065 2282 4155 confirmaretque

253 4170 395 4237 1111111113
424 4164 619 4256 quaedam?
677 4164 865 4252 Autquid
897 4166 1093 4249 1111151111,
1131 4190 1236 4255 (11111111
1290 4172 1385 4243 baud
1404 4173 1513 4243 dubie
1529 4172 1632 4241 illum
1648 4193 1684 4238 se
1701 4182 1905 4238 sanaturum
1921 4189 2014 4251 esse,
2039 4165 2179 4254 negavit
2196 4187 2281 4234 eum

199 4352 203 4358 g
253 4292 325 4336 sese
349 4269 526 4355 iugulare,
551 4265 687 4334 unllam
708 4278 828 4334 tenere
850 4263 962 4333 victus
983 4267 1239 4334 certamratio-
1291 4299 1392 4367 posse
1408 4273 1524 4344 sanari
1541 4273 1631 4341 alter
1645 4269 1791 4362 quidam
1807 4268 1989 4347 Medicus,
2014 4262 2206 4360 Chrysippi
2223 4265 2281 4335 di.

253 4370 358 4438 ”⁰¹⁰3
783 4363 786 4367 ⁵
1290 4376 1463 4469 scipulus,
1486 4374 1546 4468 qui
1562 4370 1695 4460 aegroti
1710 4369 2017 4460 intemperantiam
2033 4382 2147 4442 norat.
2197 4365 2280 4455 Qua

301 4536 314 4556 .
354 4487 423 4558 Sed
448 4498 498 4555 est
514 4483 717 4555 Medicinae
737 4480 957 4551 manifestior
979 4506 1061 4552 usus
1079 4482 1116 4550 in
1137 4484 1239 4553 resti·
1291 4483 1335 4549 de
1364 4502 1402 4546 re
1431 4502 1511 4547 cum
1541 4474 1693 4543 invicem
1727 4471 1998 4553 altercarentur,
2031 4484 2065 4541 et
2087 4466 2280 4560 Philippus

252 4591 403 4674 tuenda,
426 4612 531 4681 quam
555 4592 793 4657 conservanda
813 4585 1026 4656 valetudine.
1079 4582 1133 4654 lbi
1150 4582 1236 4654 milri
1290 4581 1518 4651 contenderet
1535 4598 1608 4644 esse
1625 4572 1692 4643 sibi
1709 4574 1923 4663 exploratam
1941 4571 2179 4642 remediorum
2194 4570 2281 4655 vim,

251 4695 420 4783 expendat
437 4690 583 4784 aliquis,
609 4690 742 4759 abillis
760 4688 851 4758 vitae
866 4687 1001 4771 initiis,
1025 4711 1131 4779 quam
1148 4687 1237 4754 varii
1290 4679 1474 4771 respondit
1498 4678 1601 4759 alter,
1627 4670 1834 4765 Philippum
1855 4680 1898 4744 ad
1915 4675 2078 4742 morbum
2096 4672 2281 4764 respicere,

250 4796 368 4864 morbi
389 4818 454 4863 nos
472 4793 639 4862 infestent
656 4792 817 4860 nondum
834 4790 939 4860 etiam
956 4801 1077 4871 natos,
1103 4803 1142 4858 nt
1157 4787 1238 4880 qui·
1290 4809 1325 4853 se
1350 4804 1432 4849 vero
1456 4780 1499 4848 ad
1525 4776 1683 4846 animum
1705 4776 1849 4866 aegroti.
1897 4773 2020 4867 Neque
2037 4777 2138 4846 illum
2154 4797 2210 4843 res
2226 4774 2281 4842 le·

249 4898 330 4965 dam
346 4922 419 4966 non
435 4895 565 4965 iniuria
580 4882 778 4964 dubitarint
795 4885 972 4982 parentem
988 4916 1032 4958 ne
1048 4915 1094 4959 an
1109 4913 1237 4960 nover-
1288 4884 1400 4964 lellit,
1431 4905 1513 4949 nam
1544 4903 1625 4949 cerm
1650 4893 1811 4968 aegrotus
1834 4899 1970 4944 summa
1993 4877 2177 4967 diligentia
2202 4898 2280 4945 non

249 5022 325 5067 cam
339 4999 456 5091 potius
470 4991 617 5065 buniani
631 4996 768 5085 generis
782 5008 946 5064 naturam
958 5015 1031 5061 esse
1043 5005 1236 5065 censerent.
1289 4982 1423 5056 Medici
1447 4983 1714 5061 tantummodo,
1741 4981 1802 5050 sed
1826 4977 1929 5048 etiam
1950 4975 2059 5067 Regis
2082 4977 2280 5048 custodire·

146 5184 150 5191 Ι
250 5098 367 5189 Quam
381 5098 485 5170 multi
500 5112 748 5169 casusuterum
759 5095 884 5167 ferenti
897 5094 1113 5184 impendent,
1133 5116 1236 5183 saepe
1287 5102 1366 5173 tur,
1396 5098 1514 5155 tamen
1547 5084 1757 5173 malagmata
1781 5106 1842 5149 sua
1867 5081 2074 5149 devorando
2100 5081 2277 5150 bibendo-

249 5205 394 5274 exitium
416 5200 577 5279 allaturi,
609 5213 685 5269 tum
709 5202 869 5269 nondum
893 5195 978 5266 naio
1001 5196 1128 5280 foetui,
1156 5209 1235 5266 tum
1287 5215 1356 5283 que
1383 5209 1482 5256 suam
1512 5185 1672 5265 urinam,
1706 5182 1747 5253 in
1778 5183 1924 5253 exitium
1955 5206 1991 5250 se
2021 5182 2292 5274 praecipitavit„

247 5307 314 5398 ipsi
334 5303 458 5383 matri,
483 5301 524 5368 ni
539 5298 701 5371 Medicus
721 5324 823 5390 opem
840 5302 939 5371 ferat.
988 5296 1106 5387 Quam
1121 5298 1233 5368 multa
1286 5290 1338 5364 lta
1365 5313 1439 5357 nou
1464 5286 1597 5357 Medici
1621 5283 1759 5357 inscitia
1783 5298 1843 5355 aut
1866 5283 2097 5373 negligentia,
2130 5285 2189 5356 sed
2212 5307 2279 5354 sua
2321 5358 2326 5365 ,

247 5410 347 5481 lactis
363 5406 449 5479 vitia
466 5402 630 5475 emendat
645 5399 844 5488 Medicina,
867 5427 913 5472 ne
928 5402 1019 5471 same
1033 5412 1155 5495 pereat
1172 5399 1232 5469 iu·
1284 5395 1360 5488 ipse
1374 5389 1662 5481 intemperantia,
1686 5400 1848 5480 aegrotus
1863 5386 2037 5456 extinctus
2053 5399 2116 5456 est.
