4732 6030
109 286 188 368 ³68
633 284 794 364 DECL
846 285 921 365 DE
953 280 1209 365 lRNERIO
1241 281 1318 358 ΕΤ
1350 281 1645 363 BARTOLO.
2082 295 2159 374 354

113 479 271 561 peterat,
304 463 339 532 id
368 464 530 533 conferre
549 465 594 531 ad
614 462 817 533 ornandum
840 462 929 532 iuris
948 462 1110 532 studium
1161 453 1325 528 homines
1341 456 1461 528 vivere
1475 457 1607 548 cepisse
1621 462 1854 549 commodius,
1881 490 1961 536 cunt
1978 481 2080 540 antea
2095 495 2157 564 pe-

115 568 240 640 voluit.
292 562 507 639 Meminerat
532 563 713 657 principes
732 562 918 635 Romanae
944 564 1109 649 civitatis,
1159 562 1291 631 sudum
1307 581 1406 630 more
1421 560 1613 652 glandibus
1628 579 1864 641 vescerentur.

113 668 317 753 scevolam,
348 664 538 752 Crassum,
571 665 767 758 Sulpitium
791 681 825 738 et
851 668 940 736 alios
963 667 1108 751 multos,
1261 659 1395 751 Magna
1417 663 1575 755 prolecto
1599 676 1633 735 et
1658 662 1781 734 divina
1797 690 1853 736 res
1879 682 1931 739 est
1950 671 2156 746 constitutio

113 772 176 868 qui
196 795 278 842 cum
299 783 413 840 essent
435 768 658 853 consulares,
684 792 765 838 cum
781 769 981 860 provincias
996 769 1108 839 reris·
1158 763 1342 837 civitatum
1357 776 1393 836 et
1407 764 1524 855 legum
1540 766 1691 836 mutatio
1705 766 1746 835 in
1761 769 1900 845 melius.
1925 767 2050 865 anue
2066 801 2155 869 quac

113 886 208 959 sent,
233 896 315 943 cum
333 872 426 943 bella
442 894 568 961 magna
585 870 788 962 gessissent,
813 883 934 942 tamen
957 894 1058 941 senos
1073 885 1107 943 ct
1158 879 1295 937 constat
1307 880 1400 939 recte
1411 880 1445 939 et
1457 867 1632 940 foeliciter
1644 869 1833 942 constituta
1848 896 1923 942 esse
1935 897 2009 942 non
2025 889 2155 949 temere

113 975 273 1048 docuisse
288 974 344 1044 ius
362 977 454 1045 etde
475 972 799 1065 iurerespondisse.
845 970 975 1046 Fertur
989 986 1107 1043 autem
1158 968 1403 1040 labefactanda
1420 983 1519 1057 sunt,
1543 994 1590 1041 ne
1606 982 1641 1042 et
1659 971 1796 1042 donum
1813 969 1882 1043 Dei
1903 978 2085 1066 aspernari
2103 980 2154 1050 sic

113 1075 272 1150 lrnerius
297 1089 332 1146 ct
347 1074 485 1149 Romae
507 1089 541 1145 et
560 1073 748 1145 Bononiae
769 1075 944 1160 docuisse,
971 1088 1006 1145 et
1031 1075 1105 1167 pri·
1157 1070 1360 1156 videamur,
1385 1085 1421 1142 et
1445 1072 1551 1144 motis
1566 1073 1671 1144 rebus
1694 1074 1849 1166 publicis
1864 1077 1941 1147 sine
1959 1081 2152 1153 necessaria

98 1197 193 1250 ¹mus
207 1205 249 1251 ex
268 1177 364 1249 ltalis
385 1180 515 1269 glossas
529 1168 681 1249 textibus
695 1176 888 1247 addidisse.
928 1175 1024 1247 Haec
1040 1201 1105 1247 au·
1157 1195 1260 1242 causa
1292 1186 1486 1266 sequantur
1506 1174 1642 1244 maiora
1668 1173 1903 1254 incommoda.
1957 1177 2076 1252 Facile
2100 1198 2153 1255 est

111 1281 221 1375 spicia
241 1282 388 1351 fuerunt
411 1282 635 1350 renovandae
659 1275 766 1349 huius
788 1280 970 1350 doctrinae
990 1280 1105 1350 fausta
1156 1287 1273 1344 autem
1296 1287 1337 1346 ut
1357 1272 1535 1347 Pindarus
1562 1273 1681 1371 inquit
1701 1277 1815 1348 cuivis
1836 1294 1973 1352 mutare
1997 1283 2150 1357 civitatis

110 1397 147 1454 et
162 1383 253 1453 laeta
265 1381 369 1475 Reip.
402 1381 476 1452 lam
492 1382 643 1473 cogitate
659 1381 784 1475 quanti
798 1381 844 1451 sit
857 1381 995 1473 negocii
1012 1383 1105 1472 leges
1155 1389 1304 1463 statum,
1328 1377 1388 1446 sed
1412 1401 1553 1448 rursum
1573 1379 1696 1449 sedare
1718 1391 1752 1449 et
1772 1380 1811 1456 in
1836 1385 2071 1477 tranquillum
2089 1412 2150 1459 re-

111 1485 293 1557 restituere
326 1498 459 1556 mutata
500 1484 613 1555 reteri
645 1482 750 1575 Reip.
785 1484 918 1570 lorma,
958 1506 1104 1576 prorsus
1155 1478 1301 1550 stituere
1321 1479 1432 1550 solius
1445 1477 1524 1551 Dei.
1575 1477 1668 1552 Cum
1690 1480 1799 1572 igitur
1821 1497 1968 1556 eventus
1985 1492 2148 1562 ostendat

110 1587 291 1681 antiquata
317 1587 386 1656 sori
414 1586 689 1670 consuetudine,
732 1585 858 1656 amissa
889 1586 1104 1679 proprietate
1155 1581 1194 1650 in
1210 1581 1285 1672 ipsa
1301 1580 1517 1653 iudiciorum
1532 1583 1781 1654 emendatione
1799 1583 1854 1666 ius
1868 1583 2074 1660 Romanurn
2089 1594 2146 1662 di-

110 1689 263 1778 linguae.
316 1686 379 1781 Ex,
393 1689 501 1760 tantis
519 1688 789 1760 difficultatibus
813 1712 895 1761 cum
918 1688 1026 1781 primi
1047 1688 1102 1757 illi
1155 1684 1289 1754 vinitus
1304 1683 1507 1755 institutum
1522 1707 1609 1771 esse,
1629 1708 1870 1776 agnoscamus,
1892 1702 1928 1759 et
1941 1691 2031 1779 grati
2047 1704 2146 1765 tuea-

109 1804 363 1862 restauratores
379 1791 553 1861 foeliciter
567 1791 709 1862 eluctati
724 1790 807 1874 sint,
823 1803 857 1861 et
871 1790 972 1883 quasi
987 1813 1102 1883 quan-
1153 1808 1236 1854 mur
1250 1782 1320 1854 Dei
1333 1786 1554 1857 beneficium.

108 1895 190 1962 dam
213 1894 404 1983 imaginem
428 1893 556 1962 veteris
571 1890 677 1981 Reip.
697 1892 935 1975 restituerint,
960 1912 1102 1959 necesse
1255 1883 1326 1956 Sed
1346 1888 1453 1956 redeo
1474 1889 1518 1958 ad
1533 1887 1738 1981 scriptores:
1771 1887 1939 1962 Bartolus
1952 1894 2040 1965 vixit
2055 1910 2145 1967 tem-

107 2009 159 2065 est
174 2018 232 2064 eos
246 2019 321 2063 non
334 1992 450 2063 solum
466 1993 619 2082 ingeniis
634 2007 668 2063 et
683 1989 871 2082 prudentia
887 1992 1100 2073 excelluisse,
1153 2010 1239 2079 pore
1259 1984 1349 2078 Imp.
1368 1984 1489 2058 Caroli
1510 1987 1658 2078 Quarti,
1695 2005 1731 2063 ct
1752 2016 1957 2085 quanquam
1978 2020 2143 2089 magnam

107 2118 214 2189 quem
240 2118 360 2164 rerum
382 2116 466 2163 usus
491 2106 649 2178 acuerat,
673 2096 734 2163 sed
756 2093 862 2162 etiarn
878 2093 1099 2183 diligentiam
1151 2088 1293 2159 laudem
1310 2089 1458 2183 adeptus
1472 2105 1535 2177 cst,
1559 2105 1744 2186 propterea
1761 2095 1857 2188 quod
1874 2096 1978 2186 plura
1995 2101 2145 2192 scripse-

104 2197 308 2266 mirahilem
332 2219 372 2267 ac
394 2195 551 2265 studium
575 2191 778 2265 adhibuisse
806 2193 845 2263 in
876 2193 1101 2265 conserendis
1151 2189 1200 2261 rit
1215 2213 1322 2285 qnam
1338 2192 1528 2286 quisquam
1544 2208 1627 2270 ante
1643 2195 1776 2288 ipsum:
1803 2199 1981 2269 tamenin
2005 2224 2144 2274 summa

105 2298 264 2389 legibus,
297 2310 333 2368 ct
352 2297 620 2368 considerandis
647 2297 808 2368 lontibus
833 2320 874 2365 ac
900 2297 1099 2368 rationibus
1150 2292 1386 2364 admiratione
1418 2307 1470 2366 est
1496 2311 1641 2390 propter
1670 2297 1806 2388 ingenii
1835 2300 2079 2375 dexteritatem
2109 2318 2144 2378 et

105 2400 426 2471 eruditissimarum
452 2398 760 2472 constitutionum.
812 2391 957 2490 Opinor
981 2414 1099 2470 tamen
1150 2417 1306 2465 amorem
1325 2394 1495 2473 veritatis.
1547 2397 1881 2492 lngeniiloelicitas
1904 2428 2010 2475 exeo
2036 2407 2174 2480 aesti·‘

107 2500 329 2573 Graecorum
352 2502 616 2571 commentariis
647 2501 789 2571 adiutos
812 2523 903 2587 esse,
945 2524 1098 2595 quorum
1149 2496 1242 2566 mari
1262 2511 1395 2589 potest,
1420 2500 1515 2593 quod
1540 2498 1711 2570 iuvenilia
1733 2502 1851 2572 studia
1874 2503 2057 2577 celerrime
2077 2510 2142 2578 ab·

105 2591 218 2697 aliqui
233 2598 349 2674 adhuc
364 2604 403 2673 in
416 2600 519 2673 Italia
537 2599 725 2677 habentur.
765 2600 813 2675 Ut
829 2616 946 2674 autem
961 2602 1098 2675 Romae
1149 2598 1277 2683 solvit,
1311 2612 1346 2669 ct
1371 2596 1489 2672 adhuc
1517 2601 1723 2672 adolescens
1751 2603 1954 2675 celebritate
1982 2609 2141 2680 nominis

104 2704 323 2798 Papinianus
340 2705 520 2781 auditores
543 2705 718 2799 plurimos
739 2728 876 2776 summa
898 2706 1099 2777 eruditione
1147 2702 1222 2770 sere
1242 2713 1351 2772 totam
1367 2701 1505 2773 Italiam
1529 2704 1732 2796 complevit.
1760 2703 1824 2774 rln
1838 2703 1881 2780 L.
1897 2707 2043 2801 quidam
2059 2735 2141 2782 cum
2246 2727 2248 2731 ’

104 2821 141 2880 ct
154 2810 303 2879 summis
317 2807 470 2899 ingeniis
486 2808 663 2898 praeditos
678 2821 757 2898 post
767 2829 804 2875 se
818 2808 964 2899 reliquit
972 2806 1098 2899 Ulpia·
1148 2802 1263 2871 filium
1286 2804 1331 2872 de
1354 2804 1453 2873 verb.
1472 2806 1580 2896 oblig.
1631 2804 1765 2905 Narrat
1786 2805 1953 2880 Bartolus
1975 2810 2051 2902 ipse
2065 2814 2141 2905 pri.

107 2934 207 2996 num,
232 2909 383 2981 Paulum
401 2924 437 2978 et
450 2908 540 2977 alios
555 2909 701 2976 multos:
728 2908 776 2976 ita
792 2907 969 2976 lrnerium
987 2910 1099 2980 secuti
1148 2928 1248 2975 mum
1268 2904 1485 2976 curriculum
1509 2930 1657 2978 suorum
1680 2908 1902 2996 studiorum,
1930 2907 1986 2983 his
2012 2916 2142 3003 verbis,

104 3026 189 3083 sunt
213 3011 326 3103 ipsius
347 3010 527 3078 auditores
547 3004 743 3095 Bulgarus,
769 3001 846 3076 Azo
868 3019 902 3077 et
925 3006 1008 3088 alii,
1035 3009 1098 3103 qni
1147 3030 1240 3101 qnae
1261 3006 1416 3076 recitabo
1437 3021 1478 3078 ut
1504 3002 1591 3078 haec
1615 3011 1905 3083 commemoratio
1926 3013 2037 3106 magis
2061 3042 2142 3089 mo·

104 3115 239 3206 pariter
263 3123 299 3179 et
327 3108 367 3176 in
390 3107 699 3179 administratione
721 3106 827 3200 Reip.
853 3122 886 3179 et
910 3107 949 3177 in
976 3104 1096 3182 schola
1147 3118 1229 3178 veat
1248 3108 1403 3195 animos3
1439 3122 1490 3180 est
1511 3108 1616 3180 etiam
1639 3109 1750 3203 ipsius
1770 3112 1886 3184 oratio
1908 3117 2009 3208 quasi
2031 3143 2141 3212 quae-

102 3217 315 3284 florucrunt.
364 3207 523 3281 Excitata
542 3210 651 3299 igitur
666 3208 767 3280 ltalia
791 3204 898 3281 huius
915 3211 1097 3283 doctrinae
1147 3209 1231 3279 dam
1255 3209 1393 3301 pictura
1416 3204 1666 3283 humanissimi
1686 3225 1721 3284 et
1740 3215 1994 3287 modestissimi
2015 3222 2140 3296 animi.

104 3313 361 3397 admiratione,
397 3333 528 3399 magno
561 3311 680 3381 studio
712 3311 751 3379 in
784 3334 862 3382 eam
892 3312 1096 3385 incumbere
1147 3308 1413 3383 Cumanimea
1434 3312 1622 3384 lordicat:
1659 3311 1700 3387 si
1718 3314 1800 3410 quis
1813 3318 1997 3409 promittat
2012 3344 2049 3392 se
2071 3325 2141 3395 ali-

102 3416 212 3508 cepit.
247 3412 368 3503 Quare
381 3412 486 3482 multi
502 3412 707 3496 extiterunt,
733 3413 797 3508 qui
812 3414 986 3500 docendo,
1007 3417 1097 3486 scri·
1146 3436 1253 3506 quem
1268 3426 1498 3485 tractaturum
1513 3414 1702 3497 attilium,
1728 3442 1804 3489 non
1821 3442 1894 3490 esse
1912 3435 2140 3512 praetereun-

104 3520 244 3601 bendo,
265 3514 536 3607 respondendo,
562 3514 725 3606 regendis
752 3514 931 3605 imperiis,
959 3517 1095 3609 optime
1146 3517 1234 3585 dum
1256 3513 1296 3584 in
1313 3512 1537 3588 testamento.
1581 3514 1625 3586 ln
1642 3512 1708 3586 hac
1729 3518 1806 3611 lege
1827 3544 1907 3590 cum
1923 3524 1969 3595 sit
1985 3546 2140 3603 casusut

104 3620 149 3689 de
165 3617 237 3689 vita
253 3612 443 3691 hominum
455 3615 573 3687 meriti
591 3628 685 3690 sunt.
736 3613 811 3686 Nec
835 3616 957 3704 negari
980 3631 1097 3710 potest
1145 3617 1220 3707 ipse
1238 3616 1307 3702 ait,
1332 3619 1394 3711 qui
1419 3641 1596 3712 nusquam
1620 3617 1707 3688 alibi
1729 3635 1825 3693 extat
1845 3622 1885 3696 in
1907 3624 2002 3712 iure,
2028 3631 2141 3702 multa

103 3717 211 3792 huius
239 3719 421 3791 doctrinae
456 3718 657 3809 cognitione
684 3715 840 3804 ltaliam,
870 3716 1028 3789 Galliam
1059 3733 1096 3793 et
1146 3719 1331 3809 disputans
1342 3716 1521 3805 Bartolus,
1541 3730 1664 3790 narrat
1677 3736 1938 3814 praeceptorem
1954 3751 2058 3798 sunm
2072 3732 2140 3801 ali-

104 3821 354 3907 Germauiam,
378 3821 487 3891 lactas
507 3843 581 3890 esse
598 3819 782 3905 cultiores,
805 3835 911 3913 atquc
925 3821 1095 3894 mitiores.
1146 3841 1236 3913 quos
1250 3819 1469 3911 exposititios
1485 3844 1615 3911 pueros
1627 3815 1694 3891 hac
1707 3824 1936 3914 stipulatione
1947 3827 2028 3899 aliis
2042 3856 2141 3903 com-

102 3923 294 4020 Postquam
316 3922 414 3993 enim
438 3923 477 3991 in
504 3922 646 3994 iudiciis
668 3922 773 3992 multi
801 3922 980 3993 barbarici
1005 3924 1095 3995 ritus
1145 3921 1341 4006 mendasse,
1360 3945 1400 3991 ac
1415 3920 1538 3991 adiicit
1551 3920 1770 3991 mentionem
1784 3923 2020 4015 gratissimam
2037 3957 2140 4025 prae.

103 4027 255 4100 correcti
276 4039 380 4117 sunt,
412 4037 447 4095 et
468 4024 625 4095 actiones
651 4047 693 4094 ac
715 4023 910 4095 sententiae
935 4025 1096 4118 require-
1146 4020 1297 4112 ceptoris
1314 4034 1349 4092 et
1369 4019 1503 4113 primae
1525 4020 1648 4093 aetatis
1663 4044 1763 4110 suae;
1791 4025 1841 4095 sic
1856 4027 1952 4097 enim
1968 4033 2034 4104 ait:
2059 4032 2137 4128 Ego

102 4133 192 4200 bant
206 4129 385 4222 quandam
400 4127 657 4207 eruditionem,
683 4148 801 4196 mores
818 4125 923 4196 etiam
938 4126 1033 4197 flecti
1048 4128 1094 4197 ad
1146 4122 1352 4212 magistrum
1369 4118 1492 4209 habui,
1517 4121 1581 4218 qni
1596 4125 1789 4197 vocabatur
1801 4128 1910 4199 frater
1923 4131 1968 4203 de
1980 4130 2137 4226 Ascisio;

99 4227 361 4303 humanitatem
382 4229 494 4320 magis
516 4242 704 4323 ceperunt,
729 4241 763 4299 ct
781 4242 1001 4302 accesserunt
1015 4229 1096 4303 lite-
1145 4249 1244 4296 nunc
1264 4249 1350 4295 vero
1370 4236 1517 4297 vocatur
1536 4223 1662 4324 Frater
1677 4224 1805 4300 Petrus
1826 4231 1984 4324 pietatis,
2009 4237 2059 4308 sic
2081 4242 2138 4311 di-

98 4357 162 4405 rae
182 4333 411 4418 eruditiores,
435 4345 470 4403 et
484 4333 657 4426 quaedam
673 4325 905 4422 Philosophia
926 4354 967 4401 ac
980 4332 1097 4403 maior
1132 4339 1242 4413 ctus,
1273 4327 1358 4422 quia
1381 4327 1499 4399 locum
1528 4327 1580 4399 ihi
1601 4328 1729 4410 erexit,
1761 4331 1823 4425 qui
1848 4334 1976 4410 domus
2000 4339 2140 4432 pietatis

100 4435 263 4507 discendi
278 4459 373 4510 crura.
425 4432 517 4514 Nam
535 4429 678 4504 hoelus
695 4428 1011 4505 Romanumhaud
1027 4436 1096 4506 du·
1145 4443 1311 4516 vocatur,
1333 4429 1399 4501 uhi
1413 4428 1567 4502 infantes
1587 4430 1780 4525 exposititii
1794 4434 1953 4514 aluntur.
2003 4439 2073 4513 Vir
2087 4460 2140 4517 eet

99 4537 162 4610 bie
195 4539 334 4609 erudita
367 4537 541 4631 quaedam
576 4530 807 4628 Philosophia
842 4547 906 4609 est.
953 4535 1095 4626 *Quare
1145 4545 1327 4625 expertus,
1362 4532 1500 4603 nullius
1532 4527 1748 4628 hypocrisis,
1787 4537 1900 4609 mirae
1933 4544 2139 4634 sanctitatis,

100 4640 241 4713 etiamsi
263 4665 337 4710 non
361 4651 564 4710 revocatum
583 4653 672 4706 esset
687 4637 726 4706 in
742 4638 879 4721 sorum,
904 4651 1025 4709 tamen
1041 4639 1095 4710 le·
1146 4634 1241 4727 apud
1267 4646 1381 4703 meet
1404 4657 1546 4718 omnes,
1573 4634 1636 4728 qui
1659 4660 1740 4706 eum
1763 4637 1852 4707 hene
1874 4659 2046 4736 noscunt,
2079 4651 2138 4720 cui

99 4745 257 4836 gendum
273 4759 308 4812 et
323 4741 607 4830 cognoscendum
621 4738 743 4810 fuisset
756 4734 964 4811 hominibus
981 4741 1094 4814 doctis
1145 4736 1274 4825 gratias
1302 4756 1367 4825 ago
1392 4734 1553 4827 exemplo
1575 4735 1715 4829 Aquilii
1736 4736 1868 4830 Reguli
1895 4742 1934 4812 in
1963 4747 2069 4819 titulo
2093 4753 2137 4822 de

99 4845 293 4918 accessuris
307 4845 351 4913 ad
368 4840 548 4935 Rempub.
569 4841 682 4912 multo
703 4841 815 4932 magis
831 4866 938 4936 quam
953 4838 1095 4915 Aristo-
1144 4836 1275 4909 Donat
1308 4835 1352 4911 L.
1368 4835 1555 4932 Aquilius,
1580 4839 1747 4931 quidum
1768 4864 1827 4911 me
1841 4843 1955 4930 rexit,
1979 4854 2138 4924 custodi·

99 4947 183 5021 telis
205 4945 372 5028 Politice,
405 4969 504 5038 quae,
517 4944 663 5038 quidem
691 4943 868 5035 sapienter
899 4957 935 5014 et
958 4944 1095 5017 utiliter
1145 4940 1233 5012 vita
1249 4939 1369 5032 lapsu,
1395 4952 1430 5011 et
1443 4937 1512 5011 Dei
1526 4939 1819 5032 heneficioetsua
1833 4945 1995 5020 doctrina
2010 4978 2068 5025 me
2083 4968 2138 5026 ta-

98 5050 233 5140 scripta
249 5070 322 5117 esse
345 5046 478 5121 iudico.
527 5045 599 5118 Nec
613 5067 698 5115 vero
715 5039 806 5114 mihi
826 5046 957 5136 legenti
975 5059 1095 5119 vetere
1145 5041 1216 5112 lem
1226 5040 1396 5126 reddidit,
1411 5055 1453 5113 ut
1463 5042 1501 5111 in
1516 5041 1782 5137 quartodecimo
1792 5068 1888 5117 anno
1902 5053 2025 5126 aetatis
2038 5082 2137 5129 meae

96 5176 142 5224 ac
156 5150 341 5222 barbarica
362 5149 441 5219 iura
462 5140 630 5218 horridae
644 5147 757 5237 gentis
774 5142 1028 5239 Germanicae,
1053 5162 1095 5222 ut
1145 5144 1185 5213 in
1202 5142 1344 5214 civilale
1356 5140 1528 5215 Perusina
1544 5142 1612 5215 sub
1625 5139 1783 5216 Domino
1798 5144 1899 5244 Cyno
1917 5153 1963 5225 de
1979 5157 2139 5249 pistorio,

98 5268 185 5326 sunt
205 5250 424 5337 Westvalici
447 5250 555 5334 ritus,
586 5249 745 5321 venitin
766 5261 922 5320 mentem
944 5252 1094 5344 perinde
1143 5246 1224 5316 iura
1238 5244 1356 5315 civilia
1372 5244 1717 5339 audireinoeperim.
1738 5243 1878 5322 Eleius
1891 5274 2137 5348 perseverante

99 5352 195 5427 hanc
209 5355 392 5426 nationem
407 5353 535 5424 factam
553 5351 739 5423 cultiorem
755 5351 906 5443 acceptis
918 5350 1095 5425 Romanis
1146 5347 1276 5439 gratia,
1299 5347 1469 5420 continue
1484 5349 1646 5421 sudando
1668 5350 1716 5422 ita
1737 5353 1888 5443 profeci,
1914 5370 1955 5428 ut
1970 5359 2136 5432 vicesimo

99 5458 254 5550 legibus3
280 5456 375 5527 utin
392 5454 676 5539 submisserunt,
698 5453 904 5525 monstratis
923 5454 1095 5546 frugibus,
1146 5474 1242 5522 anno
1264 5446 1450 5524 bononiae
1470 5452 1670 5545 reputando
1698 5465 1733 5525 ct
1757 5453 1973 5549 disputando
1997 5461 2138 5554 publice

157 5557 343 5629 Mactaris.
371 5562 477 5630 Orrn.
503 5560 588 5626 voc.
615 5557 678 5625 XI.
732 5560 736 5568 ’
1551 5553 1602 5628 28
