4732 6030
162 302 237 378 807
587 285 748 369 DECL.
788 285 865 366 DE
896 284 1237 367 ulcutrn'ru
1270 287 1451 366 ARTIS
1484 282 1764 365 Muutcnu
2116 284 2197 369 808

163 488 262 550 tanta
273 469 333 557 sit,
359 483 399 543 ut
415 463 551 538 nullius
564 463 726 535 oratione
740 460 824 535 satis
839 462 1012 534 declarari
1026 461 1152 555 possit:
1202 450 1326 535 divina
1349 485 1470 534 rerum
1496 463 1670 535 delectum
1694 463 1905 534 ostendunt:
1944 461 2047 532 acin
2068 478 2206 539 natura

165 581 225 650 sed
249 590 386 647 tantum
407 567 624 658 obiurgabo,
654 590 730 636 non
757 565 916 637 iuniores
936 566 1063 652 modo,
1091 565 1154 635 sed
1204 565 1305 638 etin
1328 565 1490 636 moribus
1519 564 1652 638 iudicia
1674 578 1793 636 nostra
1818 587 1899 634 curn
1925 578 2046 635 mente
2075 567 2208 642 divina

165 702 234 750 nos
261 697 383 748 omnes
410 683 556 763 propter
582 667 876 759 ingratitudinem
904 680 941 737 et
962 665 1154 758 ignaviam,
1204 689 1398 760 congruere
1419 668 1560 741 debere.
1614 664 1753 751 Vitam,
1787 667 1918 736 bonam
1944 667 2207 759 valetudinem,

166 800 318 875 quarum
352 787 503 866 utraque
536 771 733 863 plurimum
770 763 890 842 habet·
910 767 1155 864 turpitudinis,
1205 783 1240 841 et
1256 768 1350 842 vitae
1360 768 1548 862 praesidia,
1570 765 1668 839 Deus
1682 767 1843 838 adfirmat
1858 790 1914 837 res
1930 767 2054 851 bonas,
2078 786 2115 842 et
2130 797 2150 843 a
2167 798 2209 846 se

165 891 311 976 propter
325 876 456 947 multas
470 895 602 944 causas.
1205 871 1367 944 conditas
1392 895 1484 958 esse,
1514 885 1550 944 et
1581 869 1682 942 iubet
1707 892 1774 942 nos
1805 867 1878 939 frui
1906 864 1963 941 his
1988 874 2206 948 muneribus

270 978 386 1051 Tanta
402 989 455 1047 est
468 975 622 1045 duricies
635 969 876 1045 humanorum
891 986 1090 1066 pectorum,
1113 985 1155 1044 ut
1205 972 1352 1044 divinis.

166 1107 242 1155 non
262 1081 465 1151 mirandum
491 1075 556 1162 sit,
582 1089 716 1146 veteres
738 1076 897 1162 finxisse,
930 1070 1094 1147 homines
1113 1098 1154 1143 ex
1309 1071 1552 1165 Agnoscamus
1567 1068 1774 1165 igiturhaec
1788 1073 1902 1153 dona,
1928 1086 1963 1145 et
1978 1097 2018 1145 ea
2032 1098 2204 1168 amemus,

167 1184 348 1279 lapidibus
375 1193 473 1251 ortos
497 1201 582 1254 erse.
640 1172 777 1249 Omnes
804 1178 888 1247 inde
911 1202 1023 1271 usqne
1044 1179 1089 1246 ab
1115 1197 1155 1245 ea
1206 1190 1241 1249 et
1262 1177 1441 1248 conditori
1463 1176 1592 1266 gratias
1613 1197 1768 1265 agamus.
1821 1173 1872 1245 Ita
1895 1175 2067 1267 scriptum
2087 1193 2140 1250 est
2160 1182 2204 1252 in

168 1283 276 1368 hora,
305 1308 374 1379 qua
397 1280 553 1376 primum
572 1303 639 1349 nos
661 1303 703 1348 ex
725 1278 806 1347 alvo
831 1279 953 1349 matris
976 1277 1156 1368 excipiunt
1206 1279 1390 1350 sententiis
1411 1272 1556 1352 Siracb:
1588 1275 1736 1347 Honora
1760 1276 1958 1360 medicum,
1983 1275 2081 1350 Deus
2104 1283 2207 1353 enim

169 1409 297 1460 manus
318 1382 566 1466 obstetricum,
599 1404 664 1473 per
685 1403 808 1449 omnes
833 1391 985 1451 aetatum
1014 1381 1157 1469 gradus,
1207 1381 1338 1452 meavit
1356 1404 1436 1451 eum
1453 1392 1599 1472 propter
1613 1379 1863 1449 necessitatem.

168 1493 305 1563 utimur
328 1486 414 1558 artis
440 1482 595 1553 medicae
618 1481 796 1553 beneficiis
825 1482 1157 1551 innumerabilibus.
1306 1479 1403 1552 Haec
1423 1480 1596 1551 sententia
1621 1479 1858 1549 necessarium
1877 1501 1949 1549 esse
1971 1502 2077 1551 usum
2094 1497 2132 1554 et
2147 1508 2205 1556 re-

170 1592 276 1681 Quud
294 1613 374 1659 cum
391 1588 438 1658 ita
453 1585 516 1671 sit,
542 1585 643 1655 multi
662 1595 781 1653 tamen
797 1607 862 1653 nec
877 1584 1033 1672 cogitant
1046 1597 1155 1654 artem
1207 1583 1406 1655 mediorum
1432 1597 1467 1654 et
1493 1583 1579 1652 artis
1601 1581 1783 1668 adfirmat,
1803 1583 1899 1675 quod
1916 1583 2059 1678 quidem
2082 1600 2207 1657 osten-

168 1694 236 1766 Dei
258 1695 393 1762 donum
417 1710 507 1772 esse,
530 1709 596 1755 nec
610 1683 686 1756 Deo
708 1685 886 1754 conditori
908 1684 1157 1769 remediorum,
1208 1688 1301 1756 dunt
1315 1685 1474 1775 exempla
1490 1683 1662 1777 quotidie.

170 1810 202 1865 et
216 1789 446 1863 monstratori
467 1787 573 1872 artis,
598 1786 729 1878 gratias
748 1799 876 1875 agunt,
904 1810 970 1855 nec
993 1810 1157 1856 reveren·
1310 1784 1365 1858 Ac
1386 1787 1515 1856 diserte
1539 1784 1639 1855 addit
1662 1778 1804 1854 Sirach:
1841 1777 2045 1857 Altissimus
2066 1791 2203 1861 creavit

169 1911 223 1968 ter
244 1897 288 1964 de
312 1897 385 1963 alte
410 1890 568 1960 sentiunt
589 1913 629 1958 ac
648 1888 856 1980 loquuntur.
907 1885 1007 1978 Ipsae
1027 1902 1157 1958 matres
1209 1887 1364 1959 remedia
1386 1900 1567 1971 exterra,
1601 1899 1673 1956 eta
1695 1881 1772 1954 Deo
1796 1898 1848 1955 est
1877 1887 2081 1974 medicatio;
2113 1892 2200 1983 quie

170 1997 264 2067 edito
280 1998 395 2077 foetu,
421 1991 570 2060 infinitis
592 1989 727 2058 morbis
745 1988 918 2059 obnoxiae
941 2003 1042 2074 sunt,
1067 2012 1157 2082 quae
1207 2014 1282 2060 non
1298 1989 1405 2059 modo
1426 1988 1581 2058 remedia
1596 1987 1644 2057 ita
1659 1986 1823 2057 distincta
1847 2001 1930 2057 sunt
1946 1990 2097 2060 consilio
2113 2015 2203 2063 con-

170 2101 245 2168 sine
261 2120 326 2188 ope
342 2095 476 2163 medica
495 2091 628 2161 servari
642 2114 715 2160 non
731 2104 882 2182 possent.
915 2086 965 2160 Et
982 2091 1020 2159 in
1036 2114 1157 2161 earum
1209 2092 1356 2175 ditoris,
1381 2104 1421 2161 ut
1443 2089 1511 2158 alia
1533 2089 1622 2159 alios
1644 2089 1788 2157 morbos
1809 2089 2007 2179 depellant,
2032 2092 2102 2162 alia
2123 2095 2205 2166 aliis

170 2199 336 2292 periculis
353 2194 508 2265 remedia
523 2217 596 2261 non
619 2205 755 2263 tantum
772 2187 936 2261 adhiberi
952 2192 1157 2262 ostentatio·
1208 2192 1379 2263 membris
1400 2191 1621 2275 conducant,
1646 2191 1706 2257 sed
1729 2190 1834 2259 etiam
1857 2193 2048 2263 consilium
2075 2195 2206 2266 medici

169 2302 226 2372 nis
241 2323 364 2379 causa,
390 2298 450 2366 sed
468 2318 550 2363 vere
565 2292 715 2363 efficacia
734 2306 770 2364 et
782 2292 949 2362 salutaria
965 2316 1056 2376 esse,
1082 2293 1157 2399 ples
1210 2293 1383 2364 divinitus
1408 2293 1559 2383 regitur,
1593 2304 1628 2362 et
1660 2291 1811 2360 efficacia
1844 2315 1864 2360 a
1897 2292 1975 2364 Deo
2000 2297 2205 2372 adiuvatur.

167 2425 308 2496 runque
331 2413 478 2470 testatur
496 2393 722 2485 experientia,
782 2393 893 2487 Saepe
916 2396 1024 2464 ubera
1045 2394 1158 2462 medi·
1208 2394 1305 2466 Haec
1325 2418 1406 2465 cum
1430 2395 1479 2465 ita
1501 2394 1593 2477 sint,
1616 2414 1823 2462 moveamur
1846 2405 1880 2462 et
1895 2394 2044 2467 utilitate
2064 2412 2202 2483 nostra,

169 2507 280 2575 canda
295 2514 395 2585 sunt,
421 2520 523 2589 saepe
539 2518 683 2566 somnus
698 2508 772 2566 arte
796 2498 1025 2569 revocandus.
1076 2493 1158 2565 Ma-
1210 2510 1244 2567 et
1260 2496 1454 2567 conditoris
1469 2494 1645 2578 bonitate,
1670 2507 1712 2566 ut
1731 2507 1766 2564 et
1783 2488 1936 2566 remedia
1960 2512 1995 2568 et
2016 2493 2105 2567 hanc
2130 2502 2200 2569 do·

166 2604 265 2677 tricis
288 2626 371 2672 vero
399 2598 554 2691 pericula
584 2621 674 2687 pene
701 2596 839 2666 infinita
867 2611 960 2670 sunt.
1019 2593 1158 2666 Deinde
1210 2600 1361 2669 ctrinam
1382 2597 1683 2686 magnifaciamus.

166 2709 283 2778 ulcera
308 2703 475 2774 omnibus
496 2699 693 2769 infantibus
716 2699 916 2795 communia
936 2710 1036 2782 sunt,
1068 2723 1157 2792 quac
1308 2696 1477 2768 Arbitror
1510 2712 1628 2781 autem
1662 2699 1774 2767 bonas
1809 2711 1942 2768 mentes
1975 2723 2049 2769 non
2085 2704 2205 2772 solum

169 2834 243 2878 non
259 2816 532 2877 maturescerent
557 2814 593 2871 ct
608 2800 696 2870 alios
711 2801 854 2870 morbos
868 2800 1065 2886 adferrent,
1087 2801 1157 2871 nisi
1211 2814 1355 2891 propter
1378 2800 1567 2869 utilitatem
1596 2800 1763 2869 delectari
1791 2802 2072 2872 consideratione
2096 2820 2205 2875 natu·

167 2934 224 2983 ars
239 2934 342 3002 opem
360 2910 477 2978 ferret.
1210 2926 1287 2988 rae,
1320 2902 1382 2970 sed
1404 2899 1515 2989 magis
1536 2899 1642 2969 etiam
1670 2916 1873 2992 propterea,
1907 2904 1989 2997 quia
2013 2916 2086 2975 tota
2118 2902 2206 2976 haec

268 3010 339 3082 Sed
368 3009 494 3079 omitto
526 2999 620 3074 hanc
647 2999 967 3080 enumerationem,
1000 3024 1090 3094 quae
1112 3025 1158 3070 ne
1210 3017 1356 3074 naturae
1370 3002 1520 3071 varietas
1534 3001 1631 3072 velut
1652 2998 1829 3074 theatrum
1853 3019 1922 3088 est,
1948 3007 1987 3074 in
2012 3030 2083 3100 quo
2105 3010 2202 3078 testi-

167 3112 312 3207 quidem
329 3111 465 3198 magnis
479 3105 724 3177 voluminibus
744 3102 878 3192 integra
904 3098 1157 3194 comprehendi
1209 3105 1329 3175 monia
1346 3105 1391 3173 de
1405 3099 1482 3172 Deo
1499 3102 1624 3195 opifice
1639 3104 1790 3175 illustria
1805 3107 2089 3196 conspiciuntur.
2127 3107 2204 3179 Ini-

165 3226 295 3307 posset.
348 3209 433 3278 Ideo
454 3220 570 3276 autem
586 3208 630 3274 ad
651 3206 713 3273 illa
735 3204 847 3295 prima
870 3204 972 3274 initia
988 3205 1080 3274 vitae
1101 3206 1158 3276 iu·
1211 3207 1260 3276 tio
1278 3204 1451 3276 domicilii
1472 3205 1640 3294 figuram,
1664 3221 1697 3277 et
1714 3207 1811 3274 illam
1832 3205 2111 3295 pulcherrimam
2128 3235 2205 3282 ma·

157 3312 455 3395 nioresdeduco,
482 3322 521 3377 ut
537 3307 566 3375 si
581 3305 803 3394 cogitabunt,
829 3307 1001 3375 matribus
1019 3329 1055 3374 se
1078 3330 1158 3396 gra·
1210 3304 1370 3392 chinam,
1394 3307 1432 3374 in
1448 3329 1516 3397 qua
1533 3307 1646 3376 sidera
1663 3301 1857 3384 vehuntur,
1885 3309 2026 3392 utdies,
2053 3336 2206 3398 menses,

166 3417 358 3489 titudinem
381 3411 524 3481 debere:
552 3407 659 3477 simul
679 3405 923 3490 considerent,
950 3407 1103 3476 multum
1122 3431 1158 3476 se
1211 3432 1341 3493 annos,
1369 3420 1534 3492 aestates,
1560 3404 1700 3501 hyemes
1716 3406 1957 3495 distinguant,
1984 3422 2025 3479 ut
2043 3412 2205 3483 dissimi-

166 3520 296 3590 debere
313 3516 380 3586 arti
398 3511 571 3591 medicae,
598 3533 666 3602 qua
688 3506 869 3599 puerperis
892 3519 925 3575 et
941 3506 1051 3576 foetui
1068 3532 1158 3598 opus
1210 3511 1254 3579 lis
1271 3512 1317 3581 sit
1339 3522 1466 3580 natura
1489 3522 1703 3600 temporum,
1727 3522 1768 3578 ut
1785 3510 1980 3601 quotannis
1997 3528 2093 3584 certo
2113 3529 2204 3585 tem·

166 3634 229 3694 est.
281 3616 336 3690 Ac
352 3618 390 3687 in
407 3612 765 3704 eacogitationenon
781 3620 919 3679 tantum
935 3607 1156 3696 diligentiam
1210 3636 1295 3707 pore
1317 3610 1437 3702 gignat
1456 3624 1548 3683 terra
1571 3612 1706 3700 fruges,
1731 3624 1805 3682 arte
1825 3611 1953 3680 iactam
1969 3637 2059 3707 esse,
2084 3618 2202 3685 mani-

164 3716 354 3792 homiuum
370 3731 431 3790 aut
451 3714 606 3786 remedia
625 3713 852 3794 intueantur,
877 3711 938 3779 sed
962 3711 1156 3781 bonitatem
1209 3716 1337 3785 festum
1357 3727 1420 3784 est.

165 3823 232 3895 Dei
251 3835 460 3914 agnoscant,
486 3816 597 3910 quiet
613 3812 767 3884 remedia
791 3810 969 3891 condidit,
995 3825 1030 3884 et
1054 3836 1156 3883 usum
1309 3812 1589 3907 Deindequants
1604 3834 1661 3881 crs
1675 3824 1727 3883 est
1741 3812 1779 3880 in
1792 3824 1866 3884 tota
1883 3810 2033 3885 hominis
2047 3813 2197 3880 natura?
2277 3893 2280 3897 ⁸

165 3925 389 4008 monstravit,
412 3937 451 3995 ut
467 3919 586 4013 aliqua
601 3941 642 3986 er
657 3929 756 4008 parte
769 3908 876 3985 huius
894 3913 986 3985 vitae
999 3913 1157 3984 miserias
1209 3915 1409 3987 Discrimen
1425 3914 1514 3986 lucis
1530 3925 1565 3983 et
1579 3915 1815 4000 tenebrarum,
1840 3913 2025 3984 discrimen
2043 3911 2200 3983 noticiae

165 4030 303 4098 leniret.
339 4025 404 4095 llla
420 4020 586 4116 Cyclopis
600 4042 667 4089 vox
684 4016 829 4106 indigna
849 4010 1071 4097 esthominc,
1094 4016 1157 4110 qui
1210 4032 1243 4089 et
1266 4018 1503 4108 ignorantiae,
1533 4014 1712 4104 fastigium
1742 4013 1781 4083 in
1805 4017 1944 4085 cerebro
1972 4014 2202 4085 simillimum

81 4123 86 4133 ¹
165 4131 217 4202 ait
234 4154 269 4199 se
286 4153 350 4199 nec
368 4125 461 4196 lovis
474 4123 640 4210 fulmina,
661 4144 725 4187 nec
746 4119 877 4186 imbres
892 4131 1067 4203 metuere,
1092 4142 1157 4187 nec
1209 4122 1315 4206 coeli,
1341 4121 1379 4189 in
1396 4145 1468 4211 quo
1486 4131 1521 4188 et
1538 4116 1659 4187 lucent
1675 4113 1847 4200 noticiae,
1871 4131 1906 4186 et
1927 4119 2101 4210 repositae
2127 4140 2204 4185 ser·

166 4249 280 4303 terrae
297 4229 536 4306 sterilitatem,
562 4220 645 4313 quia
666 4233 699 4288 et
716 4243 819 4306 rupes
840 4219 1033 4289 defendant
1053 4242 1156 4289 suurn
1210 4237 1350 4297 vantur.
1400 4219 1450 4293 Et
1464 4218 1571 4290 insita
1585 4231 1638 4290 est
1652 4220 1825 4310 quaedam
1840 4217 1884 4287 de
1898 4220 1977 4289 Deo
1992 4220 2064 4302 lux,
2084 4232 2119 4288 et
2134 4221 2203 4287 ad·

166 4355 326 4423 specum,
349 4341 383 4397 et
404 4328 442 4394 in
466 4316 571 4413 specu
593 4343 731 4410 gregem
753 4315 880 4390 habeat
896 4321 1036 4403 ovium,
1060 4323 1157 4390 unde
1208 4323 1302 4394 ditae
1317 4324 1449 4394 multae
1464 4321 1615 4393 noticiae
1628 4319 1729 4400 aliae,
1751 4334 1940 4412 quaesunt
1955 4322 2204 4405 viteenorma,

166 4433 326 4501 victitare
347 4428 466 4520 possit.
519 4422 654 4494 Similis
677 4436 728 4493 est
749 4420 863 4492 oratio
887 4420 1080 4491 multorum
1099 4421 1158 4490 in·
1208 4424 1470 4496 distinctionem
1487 4437 1521 4494 et
1535 4422 1698 4493 ordinem
1714 4434 1968 4507 monstrantes,
1993 4437 2033 4493 ut
2048 4422 2204 4508 numeri,

167 4538 352 4605 doctorum
366 4555 405 4600 ac
422 4527 674 4607 barbarorum,
698 4521 761 4616 qui
775 4537 808 4593 ct
824 4522 862 4591 in
876 4524 1007 4593 tuenda
1021 4523 1156 4594 valetu·
1209 4527 1409 4598 intellectus
1438 4524 1577 4597 ordinis
1609 4536 1646 4593 et
1677 4522 1969 4616 consequentiae,
2008 4522 2201 4594 discrimen

52 4690 55 4696 -
167 4639 252 4707 dine
267 4631 555 4727 temperantiam,
580 4625 666 4697 etin
684 4623 848 4715 periculis
867 4623 985 4694 omnia
1001 4625 1154 4695 remedia
1208 4622 1439 4699 honestorum
1462 4640 1496 4697 et
1511 4624 1687 4714 turpium,
1713 4638 1856 4694 aeterno
1879 4638 1912 4696 et
1931 4624 2080 4697 immoto
2098 4639 2200 4716 septo

167 4750 409 4810 contemnunt.
461 4731 515 4804 Ac
539 4753 585 4800 ne
607 4727 762 4818 cogitant
787 4727 950 4821 quidem,
971 4724 1038 4796 Dei
1061 4728 1155 4797 dona
1208 4731 1428 4818 distinguens
1442 4726 1602 4798 facienda
1619 4739 1654 4797 et
1667 4727 1847 4817 fugienda.

167 4863 241 4909 csse
263 4839 416 4909 remedia
435 4850 469 4907 et
490 4848 623 4913 anem,
645 4833 705 4900 sed
727 4824 767 4899 hi
780 4828 952 4925 Cyclopes
974 4854 1054 4902 curn
1078 4827 1155 4899 Deo
1307 4830 1404 4901 Haec
1428 4829 1582 4901 extitisse
1607 4851 1708 4915 casu,
1738 4840 1801 4899 aut
1822 4851 1864 4897 ex
1887 4827 2035 4900 materia
2059 4841 2200 4900 tsnmm

166 4954 200 5012 et
218 4957 344 5012 natura
359 4940 493 5009 bellum
511 4946 650 5026 gerunt.
1206 4932 1422 5028 impossibile
1436 4947 1499 5006 est.

269 5041 318 5112 At
342 5043 455 5111 bonae
486 5051 621 5108 mentes
646 5034 758 5104 sciant
783 5032 938 5124 primum
968 5032 1155 5104 universae
1307 5033 1445 5106 Clamat
1477 5033 1587 5125 igitur
1618 5031 1694 5123 ipsa
1724 5054 1844 5101 rerum
1877 5043 2022 5113 natura,
2054 5045 2091 5102 et
2126 5054 2201 5103 esse

163 5161 311 5218 naturae
325 5163 445 5210 vocem
461 5136 651 5229 testificari,
678 5129 774 5206 hunc
794 5136 969 5204 mundum
984 5158 1153 5208 noncasu
1203 5133 1339 5221 Deum,
1372 5149 1406 5207 ct
1429 5158 1504 5207 esse
1527 5134 1740 5226 sapientem,
1768 5133 1903 5203 bonum
1917 5156 1966 5204 ac
1989 5133 2199 5214 beneficum,

164 5248 335 5329 extitisse,
360 5245 454 5312 seda
477 5252 597 5309 mente
615 5250 758 5307 aeterna
775 5231 1051 5306 architectatrice
1065 5259 1152 5306 con·
1203 5240 1371 5310 scelerum
1389 5238 1577 5322 vindicem,
1602 5235 1784 5305 custodem
1799 5229 1976 5305 humanae
1990 5234 2180 5308 societatis.

161 5352 276 5423 ditum
300 5362 334 5420 et
357 5348 550 5417 formatum
573 5362 662 5410 esse:
687 5338 818 5409 deinde
842 5351 877 5408 ct
896 5331 1035 5406 homini
1056 5339 1151 5409 noti-
1303 5340 1385 5412 Non
1410 5341 1524 5415 dicam
1551 5361 1650 5408 nunc
1677 5337 1722 5407 de
1755 5350 1828 5408 tota
1848 5332 2006 5416 =humani
2036 5336 2200 5430 corporis

161 5455 232 5525 cias
257 5452 382 5523 insitas
408 5470 500 5532 esse,
535 5465 625 5540 quae
654 5453 888 5534 congruentes
918 5463 1000 5510 cum
1032 5454 1151 5512 mente
1202 5443 1481 5532 constructione,
1506 5443 1551 5515 de
1565 5435 1737 5534 stirpibus
1752 5453 1786 5511 et
1803 5439 1950 5533 plantis:
1975 5452 2116 5514 tantum
2132 5439 2201 5515 od-
