4732 6030
210 338 260 414 61
704 322 865 407 Daca.
897 330 971 407 DE
1004 330 1282 413 ENCOMIO
1317 330 1758 428 ELOQUENTIAE.
2200 332 2255 408 62

213 514 300 583 dare
315 512 480 582 debeant.
530 503 649 599 Atque
672 502 733 576 hic
749 502 838 576 mihi
857 506 1118 578 velPericleam
1136 508 1209 576 vim
1261 534 1366 605 quam
1396 510 1508 580 multa
1540 509 1692 578 efferunt
1733 506 1927 599 improprie
1961 507 2066 577 etiam
2098 505 2255 576 eruditi?

207 615 390 707 optarim,
405 615 501 681 'dum
524 610 667 679 stultam
692 609 911 680 iuventutem
933 611 970 678 in
989 612 1084 679 viam
1108 635 1212 680 revo-
1261 613 1410 703 Quoties
1426 612 1590 681 absurdis
1608 636 1647 680 ac
1669 612 1797 701 ineptis
1819 605 2037 701 metaphoris
2054 631 2252 677 sermonem

219 740 298 787 care
331 715 525 797 contendo,
574 735 664 803 quae
701 711 952 801 elegantiorem
990 713 1211 784 literaturam
1261 715 1474 785 obscurant?
1501 710 1592 801 Quis
1609 713 1705 782 enim
1722 713 1935 804 Apuleium,
1962 726 1995 782 et
2010 706 2119 780 huiut
2133 710 2253 779 simias

218 819 347 910 partim
363 838 482 884 errore
504 814 718 897 contemnit,
747 816 842 907 quod
860 817 904 883 ad
929 814 1083 907 reliquas
1105 815 1213 882 disci·
1263 817 1375 886 serat?
1404 815 1475 887 Sed
1496 829 1590 885 recte
1611 811 1805 905 Apuleius,
1838 815 2004 907 quicum
2031 814 2171 883 asinum
2197 835 2254 880 re-

218 920 335 1012 plinas
360 917 615 1009 comparandas
639 915 801 984 inutilem
827 939 901 985 esse
924 931 1058 1000 censet,
1085 917 1212 1006 partim
1263 931 1519 1009 praesentaret,
1544 919 1672 986 rudere
1685 941 1791 1011 quam
1808 915 1909 1009 loqui
1925 915 2061 984 maluit.
2111 912 2254 983 Postre-

219 1020 348 1091 inertia
362 1019 463 1109 fugit.
498 1015 562 1087 Est
576 1017 671 1084 enim
687 1031 722 1086 et
736 1018 932 1102 literarum,
948 1018 1094 1107 perinde
1109 1033 1213 1112 atque
1262 1046 1339 1103 mo,
1364 1033 1404 1089 ut
1419 1020 1527 1087 verba
1543 1014 1759 1112 phrasinque
1775 1018 1858 1087 satis
1874 1017 1990 1103 noris,
2016 1016 2254 1085 difficilimum

219 1125 371 1193 aliarum
385 1124 559 1190 bonarum
576 1142 695 1188 rerum
712 1133 904 1203 sanatura,
928 1134 969 1189 ut
985 1123 1061 1188 sine
1075 1144 1214 1189 summo
1264 1136 1380 1192 tamen
1401 1135 1469 1205 est,
1495 1143 1558 1189 suo
1574 1144 1732 1213 quaeque
1751 1122 1830 1190 loco
1848 1120 2080 1201 distribuere,
2106 1118 2175 1186 alia
2192 1118 2255 1184 de-

220 1226 342 1294 labore
357 1223 493 1291 nemini
509 1223 727 1310 contingant.
778 1219 910 1290 Notum
930 1223 1023 1290 enim
1042 1223 1133 1291 illud
1150 1237 1214 1302 est,

221 1324 381 1396 difficilia
412 1348 504 1407 esse,
547 1346 636 1414 quae
665 1318 813 1411 pulchra
845 1339 939 1393 sunt.
1000 1322 1214 1417 Quanquam

222 1427 473 1520 quitationem
490 1424 709 1508 subduxerit,
731 1425 905 1516 quantulo
921 1427 1079 1515 negocio,
1101 1449 1216 1519 quan-

221 1544 298 1601 tum
314 1529 403 1597 lucri
423 1528 543 1608 faciat,
569 1525 630 1617 qui
648 1529 916 1595 commodorum
935 1529 1214 1618 magnitudinem

224 1632 271 1699 ob
292 1628 413 1697 oculos
438 1627 611 1718 posuerit,
646 1622 741 1697 huuc
767 1628 887 1698 nullae
910 1651 965 1697 res
989 1629 1217 1722 quantumvis

221 1734 351 1814 durae,
399 1731 444 1798 ah
481 1724 606 1796 harum
645 1730 774 1798 artium
811 1731 928 1799 studio
964 1727 1220 1814 deterruerint,

223 1855 324 1926 quas,
353 1831 422 1899 nisi
438 1831 618 1919 cognoris,
643 1855 688 1899 ne
703 1831 773 1899 dici
792 1832 933 1923 quidem
954 1845 1083 1922 potest,
1111 1856 1215 1925 quam

225 1933 436 2003 infoeliciter
478 1933 630 2024 reliquas
670 1932 874 2021 disciplinas
911 1946 1123 2002 tractaturus
1160 1933 1216 2004 sis.

224 2034 382 2105 Proinde
405 2035 525 2127 aequis
548 2034 676 2125 animis
699 2035 837 2118 audite,
869 2058 958 2125 quae
983 2060 1038 2104 me
1064 2036 1217 2105 rationes

226 2137 457 2218 adduxerint,
501 2160 563 2203 cur
593 2136 842 2224 elegantiorem
869 2137 1087 2208 literaturam
1114 2140 1218 2204 rebus

228 2234 393 2308 humanis
419 2240 524 2328 plane
554 2237 783 2306 necessariam
815 2260 886 2306 esse
914 2239 1076 2306 iudicem.
1138 2237 1218 2306 Pri-

226 2365 345 2424 mum,
371 2364 476 2408 nemo
498 2353 568 2407 tam
586 2364 706 2408 vecors
722 2353 783 2420 est,
809 2340 870 2431 qui
889 2363 962 2408 non
980 2341 1097 2408 videat
1115 2341 1220 2407 nobis

228 2454 320 2510 certa
337 2444 489 2533 quadam
508 2440 677 2533 loquendi
700 2441 837 2510 ratione
855 2464 943 2530 opus
959 2466 1048 2526 esse,
1075 2466 1143 2534 qua
1163 2442 1218 2511 di-

227 2542 345 2611 lucide
378 2544 590 2633 explicemus
627 2542 828 2610 animorum
867 2558 1069 2611 nostrorum
1108 2567 1219 2627 sensa,

230 2669 438 2737 quacunque
451 2647 499 2713 de
510 2668 547 2710 re
561 2644 617 2710 vel
633 2643 775 2732 publice
790 2644 847 2711 vel
862 2645 1029 2734 privatim
1044 2648 1218 2734 agendum

229 2761 290 2814 est.
324 2744 487 2814 Fortasse
502 2744 692 2812 ridiculum
708 2744 814 2815 fuerit
830 2740 888 2814 hic
903 2747 1093 2837 disputare,
1113 2773 1217 2840 quam

228 2848 445 2916 necessarius
472 2843 612 2914 homini
644 2868 758 2915 sermo
787 2846 842 2915 sit.
894 2846 984 2916 Nam
1013 2850 1076 2941 qui
1101 2849 1219 2917 literas

229 2961 473 3033 contemnunt,
498 2949 704 3041 neutiquam
722 2949 835 3017 videri
851 2951 977 3020 volunt
992 2945 1131 3019 homini
1146 2974 1220 3019 ser-

230 3071 371 3117 monem
391 3051 563 3133 adimere,
586 3053 647 3118 sed
664 3051 836 3132 orationis
853 3053 986 3122 cultum
1003 3053 1218 3143 adspernan-

230 3162 300 3220 tur.
351 3151 507 3220 Proinde
530 3166 702 3242 quantum
727 3154 871 3235 referat,
898 3167 1026 3222 certam
1049 3152 1219 3245 loquendi

230 3253 405 3322 rationem
431 3252 563 3332 teneri,
597 3254 717 3343 paucis
740 3255 985 3322 indicabimus.
1043 3253 1133 3323 Nam
1157 3254 1219 3348 qui

232 3368 325 3424 recte
346 3380 419 3424 rem
444 3353 627 3425 aestimare
650 3356 762 3438 volet,
797 3356 826 3424 is
850 3355 1040 3444 intelliget,
1074 3380 1146 3424 non
1171 3359 1218 3425 ita

232 3457 385 3527 multum
409 3459 593 3534 interesse,
627 3469 746 3525 mutus
769 3457 816 3526 sis
840 3458 960 3547 plane,
985 3482 1030 3525 an
1049 3473 1158 3527 artem
1175 3459 1219 3524 ad

232 3559 423 3628 dicendum
443 3583 516 3627 non
533 3553 713 3629 adhibeas.
751 3556 873 3651 Neque
892 3559 985 3625 enim
1002 3560 1078 3627 heri
1094 3570 1220 3650 potest,

232 3673 274 3729 ut
290 3684 379 3752 quae
391 3661 510 3744 sentis,
531 3660 579 3726 sic
594 3684 747 3749 exponas
762 3674 801 3729 ut
820 3661 969 3750 intelligi
986 3675 1127 3755 queant,
1149 3661 1218 3729 nisi

233 3775 307 3831 arte
333 3763 506 3856 loquendi
538 3761 738 3831 facultatem
769 3775 803 3830 et
832 3786 932 3854 pares
963 3778 996 3832 et
1024 3765 1219 3833 confirmes.

235 3860 308 3932 Usu
327 3868 422 3933 enim
447 3877 694 3952 compererunt
715 3866 904 3954 prudentes
922 3865 1011 3950 viri,
1038 3861 1130 3933 nihil
1149 3887 1221 3932 esse

233 3965 429 4047 difficilius,
456 3988 560 4059 quam
578 3966 733 4036 dilucide
749 3991 788 4036 ac
811 3969 993 4059 perspicue
1010 3970 1054 4037 de
1076 3993 1114 4037 re
1133 3992 1220 4061 qua-

231 4067 327 4157 piam
349 4070 475 4138 dicere.
528 4063 686 4135 Primum
712 4070 805 4135 enim
828 4070 897 4136 'nisi
915 4071 985 4137 vim
1012 4073 1222 4163 pondusque

232 4170 424 4238 verborum
440 4167 590 4235 dicendo
607 4180 735 4260 tueare,
753 4170 950 4238 orationem
967 4185 1062 4239 tuam
1080 4173 1142 4262 qui
1157 4173 1222 4239 ad-

234 4284 400 4363 sequetur
416 4267 581 4338 auditor?
605 4267 694 4337 Nam
710 4294 788 4338 cum
807 4294 886 4353 usu,
913 4271 1135 4354 velutnumi,
1158 4297 1221 4340 vo-

232 4373 357 4441 cabula
393 4370 609 4462 probentur,
643 4371 790 4461 receptis
819 4373 990 4440 utendum
1020 4385 1089 4455 est,
1123 4396 1222 4464 quae,

233 4475 317 4568 quia
336 4474 540 4567 eloquentes
556 4467 736 4554 homines,
762 4473 861 4565 quasi
877 4495 939 4563 per
960 4496 1088 4543 manus
1106 4489 1221 4563 poste-

232 4578 283 4645 ris
305 4577 501 4657 tradidere,
534 4573 745 4643 obscuritate
763 4588 900 4644 vacant.
955 4573 1145 4666 Superiore
1168 4600 1222 4644 se-

234 4680 325 4763 culo,
351 4703 430 4746 cum
446 4701 507 4746 sua
523 4677 671 4770 quisque
689 4678 793 4745 verba
810 4680 962 4761 cuderet,
989 4696 1022 4745 et
1040 4679 1221 4769 peregriua

232 4780 373 4851 Latinis
395 4782 642 4857 miscerentur,
670 4779 842 4847 eiusmodi
858 4781 1007 4849 coutlata
1030 4795 1079 4849 est
1095 4781 1220 4860 oratio,

233 4906 321 4977 quae
338 4908 383 4951 ne
401 4884 444 4951 ab
468 4883 564 4950 illius
581 4882 724 4974 quidem
744 4884 865 4951 aetatis
888 4877 1094 4950 hominihus
1114 4884 1220 4951 intel-

233 4986 294 5075 ligi
311 4985 438 5076 potuit.
478 4984 633 5053 Tantum
652 4984 768 5067 abest,
794 4996 833 5051 ut
848 4985 1032 5074 posteritas
1049 4987 1219 5078 adsequa-

232 5100 316 5159 tur..
354 5086 444 5175 Quis
463 5087 556 5154 euim
575 5084 737 5168 Scotum,
764 5099 823 5155 aut
839 5082 946 5154 hrrius
961 5085 1096 5153 farinae
1111 5088 1218 5155 alium

232 5191 437 5281 scriptorem
470 5184 537 5255 hoe
563 5200 720 5277 tempore
747 5188 945 5277 intelligat?
994 5184 1131 5256 Deinde
1162 5189 1219 5257 vix

1267 1224 1437 1314 primere,
1473 1223 1542 1291 alia
1576 1223 1754 1306 attollere,
1792 1224 1965 1315 quaedam
2000 1220 2158 1290 breviter
2192 1219 2258 1286 ad-

1265 1325 1455 1414 stringere,
1485 1325 1571 1393 alias
1592 1325 1731 1415 evagari
1755 1324 1922 1405 liberius,
1955 1324 2127 1415 quaedam
2151 1319 2257 1388 dissi-

1268 1428 1402 1497 mulare
1417 1451 1456 1495 ac
1468 1438 1601 1515 tegere,
1627 1428 1697 1495 alia
1717 1449 1897 1518 promere,
1922 1437 1963 1494 ut
1977 1438 2145 1516 tanquam
2164 1422 2258 1492 inter

1267 1530 1408 1597 umbras
1422 1528 1558 1598 lumina
1576 1542 1748 1598 extentae
1765 1529 1955 1598 emineant.
1991 1522 2055 1595 Est
2071 1525 2164 1594 enim
2181 1523 2260 1593 elo-

1268 1631 1410 1724 quentia
1433 1630 1580 1698 omnino
1601 1631 1753 1721 amplius
1773 1632 1961 1723 quiddam,
1994 1650 2100 1720 quam
2122 1625 2258 1695 tumul-

1269 1732 1380 1801 tuaria
1396 1733 1586 1801 verborum
1612 1733 1803 1821 congeries.
1854 1726 1989 1799 Verum
2011 1728 2259 1797 videoerrore

1270 1835 1340 1902 labi
1368 1835 1609 1918 iuventutem,
1649 1856 1845 1927 quaecum
1876 1832 2009 1902 nesciat
2035 1828 2260 1922 eloquentiae
2320 1870 2322 1874 -

1267 1959 1346 2003 cum
1371 1935 1442 2001 vim
1465 1948 1541 2003 tum
1567 1949 1751 2020 naturam,
1783 1957 1858 2002 non
1883 1934 2077 2004 arbitratur
2100 1930 2260 2022 precium

1269 2036 1413 2127 aliquod
1436 2061 1563 2126 operae
1586 2039 1679 2120 lore,
1709 2060 1773 2106 cur
1795 2059 1871 2104 eam
1896 2036 1962 2105 sibi
1984 2034 2118 2103 maiore
2139 2030 2257 2102 studio

1269 2139 1563 2229 contentioneque
1586 2152 1702 2230 paret,
1729 2152 1762 2207 et
1783 2138 1922 2206 laudari
1946 2161 1967 2206 a
1992 2136 2097 2204 nobis
2121 2134 2259 2225 profes-

1268 2239 1416 2308 sorculis
1443 2253 1540 2329 putat
1562 2239 1701 2327 vulgari
1725 2262 1841 2322 more,
1871 2238 2168 2330 quemadmodum
2195 2256 2260 2305 sua

1270 2354 1423 2429 ungenta
1456 2343 1570 2411 solent
1597 2336 1913 2431 Pharmacopolae:
1950 2365 2015 2408 nec
2041 2339 2258 2429 optimorum

1271 2441 1699 2535 prudentissimorumq'ue
1721 2438 1908 2512 hominum
1929 2436 2143 2512 authoritate
2162 2464 2255 2508 com-

1270 2557 1453 2628 monetur,
1492 2545 1556 2637 qoi
1581 2546 1625 2613 ad
1658 2544 1754 2612 illius
1783 2545 1940 2614 studium
1970 2568 2042 2614 una
2062 2567 2146 2613 voce
2171 2542 2260 2609 adu-

1270 2647 1436 2714 lescentes
1460 2659 1495 2715 et
1517 2645 1697 2715 communi
1716 2646 1858 2715 classico
1875 2647 2037 2718 invitant.
2088 2642 2260 2713 Miseram

1271 2743 1457 2841 hominum
1479 2747 1743 2830 conditionem,
1768 2733 1930 2841 quandd,
1956 2762 1995 2817 ut
2020 2770 2179 2841 quaeque
2205 2766 2259 2812 res
2310 2792 2313 2797 -

1269 2849 1402 2939 optima
1428 2864 1494 2930 est,
1523 2849 1570 2917 ita
1595 2848 1799 2937 longissime
1821 2874 1841 2919 a
1860 2864 2049 2941 conspectu
2064 2860 2185 2917 nostro
2202 2869 2260 2914 re-

1270 2952 1381 3034 cessit,
1406 2950 1622 3044 mioimeque
1638 2952 1850 3041 agnoscitur.
1888 2950 1963 3022 Nec
1978 2950 2170 3021 dubitarim
2185 2970 2260 3037 ego,

1271 3051 1359 3144 quin
1390 3053 1419 3119 si
1443 3054 1556 3122 oeulis
1576 3055 1675 3122 cerni
1702 3069 1817 3144 posset
1844 3055 2065 3147 eloquentiae
2092 3050 2257 3140 dignitas,

1271 3154 1469 3238 mirabiles,
1495 3170 1533 3224 ut
1555 3154 1616 3222 ille
1632 3155 1699 3236 ait,
1725 3177 1861 3222 amores
1881 3156 1935 3220 sui
1960 3158 2134 3226 excitaret.
2187 3152 2256 3220 Sed

1271 3279 1350 3324 cum
1372 3251 1658 3338 casu'iuventus,
1683 3275 1757 3321 non
1779 3253 1915 3320 ratione
1931 3255 2045 3333 vivat,
2073 3251 2258 3323 temerario

1271 3357 1425 3449 quodam
1442 3355 1576 3444 impetu
1592 3357 1635 3423 ad
1654 3377 1691 3422 ea
1705 3353 1893 3438 delabitur,
1919 3378 2008 3445 quae
2024 3354 2130 3441 vulgo
2147 3353 2260 3420 maxi-

1273 3481 1328 3524 me
1347 3457 1580 3527 celebrantur.
1621 3454 1741 3543 Quare
1757 3456 1786 3524 si
1802 3455 1882 3547 quis
1896 3467 1947 3524 est
1961 3478 2034 3523 non
2051 3454 2260 3543 imprudens

1272 3583 1389 3647 rerum
1412 3558 1634 3644 aestimator,
1659 3557 1690 3625 is
1706 3559 1799 3648 apud
1824 3580 1860 3624 se
1883 3558 2075 3648 expendat,
2103 3553 2259 3643 primum

1272 3655 1364 3728 nihil
1378 3684 1460 3743 esse,
1487 3660 1586 3729 carius
1600 3683 1683 3729 usus
1695 3659 1800 3728 latius
1817 3672 1943 3750 pateat,
1967 3682 2070 3750 quam
2086 3654 2261 3725 sermonis

1272 3764 1467 3833 commoda.
1519 3755 1651 3830 Omnis
1666 3757 1854 3830 hominum
1877 3760 2039 3844 societas,
2060 3759 2151 3828 ratio
2167 3757 2261 3825 vitae

1273 3864 1508 3934 instituendae
1537 3864 1679 3954 publice
1708 3886 1747 3932 ae
1779 3863 1966 3953 privatim,
1997 3859 2260 3953 conquirendo-

1273 3989 1422 4059 rumque
1443 3966 1604 4064 omnium
1628 3966 1758 4058 quibus
1779 3966 1888 4036 vitam
1918 3978 2074 4047 tuemur,
2106 3961 2260 4052 denique

1272 4068 1478 4138 commercia
1500 4068 1620 4138 omnia
1642 4091 1804 4136 sermone
1830 4067 2068 4136 continentur,
2120 4062 2260 4133 Deinde

1274 4168 1479 4260 persuadeat
1501 4171 1569 4237 sibi
1594 4170 1773 4237 neminem
1801 4169 1958 4259 adposite
1980 4192 2020 4235 ac
2041 4165 2196 4235 dilucide
2217 4163 2260 4234 de

1273 4272 1344 4340 ulla
1361 4296 1398 4340 re
1414 4272 1591 4339 dicturum
1609 4293 1700 4355 esse,
1726 4270 1793 4339 nisi
1809 4271 1873 4363 qui
1894 4284 1967 4340 arte
1982 4272 2151 4361 quadam,
2177 4263 2261 4332 imi-

1272 4374 1474 4465 tationeque
1497 4373 1713 4464 optimorum
1739 4386 1771 4441 et
1800 4396 1924 4462 magna
1950 4395 2032 4439 cura
2062 4368 2260 4439 orationem

1272 4500 1310 4542 ea
1334 4476 1454 4562 lingua
1479 4476 1710 4566 qua‘publice
1734 4473 1904 4557 utimur,
1921 4472 2094 4544 formarit.
2152 4467 2260 4558 Quod

1271 4577 1334 4644 ubi
1350 4578 1654 4659 animadverterit,
1680 4570 1775 4645 haud
1794 4575 1902 4644 dubie
1916 4569 2007 4641 nihil
2025 4574 2141 4663 prius,
2166 4565 2260 4639 nihil

1272 4678 1453 4770 antiquius
1470 4672 1615 4747 habebit
1629 4679 1804 4747 discendis
1818 4676 1987 4769 loquendi
2004 4676 2149 4745 artibus.
2176 4672 2261 4742 Sive

1273 4781 1366 4848 enim
1384 4780 1532 4848 consilio
1550 4780 1609 4847 alii
1628 4779 1775 4849 iuvandi
1791 4794 1884 4863 sunt,
1910 4777 1982 4846 sive
1999 4777 2159 4858 docendi,
2186 4774 2260 4842 sive

1273 4883 1445 4952 tuendum
1466 4895 1516 4951 est
1541 4883 1666 4970 dogma
1690 4883 1855 4974 aliquod,
1881 4880 1955 4947 sive
1969 4881 2012 4947 de
2028 4879 2120 4957 iure,
2145 4899 2259 4968 aequo

1271 5009 1311 5053 ac
1327 4983 1672 5052 bonodissereudum
1690 4996 1750 5066 est,
1769 4978 1882 5049 nihilo
1900 4982 1978 5070 plus
1996 4982 2133 5061 efficias,
2153 5001 2259 5069 quam

1272 5086 1309 5152 in
1333 5086 1445 5153 scenis
1468 5099 1585 5153 mutae
1608 5108 1778 5175 personae
1800 5084 1932 5164 solent,
1959 5084 2029 5151 nisi
2050 5096 2124 5151 arte
2138 5080 2260 5149 elabo-

1272 5202 1382 5255 ratam
1402 5187 1595 5256 orationem
1618 5186 1793 5269 attuleris,
1818 5210 1907 5277 quae
1927 5208 1982 5254 res
1998 5185 2164 5253 obscuras
2180 5195 2259 5250 tan-

232 5290 509 5361 exercitatissimi
544 5289 800 5378 praestiterint,
846 5291 972 5359 necubi
1009 5304 1219 5359 structuram
1271 5313 1374 5382 quam
1398 5288 1435 5356 in
1458 5290 1593 5358 lumine
1619 5289 1776 5360 collocet.
1828 5287 1910 5356 Non
1934 5287 2060 5376 ignoro
2078 5310 2169 5363 esse,
2197 5284 2261 5377 qui

231 5394 402 5464 orationis
417 5418 456 5461 ac
472 5386 617 5483 phrasin
633 5391 784 5460 violent:
811 5395 944 5485 quaesi
963 5392 1082 5463 vitiata
1100 5393 1220 5476 suerit,
1270 5392 1476 5480 elegantiam
1495 5416 1513 5460 a
1531 5405 1623 5462 recte
1644 5390 1813 5482 loquendi
1835 5390 1970 5458 ratione
1987 5401 2168 5480 separant,
2194 5410 2261 5458 nec

231 5516 369 5567 necesse
384 5508 436 5566 est
452 5492 648 5565 orationem
667 5494 904 5565 obscuriorem
927 5496 1039 5567 reddi.
1093 5491 1145 5569 At
1160 5490 1219 5564 llic
1270 5496 1401 5567 referre
1421 5506 1569 5584 putant,
1595 5495 1702 5562 modo
1724 5517 1796 5562 rem
1822 5492 1999 5576 indicent,
2021 5492 2262 5585 qualicunque
