4732 6030
244 341 318 416 761
636 321 795 400 DECL.
828 318 903 434 DE
934 317 1137 397 DlCTO:
1177 315 1456 398 ATTENDE
1488 313 1776 394 LECTIONI
1802 335 1886 393 nro.
2030 377 2034 385 .
2213 318 2298 401 752

281 590 284 596 ι
350 500 504 586 ,ᾳςριρο
519 490 711 576 Anbaltiooio
730 487 1169 582 synodo‘psstornmfflieluose
1180 495 1246 612 him
1296 491 1760 584 theum‚70b13pr0p0n02
1787 487 1942 561 Attende
1968 487 2136 579 lectioni,
2160 488 2300 569 gdhor,

350 559 975 705 ἶᾞξῆζιῧῧῖιξῒζζὲωηὴΜ“”ὴω3“
1036 558 1099 617 m·
1114 558 1164 632 ΒΨ
1214 575 1245 612 ι’
1296 597 1425 671 tationi
1454 609 1488 668 et
1519 594 1713 665 doctrinae.
1773 589 1854 663 Hoc
1882 606 2110 686 pracceptum
2131 595 2230 668 inter
2260 623 2300 672 ea

1298 720 1544 782 numeremus,
1575 718 1665 790 quae
1688 695 1733 764 ad
1750 717 1873 764 omnes
1888 695 2088 786 pertinent,
2116 711 2151 769 et
2165 701 2301 793 quibus

257 785 385 860 ΜΟ
413 773 625 872 [maim]
650 769 698 846 de
725 769 827 895 dm?
848 772 962 895 ΡΜ
991 763 1249 893 LTWJ'A'
1299 804 1541 890 obtemperare
1562 821 1686 868 omnes
1702 818 1843 866 necesse
1868 809 1929 868 est.
1984 795 2094 869 Vetus
2117 813 2171 871 est
2191 805 2301 891 enim,

256 880 424 960 Atteade
444 881 616 968 lectioni,
641 876 883 948 consolatione
904 883 943 946 et
967 869 1250 946 banereem.
1299 904 1384 972 inde
1401 924 1512 994 usque
1527 925 1548 970 a
1565 897 1742 991 principio
1753 899 1792 966 in
1803 893 1961 968 Ecclesia
1977 921 2012 969 sa
2016 924 2034 969 e
2037 925 2079 992 pe
2093 906 2301 994 repastum·

258 1004 425 1095 satutari
447 992 906 1096 contilio'primfflttlesia
923 998 1252 1091 ⁸latlmAp081010·
1299 1003 1391 1077 Nam
1407 1002 1454 1071 ita
1472 999 1744 1072 Deuteronomii
1766 1013 1863 1069 sexto
1881 1000 1999 1094 inquit
2016 999 2132 1072 Deus:
2157 1001 2301 1080 Erunt.

259 1141 340 1193 rum
354 1111 573 1205 temporibus
582 1104 679 1178 hunc
694 1129 828 1176 morem
843 1104 1018 1186 instituit,
1043 1117 1083 1173 ιιι
1099 1115 1252 1194 quotan·
1302 1128 1370 1199 que
1383 1105 1490 1172 verba
1505 1098 1612 1186 haec,
1639 1124 1729 1194 quae
1747 1123 1809 1191 ego
1827 1102 2004 1194 praecipio
2022 1104 2090 1175 tibi
2109 1099 2236 1193 hodie,
2258 1109 2300 1179 in

261 1220 320 1293 bis
344 1217 384 1284 in
405 1213 563 1308 qualibet
586 1208 768 1301 provincia
789 1221 947 1298 pastores
964 1205 1162 1273 vicinarum
1182 1198 1253 1272 Ec·
1303 1209 1506 1289 cordetuo,
1532 1216 1566 1273 et
1581 1202 1742 1272 narrabis
1751 1226 1791 1272 ea
1806 1203 1889 1273 liliis
1904 1206 1992 1288 tuis,
2018 1220 2053 1277 et
2067 1208 2298 1280 meditaberis

264 1318 452 1393 clesiarum
481 1338 503 1383 a
534 1335 599 1382 suo
620 1313 855 1400 gubernatore
882 1319 1178 1387 convocarentur,
1214 1313 1256 1373 ut
1305 1309 1428 1378 sedens
1445 1306 1483 1374 in
1500 1306 1607 1375 domo
1625 1317 1700 1388 tua,
1727 1317 1762 1374 et
1778 1305 1965 1376 ambulans
1982 1306 2022 1375 in
2042 1308 2189 1395 itinere,
2212 1314 2298 1381 dor-

123 1400 130 1408 .
231 1423 362 1508 geret
390 1415 561 1507 inspectio
583 1412 764 1483 doctrinae
789 1423 825 1480 et
855 1431 1017 1491 mamm,
1056 1421 1090 1476 et
1118 1405 1256 1474 delibe-
1305 1410 1419 1479 miens
1443 1421 1477 1477 et
1500 1401 1665 1495 surgens,
1698 1418 1733 1476 et
1755 1404 1883 1494 ligabis
1907 1430 1947 1476 ea
1973 1412 2074 1501 quasi
2099 1411 2242 1500 signum
2260 1414 2297 1483 in

267 1522 423 1595 rationes
455 1520 500 1588 de
534 1514 614 1583 aliis
647 1512 752 1583 rebus
784 1509 989 1580 necessariis
1021 1504 1257 1578 haberentur.
1307 1532 1414 1580 manu
1433 1522 1516 1593 tua,
1549 1521 1590 1577 ut
1613 1507 1744 1577 sintin
1775 1521 1982 1598 conspectu,
2014 1523 2049 1581 et
2071 1511 2246 1584 inscribo
2260 1538 2299 1586 ea

266 1622 403 1717 Estque
419 1615 650 1688 rectissimum
674 1612 787 1682 ordiri
809 1608 875 1682 hos
892 1620 1088 1681 conventus
1102 1633 1121 1678 a
1137 1631 1258 1700 preca·
1307 1611 1425 1683 limini
1440 1625 1474 1682 et
1488 1609 1588 1680 ostiis
1604 1609 1732 1678 domus
1746 1620 1840 1682 tuae.

268 1726 387 1805 tione,
411 1732 446 1789 et
462 1717 580 1809 aliqua
597 1712 655 1804 pia
677 1712 1029 1783 commonefactione:
1047 1710 1136 1785 ,ideo
1153 1709 1258 1778 initio
1404 1708 1502 1781 Haec
1517 1712 1625 1781 verba
1638 1725 1726 1781 note
1739 1730 1812 1778 esse
1828 1709 1994 1781 omnibus
2007 1712 2181 1799 arbitror,
2207 1741 2301 1809 qno·

270 1846 409 1896 mecum
426 1818 519 1888 veris
534 1829 568 1885 et
584 1815 792 1884 ardentibus
808 1813 1008 1882 animorum
1030 1811 1123 1881 votis
1139 1832 1260 1901 preca·
1308 1807 1388 1886 rum
1403 1813 1576 1883 sententia
1591 1811 1717 1881 crebro
1732 1809 1863 1879 deinde
1879 1811 2024 1903 repetita
2038 1827 2100 1886 est.
2140 1813 2301 1888 UtPsal-

270 1925 380 1996 mini:
412 1919 446 1992 'l‘
448 1943 466 1987 e
482 1915 710 2006 omnipotens
719 1914 837 1996 Deus,
861 1926 1002 1983 aeterne
1019 1925 1053 1982 et
1070 1913 1175 1982 unice
1197 1933 1260 2002 pa-
1309 1941 1367 1985 mo
1382 1914 1515 2006 primo:
1544 1911 1586 1982 ln
1606 1911 1682 2002 lege
1705 1912 1780 1982 eius
1803 1912 2030 1985 meditabitur
2043 1915 2102 1985 die
2121 1938 2162 1986 ac
2178 1932 2299 1989 nocte.

272 2043 328 2098 ter
342 2019 491 2094 Domini
505 2016 619 2087 nostri
637 2015 715 2085 lesu
736 2009 889 2094 Christi,
916 2015 1080 2084 conditor
1099 2012 1260 2082 omnium
1309 2016 1363 2088 Ac
1383 2029 1423 2086 ut
1443 2014 1557 2085 multa
1582 2015 1763 2099 omittam,
1788 2037 1857 2082 vox
1879 2015 2012 2085 aeterni
2028 2015 2138 2106 patris
2159 2020 2205 2087 de
2224 2019 2302 2089 lilio

272 2148 413 2208 rerum,
438 2133 474 2193 et
485 2130 711 2189 conservator
725 2127 759 2184 et
771 2114 985 2207 opitulator,
1010 2114 1176 2184 conditor
1191 2109 1261 2182 Ec·
1310 2117 1465 2188 clamitat
1489 2117 1534 2185 ad
1555 2115 1761 2184 universum
1786 2136 1897 2203 genus
1914 2110 2130 2189 humanum:
2163 2117 2236 2191 Hic
2250 2135 2302 2192 est

274 2227 400 2299 clesiae
422 2237 520 2304 tuae,
544 2242 616 2288 una
639 2242 718 2288 curn
740 2217 814 2287 filio
831 2229 894 2286 tuo
910 2227 1112 2300 coaeterno,
1135 2211 1262 2284 Domi·
1310 2219 1403 2288 filius
1424 2239 1524 2287 meus
1546 2216 1715 2294 dilectus,
1747 2210 1844 2284 hunc
1864 2218 1996 2289 audite.
2056 2216 2179 2308 Quare
2198 2246 2302 2313 prae·

273 2337 325 2399 no
339 2339 461 2396 nostro
472 2320 552 2390 lesu
562 2314 724 2401 Christo,
748 2331 782 2388 et
798 2317 935 2409 Spiritu
950 2329 1089 2400 sancto,
1113 2315 1263 2405 sapiens,
1311 2333 1451 2410 ceptum
1476 2319 1521 2387 de
1542 2317 1784 2405 cognoscenda
1806 2317 1986 2403 doctrina,
2017 2343 2107 2413 qnae
2124 2317 2301 2394 Ecclesiae

274 2433 388 2511 bone,
413 2422 627 2512 misericors,
653 2442 777 2500 verax,
802 2418 912 2502 iuste,
937 2416 1137 2496 liberrime,
1161 2415 1262 2485 fortis
1311 2446 1330 2491 a
1345 2415 1422 2491 Deo
1437 2417 1567 2489 tradita
1584 2431 1654 2502 est,
1675 2438 1813 2507 semper
1826 2419 2053 2510 praecipuum
2068 2423 2146 2493 luit.

274 2545 308 2602 ct
322 2530 446 2611 iudex,
460 2544 615 2600 oremus,
630 2516 947 2611 utproplerlesum
956 2512 1140 2589 Christum
1149 2517 1261 2586 filium
1410 2517 1546 2592 Eadem
1562 2531 1597 2588 et
1615 2517 1790 2589 sententia
1813 2532 1864 2589 est
1881 2517 2051 2592 Paulinae
2067 2523 2183 2610 vocis,
2208 2548 2302 2618 quae

274 2650 376 2703 tuum
410 2623 606 2696 Dominum
643 2635 823 2709 nostrum,
865 2621 1067 2689 crucifixum
1099 2642 1164 2708 pro
1196 2641 1263 2685 no·
1312 2646 1394 2692 cnm
1406 2622 1451 2691 de
1467 2642 1505 2688 re
1523 2619 1674 2689 maxima
1693 2619 1942 2703 condonetur,
1977 2635 2106 2695 attente
2122 2649 2199 2696 eam
2215 2651 2303 2698 con-

273 2733 330 2806 bis
353 2744 389 2801 et
412 2724 674 2801 resuscitatum,
705 2713 789 2818 ldye
809 2717 873 2792 καὶ
893 2714 1018 2792 εἰκόνα
1041 2714 1165 2791 ἀΐδιον
1181 2740 1262 2802 σου,
1312 2724 1523 2794 rideremus:
1555 2732 1590 2790 et
1612 2720 1710 2812 quod
1730 2720 1830 2791 iubet
1850 2721 1924 2814 ipse
1939 2721 2091 2810 Paulus,
2113 2729 2302 2798 attenden-

254 2862 258 2869 ·
274 2859 380 2928 quem
397 2826 541 2899 voluisti
557 2847 620 2914 pro
635 2824 737 2893 nobis
753 2845 826 2895 esse
842 2823 1018 2892 victimam
1034 2817 1096 2892 καὶ
1108 2815 1263 2913 μεσίτην
1312 2826 1398 2893 dum
1420 2843 1494 2892 esse
1515 2820 1678 2905 lectioni,
1711 2821 1747 2892 id
1773 2822 1941 2894 faciamus
1960 2826 1997 2895 in
2016 2820 2082 2895 hoc
2098 2826 2174 2918 ipso
2192 2828 2302 2914 dicto,

183 2962 186 2967 ·
274 2931 338 3008 καὶ
354 2929 497 3024 ἱκέτην,
532 2938 572 2997 ιιι
586 2927 754 2996 accendas
769 2925 874 2994 corda
894 2937 1012 2994 nostra
1028 2923 1166 3013 Spiritu
1182 2944 1264 2990 san·
1313 2920 1380 2994 hoc
1396 2936 1466 3008 est,
1490 2944 1572 2992 cum
1589 2923 1744 3013 quadam
1759 2923 1958 2996 intentione
1972 2925 2082 2997 animi
2096 2929 2301 3000 considere·

124 3083 131 3103 ι
223 3068 226 3073 ·
276 3050 332 3106 cto
348 3048 428 3117 tuo,
453 3047 488 3101 et
503 3027 647 3118 colligas
662 3026 728 3096 tibi
741 3022 935 3097 Ecclesiam
955 3038 1131 3094 aeternam
1150 3023 1188 3091 in
1207 3018 1263 3091 his
1313 3047 1391 3096 mus
1405 3020 1607 3117 quisdicat.
1647 3021 1796 3094 Initium
1809 3040 1925 3097 autem
1940 3029 2302 3101 enarrationitsuma.

277 3136 407 3204 ¹10⁵lris
430 3130 653 3219 regionibus,
688 3150 835 3220 eamque
856 3149 954 3216 regas
977 3138 1012 3195 et
1034 3147 1166 3210 serves,
1198 3146 1264 3193 nec
1313 3141 1373 3199 tur
1388 3149 1407 3195 a
1421 3116 1695 3216 reprehensione
1708 3125 1915 3197 falsissimae
1929 3131 2196 3219 persuasionis,
2212 3156 2301 3225 quae

214 3253 220 3267 ‘
276 3238 373 3307 sinas
396 3230 553 3317 extingui
572 3229 686 3296 lucem
699 3224 884 3315 Evangelii
907 3228 979 3310 tui,
1004 3241 1037 3296 et
1053 3227 1183 3298 tuearis
1199 3228 1265 3295 do·
1313 3228 1510 3297 multorum
1530 3225 1670 3295 animos
1691 3247 1863 3314 sempera
1883 3230 2025 3318 scriptis
2039 3229 2255 3324 propheticis
2268 3247 2302 3304 et

209 3366 215 3386 ‘
278 3336 413 3408 ctrinae
436 3327 595 3402 coelestis
620 3327 736 3394 studia
761 3340 794 3395 et
820 3326 1064 3415 disciplinam,
1091 3329 1265 3396 etdelen-
1314 3326 1516 3420 apostolicis
1537 3325 1698 3408 abduxit,
1723 3337 1757 3393 et
1771 3322 1924 3395 abducit
1977 3326 2092 3402 Multi
2104 3336 2302 3407 doctrinam

272 3442 341 3510 das
360 3459 400 3506 ac
424 3433 598 3524 gubernes
619 3420 771 3518 hospitia
787 3420 1043 3509 Ecclesiarum,
1064 3439 1114 3496 ,ut
1129 3420 1267 3516 semper
1315 3430 1358 3496 de
1373 3428 1553 3511 moribus,
1584 3447 1672 3520 quae
1689 3423 1845 3493 nascitur
1865 3423 2053 3496 nobiscum
2064 3478 2077 3519 ‚
2100 3457 2162 3504 seu
2180 3432 2303 3505 Philo.

277 3543 317 3609 in
330 3534 387 3608 his
401 3533 610 3623 regionibus
621 3529 696 3600 sint
710 3526 761 3625 pii
777 3539 895 3596 coetus
913 3539 948 3596 te
965 3549 1045 3594 vere
1062 3527 1266 3597 invocantes
1314 3522 1477 3621 sophiam
1500 3527 1658 3599 sufficere
1685 3523 1886 3596 existimant
1910 3527 1955 3595 ad
1977 3530 2198 3617 agnitionem
2219 3534 2304 3607 Det:

279 3656 314 3712 et
338 3637 563 3709 celebrantes.
634 3627 796 3722 Cumque
827 3627 974 3697 dixeris:
1016 3625 1166 3719 Propter
1198 3650 1265 3710 me,
1314 3653 1381 3700 nec
1402 3643 1582 3722 praeterea
1605 3626 1702 3697 aliud
1726 3648 1836 3717 genus
1858 3627 2035 3699 doctrinae
2047 3648 2235 3722 expetunt,
2263 3660 2305 3706 ac

202 3746 205 3751 ’
276 3753 424 3836 propter
443 3759 501 3806 me
520 3733 664 3816 faciam,
694 3726 736 3802 ,ιιι
749 3752 823 3798 non
847 3724 1088 3820 blasphemer,
1114 3728 1265 3820 supplici
1315 3726 1483 3801 horribili
1501 3729 1667 3822 superbia
1691 3740 1923 3799 contemnunt
1939 3731 2183 3820 patefactiones
2204 3736 2305 3802 divi-

276 3856 417 3937 pectore
431 3858 592 3920 oramus,
611 3847 651 3903 ut
665 3844 809 3923 propter
823 3831 973 3920 gloriam
990 3845 1103 3914 tuam,
1124 3843 1266 3903 aeterne
1314 3854 1397 3917 nas,
1424 3833 1553 3924 scripta
1568 3825 1772 3922 prophetica
1795 3841 1830 3899 et
1852 3830 2061 3921 apostolica,
2085 3845 2119 3904 et
2137 3833 2304 3905 ministe-

274 3940 392 4025 Deus,
415 3935 502 4010 baec
521 3938 615 4008 bona
632 3934 737 4004 nobis
753 3947 924 4024 praestes,
949 3930 1077 4004 Amen.
1215 4010 1218 4015 ,
1315 3935 1409 4004 rium
1432 3932 1684 4020 evangelicum.
1734 3929 1846 4002 Multi
1862 3930 1983 4016 etiam,
2007 3932 2070 4024 qni
2092 3933 2307 4026 vitae-prae-

376 4040 480 4113 Hanc
495 4037 730 4130 precationem
746 4035 809 4105 etsi
824 4035 927 4103 initio
945 4047 1140 4104 conventus
1152 4034 1266 4104 lacere
1315 4047 1413 4129 cepta
1437 4034 1476 4104 in
1498 4027 1693 4126 prophanis
1713 4032 1849 4122 legibus
1873 4033 2058 4124 etscriptis
2079 4038 2257 4106 concinne
2273 4048 2306 4106 et

273 4161 371 4219 nunc·
396 4141 548 4211 maxime
568 4135 754 4217 convenit,
787 4149 905 4204 tamen
925 4135 1063 4205 assidue
1080 4135 1263 4206 uobiscum
1314 4149 1389 4206 arte
1405 4137 1558 4229 quadam
1575 4134 1763 4205 distributa
1784 4155 1857 4202 esse
1879 4132 2017 4214 vident,
2044 4135 2150 4226 longe
2172 4138 2306 4209 anteie-

276 4260 493 4340 repetamus,
520 4262 592 4306 noo
609 4237 723 4305 solum
745 4235 784 4300 iu
809 4234 948 4324 templis
965 4248 999 4304 et
1014 4236 1166 4324 publicis
1178 4261 1266 4306 con·
1315 4251 1400 4307 runt
1415 4260 1475 4307 eos
1484 4237 1596 4307 libros
1614 4235 1797 4305 doctrinae
1813 4234 1976 4316 coelesti,
1999 4260 2105 4327 quam
2120 4260 2195 4309 non
2209 4239 2306 4312 iudi·-

275 4345 471 4436 gressibus,
504 4339 565 4406 sed
587 4336 692 4405 etiam
716 4358 796 4403 cum
819 4336 885 4402 soli
907 4357 1047 4416 scimus,
1072 4337 1265 4424 cogitantes
1315 4353 1397 4408 cant
1412 4336 1774 4428 simili-diligentiam
1789 4346 1864 4405 arte
1880 4335 2046 4428 scriptam
2064 4361 2147 4408 esse.

276 4451 321 4516 de
336 4456 456 4513 nostra
472 4437 602 4515 ”lutea
628 4447 664 4505 01
677 4434 723 4502 de
738 4429 914 4512 Ecclesia,
940 4433 1108 4506 omnibus
1127 4436 1213 4506 locis
1230 4452 1265 4510 et
1417 4438 1522 4529 Quid·
1532 4439 1658 4528 igitur,
1689 4436 1876 4530 inquiunt,
1901 4459 1992 4528 opus
2009 4452 2061 4508 est
2075 4441 2306 4530 patefactione

276 4543 507 4639 temporibus
738 4542 744 4553 ’
1314 4538 1406 4611 Dei?
1451 4540 1550 4629 Quid
1562 4539 1664 4609 libris
1685 4532 1902 4629 propheticis
1921 4553 1957 4608 et
1979 4541 2204 4629 apostolicis?
2243 4541 2307 4612 Vi-

376 4645 467 4718 Cum
487 4655 604 4712 antem
620 4630 957 4709 etcommonelactio
973 4631 1134 4708 hocloco
1152 4640 1264 4708 deol-
1315 4643 1401 4711 dent
1432 4643 1554 4711 eadem
1583 4638 1661 4708 sine
1688 4637 1801 4708 literis
1831 4633 1994 4707 homines
2018 4638 2215 4730 ingeniosi,
2247 4657 2308 4715 aut

274 4750 354 4818 ficio
378 4763 555 4842 pastorum
578 4741 738 4810 facienda
763 4739 826 4822 sit,
852 4750 887 4808 et
906 4739 992 4809 alias
1012 4741 1057 4809 de
1079 4739 1148 4809 alia
1165 4754 1263 4830 parte
1314 4756 1408 4812 certe
1420 4741 1611 4812 iucundius
1633 4738 1763 4809 tradita
1788 4740 1945 4828 legunta
1963 4740 2103 4812 disertis
2124 4744 2308 4834 scriptori-

189 4868 192 4875 “
275 4851 383 4921 ollicii
403 4846 593 4919 dicendum
617 4844 680 4927 sit,
706 4854 748 4912 ut
769 4839 890 4908 inalia
915 4843 1113 4934 synodode
1133 4844 1264 4913 tuenda
1313 4845 1381 4915 bus
1394 4840 1535 4912 Latinis
1557 4853 1591 4910 et
1614 4838 1786 4910 Graecis?
1824 4836 1860 4910 0
1882 4841 2137 4930 deplorandam
2159 4847 2308 4917 caecits·

273 4975 379 5021 verae
400 4949 582 5019 doctrinae
605 4942 812 5025 concordia,
841 4943 1037 5011 orationem
1060 4938 1188 5014 habui:
1215 4943 1263 5014 ita
1314 4960 1382 5016 tem
1401 4942 1539 5032 generis
1554 4935 1724 5032 humani,
1745 4966 1767 5010 o
1783 4940 2307 5032 flagitiosamingratitudinem.

272 5077 370 5123 nunc
395 5061 565 5121 cessantes
592 5047 635 5115 ad
653 5043 810 5114 studium
828 5043 1029 5123 doctrinae,
1055 5046 1098 5112 ad
1117 5045 1262 5135 legenda
1311 5044 1406 5116 Num
1435 5044 1547 5113 levem
1569 5067 1645 5113 rem
1670 5058 1704 5113 et
1725 5042 1883 5112 ociosum
1907 5046 2146 5133 spectaculum
2172 5050 2310 5121 ducunt

270 5157 399 5244 scripta
424 5142 627 5242 prophetica
656 5159 688 5214 et
713 5143 923 5235 apostolica,
956 5154 991 5213 et
1015 5145 1093 5234 pias
1119 5170 1262 5216 enarra·
1313 5170 1385 5216 esse
1409 5146 1485 5229 isti,
1518 5147 1615 5240 quod
1639 5141 1736 5214 Deus
1759 5168 1800 5213 ex
1823 5143 1884 5212 illa
1902 5165 1963 5212 sua
1986 5168 2112 5218 arcana
2128 5151 2310 5241 sedepro-

269 5259 385 5335 tiones
403 5245 587 5321 adhortari
604 5269 667 5315 vos
688 5244 844 5324 decrevi,
871 5247 966 5336 quod
983 5259 1022 5315 ut
1046 5246 1262 5338 intelligatis,
1312 5247 1431 5328 diens,
1464 5249 1582 5318 statim
1614 5246 1720 5315 initio
1749 5260 1783 5316 et
1803 5244 1969 5336 deinceps
2001 5269 2121 5339 saepe,
2146 5253 2255 5323 certis
2276 5265 2312 5321 et

268 5355 425 5452 praecipi
449 5373 522 5423 non
545 5367 623 5414 mea
648 5367 750 5425 voce,
786 5346 846 5412 sed
864 5369 949 5416 voce
966 5344 1120 5439 Spiritus
1138 5350 1261 5428 sancti,
1313 5347 1747 5425 illustribustestimoniis
1769 5368 1805 5415 se
1823 5347 1943 5435 generi
1959 5326 2115 5419 humano
2130 5355 2312 5441 patefecit,

268 5462 422 5544 dictum,
457 5449 553 5549 quod
575 5460 669 5520 extat
688 5445 728 5514 iu
748 5441 911 5536 Epistola
931 5445 1034 5520 Pauli
1063 5452 1109 5520 ad
1134 5447 1260 5522 Timo
1313 5474 1377 5522 nos
1395 5450 1573 5524 allocutus
1601 5461 1672 5536 est,
1705 5449 1909 5520 mirandum
1938 5448 2119 5522 decretum
2144 5452 2310 5543 ignotum
