<?xml version="1.0" encoding="UTF-8"?>
<!DOCTYPE html PUBLIC "-//W3C//DTD XHTML 1.0 Transitional//EN"
    "http://www.w3.org/TR/xhtml1/DTD/xhtml1-transitional.dtd">
<html xmlns="http://www.w3.org/1999/xhtml" xml:lang="en" lang="en">
 <head>
  <title>
</title>
<meta http-equiv="Content-Type" content="text/html;charset=utf-8" />
  <meta name='ocr-system' content='tesseract 3.04.00' />
  <meta name='ocr-capabilities' content='ocr_page ocr_carea ocr_par ocr_line ocrx_word'/>
</head>
<body>
  <div class='ocr_page' id='page_1' title='image "./philippimelanth21melagoog/philippimelanth21melagoog_0194.png"; bbox 0 0 4732 6030; ppageno 0'>
   <div class='ocr_carea' id='block_1_1' title="bbox 94 306 2144 392">
    <p class='ocr_par' dir='ltr' id='par_1_1' title="bbox 94 306 2144 392">
     <span class='ocr_line' id='line_1_1' title="bbox 94 306 2144 392; baseline -0.002 -1"><span class='ocrx_word' id='word_1_1' title='bbox 94 315 168 392; x_wconf 78' lang='lat' dir='ltr'><strong>aot</strong></span> <span class='ocrx_word' id='word_1_2' title='bbox 642 310 824 389; x_wconf 72' lang='lat' dir='ltr'><strong>tanet.</strong></span> <span class='ocrx_word' id='word_1_3' title='bbox 873 310 949 389; x_wconf 78' lang='lat' dir='ltr'><strong>DE</strong></span> <span class='ocrx_word' id='word_1_4' title='bbox 980 306 1319 385; x_wconf 82' lang='lat' dir='ltr'><strong>DIGNlTATE</strong></span> <span class='ocrx_word' id='word_1_5' title='bbox 1350 306 1575 385; x_wconf 83' lang='lat' dir='ltr'><strong>LEGUM.</strong></span> <span class='ocrx_word' id='word_1_6' title='bbox 2066 307 2144 388; x_wconf 74' lang='lat' dir='ltr'><strong>aba</strong></span> 
     </span>
    </p>
   </div>
   <div class='ocr_carea' id='block_1_2' title="bbox 72 475 2240 3128">
    <p class='ocr_par' dir='ltr' id='par_1_2' title="bbox 72 475 2240 3128">
     <span class='ocr_line' id='line_1_2' title="bbox 97 475 2240 577; baseline -0.003 -19"><span class='ocrx_word' id='word_1_7' title='bbox 97 511 198 571; x_wconf 88' lang='lat' dir='ltr'><strong>num,</strong></span> <span class='ocrx_word' id='word_1_8' title='bbox 224 484 427 576; x_wconf 85' lang='lat' dir='ltr'><strong>dissipantis</strong></span> <span class='ocrx_word' id='word_1_9' title='bbox 441 483 601 555; x_wconf 90' lang='lat' dir='ltr'><strong>divinam</strong></span> <span class='ocrx_word' id='word_1_10' title='bbox 614 486 890 577; x_wconf 85' lang='lat' dir='ltr'><strong>ordinationem,</strong></span> <span class='ocrx_word' id='word_1_11' title='bbox 918 487 968 558; x_wconf 90' lang='lat' dir='ltr'><strong>sic</strong></span> <span class='ocrx_word' id='word_1_12' title='bbox 983 487 1094 557; x_wconf 89' lang='lat' dir='ltr'><strong>sciant</strong></span> <span class='ocrx_word' id='word_1_13' title='bbox 1144 481 1294 571; x_wconf 78' lang='lat' dir='ltr'><strong>Quoties</strong></span> <span class='ocrx_word' id='word_1_14' title='bbox 1317 483 1473 553; x_wconf 86' lang='lat' dir='ltr'><strong>affinitas</strong></span> <span class='ocrx_word' id='word_1_15' title='bbox 1495 480 1627 575; x_wconf 79' lang='lat' dir='ltr'>decipit</span> <span class='ocrx_word' id='word_1_16' title='bbox 1654 475 1845 551; x_wconf 86' lang='lat' dir='ltr'><strong>homines?</strong></span> <span class='ocrx_word' id='word_1_17' title='bbox 1887 479 1938 554; x_wconf 91' lang='lat' dir='ltr'><strong>Ut</strong></span> <span class='ocrx_word' id='word_1_18' title='bbox 1959 476 2028 552; x_wconf 90' lang='lat' dir='ltr'><strong>hoc</strong></span> <span class='ocrx_word' id='word_1_19' title='bbox 2052 495 2145 554; x_wconf 87' lang='lat' dir='ltr'><strong>tern-</strong></span> <span class='ocrx_word' id='word_1_20' title='bbox 2233 485 2240 493; x_wconf 84' lang='lat'>&#39;</span> 
     </span>
     <span class='ocr_line' id='line_1_3' title="bbox 98 583 2144 680; baseline -0.002 -21"><span class='ocrx_word' id='word_1_21' title='bbox 98 609 222 668; x_wconf 88' lang='lat' dir='ltr'><strong>omnes</strong></span> <span class='ocrx_word' id='word_1_22' title='bbox 255 587 375 678; x_wconf 85' lang='lat' dir='ltr'><strong>legum</strong></span> <span class='ocrx_word' id='word_1_23' title='bbox 407 601 686 680; x_wconf 76' lang='lat' dir='ltr'><strong>contemptores,</strong></span> <span class='ocrx_word' id='word_1_24' title='bbox 721 613 758 660; x_wconf 89' lang='lat' dir='ltr'><strong>se</strong></span> <span class='ocrx_word' id='word_1_25' title='bbox 783 586 928 659; x_wconf 78' lang='lat' dir='ltr'><strong>Diaboli</strong></span> <span class='ocrx_word' id='word_1_26' title='bbox 961 611 1094 679; x_wconf 87' lang='lat' dir='ltr'><strong>organa</strong></span> <span class='ocrx_word' id='word_1_27' title='bbox 1143 609 1229 678; x_wconf 89' lang='lat' dir='ltr'><strong>pore</strong></span> <span class='ocrx_word' id='word_1_28' title='bbox 1245 609 1353 680; x_wconf 87' lang='lat' dir='ltr'><strong>qoam</strong></span> <span class='ocrx_word' id='word_1_29' title='bbox 1368 586 1520 677; x_wconf 81' lang='lat' dir='ltr'><strong>turpiter</strong></span> <span class='ocrx_word' id='word_1_30' title='bbox 1535 584 1751 678; x_wconf 82' lang='lat' dir='ltr'><strong>praetexitur</strong></span> <span class='ocrx_word' id='word_1_31' title='bbox 1767 583 1954 668; x_wconf 79' lang='lat' dir='ltr'><strong>interesse,</strong></span> <span class='ocrx_word' id='word_1_32' title='bbox 1975 584 2144 656; x_wconf 87' lang='lat' dir='ltr'><strong>immani-</strong></span> 
     </span>
     <span class='ocr_line' id='line_1_4' title="bbox 99 684 2226 783; baseline -0.001 -23"><span class='ocrx_word' id='word_1_33' title='bbox 99 713 190 775; x_wconf 87' lang='lat' dir='ltr'><strong>csse,</strong></span> <span class='ocrx_word' id='word_1_34' title='bbox 213 702 247 760; x_wconf 88' lang='lat' dir='ltr'><strong>et</strong></span> <span class='ocrx_word' id='word_1_35' title='bbox 261 689 407 760; x_wconf 88' lang='lat' dir='ltr'><strong>daturos</strong></span> <span class='ocrx_word' id='word_1_36' title='bbox 425 689 502 760; x_wconf 91' lang='lat' dir='ltr'><strong>Deo</strong></span> <span class='ocrx_word' id='word_1_37' title='bbox 517 714 660 783; x_wconf 90' lang='lat' dir='ltr'><strong>poenas,</strong></span> <span class='ocrx_word' id='word_1_38' title='bbox 685 691 778 763; x_wconf 91' lang='lat' dir='ltr'><strong>sicut</strong></span> <span class='ocrx_word' id='word_1_39' title='bbox 792 693 897 762; x_wconf 86' lang='lat' dir='ltr'><strong>toties</strong></span> <span class='ocrx_word' id='word_1_40' title='bbox 914 691 1008 761; x_wconf 91' lang='lat' dir='ltr'><strong>Deus</strong></span> <span class='ocrx_word' id='word_1_41' title='bbox 1024 691 1093 759; x_wconf 89' lang='lat' dir='ltr'><strong>mi·</strong></span> <span class='ocrx_word' id='word_1_42' title='bbox 1144 688 1210 757; x_wconf 90' lang='lat' dir='ltr'><strong>bus</strong></span> <span class='ocrx_word' id='word_1_43' title='bbox 1226 688 1355 769; x_wconf 85' lang='lat' dir='ltr'><strong>usuris,</strong></span> <span class='ocrx_word' id='word_1_44' title='bbox 1373 688 1555 758; x_wconf 88' lang='lat' dir='ltr'><strong>interdum</strong></span> <span class='ocrx_word' id='word_1_45' title='bbox 1569 686 1660 757; x_wconf 85' lang='lat' dir='ltr'><strong>falso</strong></span> <span class='ocrx_word' id='word_1_46' title='bbox 1675 697 1858 777; x_wconf 88' lang='lat' dir='ltr'><strong>praetextu</strong></span> <span class='ocrx_word' id='word_1_47' title='bbox 1874 684 2061 773; x_wconf 88' lang='lat' dir='ltr'><strong>societatis,</strong></span> <span class='ocrx_word' id='word_1_48' title='bbox 2085 687 2146 758; x_wconf 90' lang='lat' dir='ltr'><strong>in·</strong></span> <span class='ocrx_word' id='word_1_49' title='bbox 2207 723 2226 737; x_wconf 49' lang='grc'><strong>-’</strong></span> 
     </span>
     <span class='ocr_line' id='line_1_5' title="bbox 99 789 2143 886; baseline -0.002 -23"><span class='ocrx_word' id='word_1_50' title='bbox 99 806 225 872; x_wconf 88' lang='lat' dir='ltr'><strong>natur,</strong></span> <span class='ocrx_word' id='word_1_51' title='bbox 268 805 303 863; x_wconf 89' lang='lat' dir='ltr'><strong>et</strong></span> <span class='ocrx_word' id='word_1_52' title='bbox 336 805 511 864; x_wconf 78' lang='lat' dir='ltr'><strong>testantur</strong></span> <span class='ocrx_word' id='word_1_53' title='bbox 544 795 703 886; x_wconf 79' lang='lat' dir='ltr'><strong>exempla</strong></span> <span class='ocrx_word' id='word_1_54' title='bbox 738 795 901 864; x_wconf 89' lang='lat' dir='ltr'><strong>omnium</strong></span> <span class='ocrx_word' id='word_1_55' title='bbox 929 807 1095 867; x_wconf 89' lang='lat' dir='ltr'><strong>aetatum.</strong></span> <span class='ocrx_word' id='word_1_56' title='bbox 1143 791 1284 860; x_wconf 89' lang='lat' dir='ltr'><strong>tardum</strong></span> <span class='ocrx_word' id='word_1_57' title='bbox 1302 790 1478 862; x_wconf 89' lang='lat' dir='ltr'><strong>simulatis</strong></span> <span class='ocrx_word' id='word_1_58' title='bbox 1495 789 1736 882; x_wconf 80' lang='lat' dir='ltr'><strong>emptionibus</strong></span> <span class='ocrx_word' id='word_1_59' title='bbox 1751 789 1938 879; x_wconf 84' lang='lat' dir='ltr'><strong>voragines</strong></span> <span class='ocrx_word' id='word_1_60' title='bbox 1951 811 2143 860; x_wconf 89' lang='lat' dir='ltr'><strong>usurarum</strong></span> 
     </span>
     <span class='ocr_line' id='line_1_6' title="bbox 99 886 2144 988; baseline -0.001 -23"><span class='ocrx_word' id='word_1_61' title='bbox 99 891 221 965; x_wconf 87' lang='lat' dir='ltr'><strong>Cernit</strong></span> <span class='ocrx_word' id='word_1_62' title='bbox 237 892 332 964; x_wconf 88' lang='lat' dir='ltr'><strong>Dens</strong></span> <span class='ocrx_word' id='word_1_63' title='bbox 347 895 509 965; x_wconf 90' lang='lat' dir='ltr'><strong>omnium</strong></span> <span class='ocrx_word' id='word_1_64' title='bbox 527 896 675 981; x_wconf 81' lang='lat' dir='ltr'><strong>vindex,</strong></span> <span class='ocrx_word' id='word_1_65' title='bbox 700 910 733 967; x_wconf 90' lang='lat' dir='ltr'><strong>ct</strong></span> <span class='ocrx_word' id='word_1_66' title='bbox 747 898 804 965; x_wconf 92' lang='lat' dir='ltr'><strong>vel</strong></span> <span class='ocrx_word' id='word_1_67' title='bbox 822 895 1094 988; x_wconf 88' lang='lat' dir='ltr'><strong>Magistratunm</strong></span> <span class='ocrx_word' id='word_1_68' title='bbox 1144 904 1322 981; x_wconf 89' lang='lat' dir='ltr'><strong>teguntur.</strong></span> <span class='ocrx_word' id='word_1_69' title='bbox 1370 890 1468 963; x_wconf 89' lang='lat' dir='ltr'><strong>Haec</strong></span> <span class='ocrx_word' id='word_1_70' title='bbox 1483 886 1704 985; x_wconf 89' lang='lat' dir='ltr'><strong>deprehendi</strong></span> <span class='ocrx_word' id='word_1_71' title='bbox 1720 903 1755 960; x_wconf 91' lang='lat' dir='ltr'><strong>et</strong></span> <span class='ocrx_word' id='word_1_72' title='bbox 1770 891 1954 960; x_wconf 89' lang='lat' dir='ltr'><strong>emendari</strong></span> <span class='ocrx_word' id='word_1_73' title='bbox 1969 890 2046 960; x_wconf 89' lang='lat' dir='ltr'><strong>sine</strong></span> <span class='ocrx_word' id='word_1_74' title='bbox 2060 915 2144 962; x_wconf 91' lang='lat' dir='ltr'><strong>ern-</strong></span> 
     </span>
     <span class='ocr_line' id='line_1_7' title="bbox 100 992 2144 1114; baseline -0.001 -48"><span class='ocrx_word' id='word_1_75' title='bbox 100 996 283 1067; x_wconf 82' lang='lat' dir='ltr'><strong>sententiis</strong></span> <span class='ocrx_word' id='word_1_76' title='bbox 307 1000 452 1088; x_wconf 89' lang='lat' dir='ltr'><strong>praebet</strong></span> <span class='ocrx_word' id='word_1_77' title='bbox 476 998 675 1087; x_wconf 90' lang='lat' dir='ltr'><strong>puniendos</strong></span> <span class='ocrx_word' id='word_1_78' title='bbox 705 1000 908 1090; x_wconf 84' lang='lat' dir='ltr'><strong>improbos,</strong></span> <span class='ocrx_word' id='word_1_79' title='bbox 942 998 1031 1067; x_wconf 88' lang='lat' dir='ltr'><strong>vel</strong></span> <span class='ocrx_word' id='word_1_80' title='bbox 1020 1022 1095 1090; x_wconf 76' lang='lat' dir='ltr'><strong>ipse</strong></span> <span class='ocrx_word' id='word_1_81' title='bbox 1144 994 1301 1082; x_wconf 87' lang='lat' dir='ltr'><strong>ditione,</strong></span> <span class='ocrx_word' id='word_1_82' title='bbox 1325 995 1506 1082; x_wconf 88' lang='lat' dir='ltr'><strong>doctrina,</strong></span> <span class='ocrx_word' id='word_1_83' title='bbox 1535 1017 1609 1066; x_wconf 90' lang='lat' dir='ltr'><strong>non</strong></span> <span class='ocrx_word' id='word_1_84' title='bbox 1635 1006 1796 1086; x_wconf 89' lang='lat' dir='ltr'><strong>possunt.</strong></span> <span class='ocrx_word' id='word_1_85' title='bbox 1850 992 1953 1114; x_wconf 78' lang='lat' dir='ltr'><strong>Quae</strong></span> <span class='ocrx_word' id='word_1_86' title='bbox 1975 992 2144 1065; x_wconf 75' lang='lat' dir='ltr'><strong>tenebrae</strong></span> 
     </span>
     <span class='ocr_line' id='line_1_8' title="bbox 101 1093 2145 1196; baseline -0 -27"><span class='ocrx_word' id='word_1_87' title='bbox 101 1098 179 1169; x_wconf 88' lang='lat' dir='ltr'><strong>aliis</strong></span> <span class='ocrx_word' id='word_1_88' title='bbox 201 1093 393 1168; x_wconf 87' lang='lat' dir='ltr'><strong>horrendis</strong></span> <span class='ocrx_word' id='word_1_89' title='bbox 415 1099 540 1191; x_wconf 89' lang='lat' dir='ltr'><strong>poenis</strong></span> <span class='ocrx_word' id='word_1_90' title='bbox 557 1124 616 1170; x_wconf 91' lang='lat' dir='ltr'><strong>eos</strong></span> <span class='ocrx_word' id='word_1_91' title='bbox 635 1103 822 1175; x_wconf 80' lang='lat' dir='ltr'><strong>excruciat.</strong></span> <span class='ocrx_word' id='word_1_92' title='bbox 874 1100 955 1171; x_wconf 90' lang='lat' dir='ltr'><strong>Non</strong></span> <span class='ocrx_word' id='word_1_93' title='bbox 975 1097 1096 1190; x_wconf 87' lang='lat' dir='ltr'><strong>Magi·</strong></span> <span class='ocrx_word' id='word_1_94' title='bbox 1145 1110 1262 1166; x_wconf 90' lang='lat' dir='ltr'><strong>essent</strong></span> <span class='ocrx_word' id='word_1_95' title='bbox 1287 1097 1521 1183; x_wconf 89' lang='lat' dir='ltr'><strong>iudiciorum,</strong></span> <span class='ocrx_word' id='word_1_96' title='bbox 1547 1121 1638 1196; x_wconf 88' lang='lat' dir='ltr'><strong>qnae</strong></span> <span class='ocrx_word' id='word_1_97' title='bbox 1666 1095 1848 1178; x_wconf 87' lang='lat' dir='ltr'><strong>conlusio,</strong></span> <span class='ocrx_word' id='word_1_98' title='bbox 1875 1095 1905 1166; x_wconf 88' lang='lat' dir='ltr'><strong>si</strong></span> <span class='ocrx_word' id='word_1_99' title='bbox 1928 1118 2003 1165; x_wconf 91' lang='lat' dir='ltr'><strong>non</strong></span> <span class='ocrx_word' id='word_1_100' title='bbox 2026 1111 2145 1168; x_wconf 89' lang='lat' dir='ltr'><strong>essent</strong></span> 
     </span>
     <span class='ocr_line' id='line_1_9' title="bbox 100 1189 2144 1296; baseline -0.001 -26"><span class='ocrx_word' id='word_1_101' title='bbox 100 1213 229 1273; x_wconf 88' lang='lat' dir='ltr'><strong>stratus</strong></span> <span class='ocrx_word' id='word_1_102' title='bbox 245 1195 431 1271; x_wconf 87' lang='lat' dir='ltr'><strong>cohercere</strong></span> <span class='ocrx_word' id='word_1_103' title='bbox 446 1198 614 1273; x_wconf 86' lang='lat' dir='ltr'><strong>Clodium</strong></span> <span class='ocrx_word' id='word_1_104' title='bbox 629 1216 814 1296; x_wconf 90' lang='lat' dir='ltr'><strong>poterant,</strong></span> <span class='ocrx_word' id='word_1_105' title='bbox 839 1201 932 1274; x_wconf 92' lang='lat' dir='ltr'><strong>Milo</strong></span> <span class='ocrx_word' id='word_1_106' title='bbox 950 1203 1093 1273; x_wconf 88' lang='lat' dir='ltr'><strong>tandem</strong></span> <span class='ocrx_word' id='word_1_107' title='bbox 1144 1213 1219 1270; x_wconf 87' lang='lat' dir='ltr'><strong>arte</strong></span> <span class='ocrx_word' id='word_1_108' title='bbox 1243 1200 1373 1271; x_wconf 85' lang='lat' dir='ltr'><strong>tradita</strong></span> <span class='ocrx_word' id='word_1_109' title='bbox 1395 1189 1603 1269; x_wconf 88' lang='lat' dir='ltr'><strong>discrimina</strong></span> <span class='ocrx_word' id='word_1_110' title='bbox 1623 1199 1832 1270; x_wconf 86' lang='lat' dir='ltr'><strong>actionum?</strong></span> <span class='ocrx_word' id='word_1_111' title='bbox 1868 1197 2011 1287; x_wconf 90' lang='lat' dir='ltr'><strong>Quis</strong></span> <span class='ocrx_word' id='word_1_112' title='bbox 1982 1220 2060 1267; x_wconf 78' lang='lat' dir='ltr'><strong>stne</strong></span> <span class='ocrx_word' id='word_1_113' title='bbox 2076 1199 2144 1270; x_wconf 89' lang='lat' dir='ltr'><strong>do·</strong></span> 
     </span>
     <span class='ocr_line' id='line_1_10' title="bbox 99 1298 2143 1396; baseline -0.001 -24"><span class='ocrx_word' id='word_1_114' title='bbox 99 1298 299 1373; x_wconf 86' lang='lat' dir='ltr'><strong>cohercuit.</strong></span> <span class='ocrx_word' id='word_1_115' title='bbox 334 1327 408 1373; x_wconf 93' lang='lat' dir='ltr'><strong>non</strong></span> <span class='ocrx_word' id='word_1_116' title='bbox 423 1301 623 1376; x_wconf 90' lang='lat' dir='ltr'><strong>Antonium</strong></span> <span class='ocrx_word' id='word_1_117' title='bbox 641 1307 745 1396; x_wconf 90' lang='lat' dir='ltr'><strong>leges,</strong></span> <span class='ocrx_word' id='word_1_118' title='bbox 770 1330 844 1376; x_wconf 91' lang='lat' dir='ltr'><strong>non</strong></span> <span class='ocrx_word' id='word_1_119' title='bbox 860 1305 1013 1377; x_wconf 90' lang='lat' dir='ltr'><strong>Senatus</strong></span> <span class='ocrx_word' id='word_1_120' title='bbox 1030 1328 1095 1375; x_wconf 89' lang='lat' dir='ltr'><strong>au·</strong></span> <span class='ocrx_word' id='word_1_121' title='bbox 1145 1301 1258 1371; x_wconf 85' lang='lat' dir='ltr'><strong>ctrina</strong></span> <span class='ocrx_word' id='word_1_122' title='bbox 1274 1302 1428 1386; x_wconf 85' lang='lat' dir='ltr'><strong>videret,</strong></span> <span class='ocrx_word' id='word_1_123' title='bbox 1455 1325 1519 1372; x_wconf 91' lang='lat' dir='ltr'><strong>cur</strong></span> <span class='ocrx_word' id='word_1_124' title='bbox 1538 1323 1558 1369; x_wconf 92' lang='lat' dir='ltr'><strong>a</strong></span> <span class='ocrx_word' id='word_1_125' title='bbox 1576 1323 1629 1369; x_wconf 85' lang='lat' dir='ltr'><strong>rer</strong></span> <span class='ocrx_word' id='word_1_126' title='bbox 1618 1300 1885 1371; x_wconf 75' lang='lat' dir='ltr'><strong>vindicatione</strong></span> <span class='ocrx_word' id='word_1_127' title='bbox 1911 1299 2143 1392; x_wconf 87' lang='lat' dir='ltr'><strong>publicanum</strong></span> 
     </span>
     <span class='ocr_line' id='line_1_11' title="bbox 99 1396 2143 1523; baseline 0 -49"><span class='ocrx_word' id='word_1_128' title='bbox 99 1405 242 1485; x_wconf 90' lang='lat' dir='ltr'><strong>toritas,</strong></span> <span class='ocrx_word' id='word_1_129' title='bbox 277 1427 350 1473; x_wconf 93' lang='lat' dir='ltr'><strong>non</strong></span> <span class='ocrx_word' id='word_1_130' title='bbox 375 1406 515 1475; x_wconf 85' lang='lat' dir='ltr'><strong>foedera</strong></span> <span class='ocrx_word' id='word_1_131' title='bbox 546 1407 764 1478; x_wconf 88' lang='lat' dir='ltr'><strong>sanctissima</strong></span> <span class='ocrx_word' id='word_1_132' title='bbox 791 1408 944 1480; x_wconf 89' lang='lat' dir='ltr'><strong>retinere</strong></span> <span class='ocrx_word' id='word_1_133' title='bbox 968 1419 1095 1499; x_wconf 91' lang='lat' dir='ltr'><strong>potue·</strong></span> <span class='ocrx_word' id='word_1_134' title='bbox 1144 1403 1317 1494; x_wconf 82' lang='lat' dir='ltr'><strong>distingui</strong></span> <span class='ocrx_word' id='word_1_135' title='bbox 1336 1402 1521 1495; x_wconf 81' lang='lat' dir='ltr'><strong>oporteat?</strong></span> <span class='ocrx_word' id='word_1_136' title='bbox 1554 1396 1672 1472; x_wconf 88' lang='lat' dir='ltr'><strong>ethoc</strong></span> <span class='ocrx_word' id='word_1_137' title='bbox 1689 1424 1799 1523; x_wconf 84' lang='lat' dir='ltr'><strong>genus</strong></span> <span class='ocrx_word' id='word_1_138' title='bbox 1815 1402 1883 1470; x_wconf 89' lang='lat' dir='ltr'><strong>alia</strong></span> <span class='ocrx_word' id='word_1_139' title='bbox 1898 1401 2036 1472; x_wconf 79' lang='lat' dir='ltr'><strong>multa?</strong></span> <span class='ocrx_word' id='word_1_140' title='bbox 2068 1398 2143 1475; x_wconf 87' lang='lat' dir='ltr'><strong>Res</strong></span> 
     </span>
     <span class='ocr_line' id='line_1_12' title="bbox 98 1505 2144 1604; baseline -0.002 -28"><span class='ocrx_word' id='word_1_141' title='bbox 98 1518 203 1590; x_wconf 88' lang='lat' dir='ltr'><strong>runt,</strong></span> <span class='ocrx_word' id='word_1_142' title='bbox 226 1530 296 1600; x_wconf 89' lang='lat' dir='ltr'><strong>quo</strong></span> <span class='ocrx_word' id='word_1_143' title='bbox 312 1506 431 1577; x_wconf 90' lang='lat' dir='ltr'><strong>minus</strong></span> <span class='ocrx_word' id='word_1_144' title='bbox 447 1508 540 1578; x_wconf 89' lang='lat' dir='ltr'><strong>bella</strong></span> <span class='ocrx_word' id='word_1_145' title='bbox 556 1509 676 1579; x_wconf 90' lang='lat' dir='ltr'><strong>civilia</strong></span> <span class='ocrx_word' id='word_1_146' title='bbox 693 1524 863 1584; x_wconf 88' lang='lat' dir='ltr'><strong>moveret.</strong></span> <span class='ocrx_word' id='word_1_147' title='bbox 900 1508 1023 1604; x_wconf 91' lang='lat' dir='ltr'><strong>ltaque</strong></span> <span class='ocrx_word' id='word_1_148' title='bbox 1039 1525 1094 1604; x_wconf 90' lang='lat' dir='ltr'><strong>ty·</strong></span> <span class='ocrx_word' id='word_1_149' title='bbox 1145 1505 1255 1595; x_wconf 92' lang='lat' dir='ltr'><strong>igitur</strong></span> <span class='ocrx_word' id='word_1_150' title='bbox 1270 1507 1363 1596; x_wconf 86' lang='lat' dir='ltr'><strong>cogit</strong></span> <span class='ocrx_word' id='word_1_151' title='bbox 1380 1506 1501 1592; x_wconf 82' lang='lat' dir='ltr'><strong>fateri,</strong></span> <span class='ocrx_word' id='word_1_152' title='bbox 1526 1506 1761 1575; x_wconf 89' lang='lat' dir='ltr'><strong>necessariam</strong></span> <span class='ocrx_word' id='word_1_153' title='bbox 1785 1525 1860 1573; x_wconf 86' lang='lat' dir='ltr'><strong>esse</strong></span> <span class='ocrx_word' id='word_1_154' title='bbox 1876 1516 1988 1573; x_wconf 90' lang='lat' dir='ltr'><strong>artem</strong></span> <span class='ocrx_word' id='word_1_155' title='bbox 2010 1516 2045 1574; x_wconf 92' lang='lat' dir='ltr'><strong>et</strong></span> <span class='ocrx_word' id='word_1_156' title='bbox 2060 1527 2144 1575; x_wconf 89' lang='lat' dir='ltr'><strong>cru-</strong></span> 
     </span>
     <span class='ocr_line' id='line_1_13' title="bbox 98 1605 2144 1703; baseline -0 -26"><span class='ocrx_word' id='word_1_157' title='bbox 98 1631 235 1678; x_wconf 89' lang='lat' dir='ltr'><strong>rannus</strong></span> <span class='ocrx_word' id='word_1_158' title='bbox 250 1610 394 1679; x_wconf 91' lang='lat' dir='ltr'><strong>tandem</strong></span> <span class='ocrx_word' id='word_1_159' title='bbox 410 1633 485 1679; x_wconf 92' lang='lat' dir='ltr'><strong>non</strong></span> <span class='ocrx_word' id='word_1_160' title='bbox 506 1611 690 1703; x_wconf 89' lang='lat' dir='ltr'><strong>impetrata</strong></span> <span class='ocrx_word' id='word_1_161' title='bbox 707 1612 778 1681; x_wconf 88' lang='lat' dir='ltr'><strong>vita</strong></span> <span class='ocrx_word' id='word_1_162' title='bbox 799 1614 987 1693; x_wconf 89' lang='lat' dir='ltr'><strong>avictore,</strong></span> <span class='ocrx_word' id='word_1_163' title='bbox 1013 1635 1093 1681; x_wconf 92' lang='lat' dir='ltr'><strong>cum</strong></span> <span class='ocrx_word' id='word_1_164' title='bbox 1146 1608 1313 1679; x_wconf 80' lang='lat' dir='ltr'><strong>ditrorcm</strong></span> <span class='ocrx_word' id='word_1_165' title='bbox 1327 1609 1538 1695; x_wconf 80' lang='lat' dir='ltr'><strong>doctrinam,</strong></span> <span class='ocrx_word' id='word_1_166' title='bbox 1563 1610 1608 1678; x_wconf 91' lang='lat' dir='ltr'><strong>ad</strong></span> <span class='ocrx_word' id='word_1_167' title='bbox 1624 1605 1878 1678; x_wconf 75' lang='lat' dir='ltr'><strong>diiudicanda</strong></span> <span class='ocrx_word' id='word_1_168' title='bbox 1866 1618 1958 1677; x_wconf 86' lang='lat' dir='ltr'><strong>msta</strong></span> <span class='ocrx_word' id='word_1_169' title='bbox 1972 1619 2008 1677; x_wconf 91' lang='lat' dir='ltr'><strong>et</strong></span> <span class='ocrx_word' id='word_1_170' title='bbox 2020 1629 2144 1700; x_wconf 85' lang='lat' dir='ltr'><strong>aequa</strong></span> 
     </span>
     <span class='ocr_line' id='line_1_14' title="bbox 98 1701 2144 1833; baseline 0.001 -57"><span class='ocrx_word' id='word_1_171' title='bbox 98 1709 207 1778; x_wconf 89' lang='lat' dir='ltr'><strong>miser</strong></span> <span class='ocrx_word' id='word_1_172' title='bbox 235 1710 382 1782; x_wconf 84' lang='lat' dir='ltr'><strong>vidisset</strong></span> <span class='ocrx_word' id='word_1_173' title='bbox 408 1712 567 1833; x_wconf 83' lang='lat' dir='ltr'><strong>reginam</strong></span> <span class='ocrx_word' id='word_1_174' title='bbox 593 1710 816 1806; x_wconf 88' lang='lat' dir='ltr'><strong>Cleopatram</strong></span> <span class='ocrx_word' id='word_1_175' title='bbox 847 1715 917 1784; x_wconf 91' lang='lat' dir='ltr'><strong>sibi</strong></span> <span class='ocrx_word' id='word_1_176' title='bbox 944 1727 1093 1783; x_wconf 93' lang='lat' dir='ltr'><strong>mortem</strong></span> <span class='ocrx_word' id='word_1_177' title='bbox 1144 1734 1293 1803; x_wconf 88' lang='lat' dir='ltr'><strong>eamque</strong></span> <span class='ocrx_word' id='word_1_178' title='bbox 1316 1711 1540 1802; x_wconf 89' lang='lat' dir='ltr'><strong>praecipuam</strong></span> <span class='ocrx_word' id='word_1_179' title='bbox 1563 1733 1638 1780; x_wconf 89' lang='lat' dir='ltr'><strong>esse</strong></span> <span class='ocrx_word' id='word_1_180' title='bbox 1662 1722 1798 1803; x_wconf 92' lang='lat' dir='ltr'><strong>partem</strong></span> <span class='ocrx_word' id='word_1_181' title='bbox 1815 1707 1961 1778; x_wconf 89' lang='lat' dir='ltr'><strong>moralis</strong></span> <span class='ocrx_word' id='word_1_182' title='bbox 1976 1701 2144 1779; x_wconf 89' lang='lat' dir='ltr'><strong>Philoso-</strong></span> 
     </span>
     <span class='ocr_line' id='line_1_15' title="bbox 98 1806 2141 1907; baseline 0 -28"><span class='ocrx_word' id='word_1_183' title='bbox 98 1811 391 1897; x_wconf 90' lang='lat' dir='ltr'><strong>consciscentem,</strong></span> <span class='ocrx_word' id='word_1_184' title='bbox 409 1814 546 1903; x_wconf 79' lang='lat' dir='ltr'><strong>ingenti</strong></span> <span class='ocrx_word' id='word_1_185' title='bbox 564 1815 689 1886; x_wconf 92' lang='lat' dir='ltr'><strong>dolore</strong></span> <span class='ocrx_word' id='word_1_186' title='bbox 712 1829 747 1887; x_wconf 91' lang='lat' dir='ltr'><strong>et</strong></span> <span class='ocrx_word' id='word_1_187' title='bbox 763 1815 838 1907; x_wconf 89' lang='lat' dir='ltr'><strong>ipse</strong></span> <span class='ocrx_word' id='word_1_188' title='bbox 857 1838 931 1884; x_wconf 89' lang='lat' dir='ltr'><strong>sese</strong></span> <span class='ocrx_word' id='word_1_189' title='bbox 945 1815 1093 1903; x_wconf 90' lang='lat' dir='ltr'><strong>iugulat.</strong></span> <span class='ocrx_word' id='word_1_190' title='bbox 1143 1807 1258 1902; x_wconf 89' lang='lat' dir='ltr'><strong>phiae.</strong></span> <span class='ocrx_word' id='word_1_191' title='bbox 1309 1806 1411 1880; x_wconf 89' lang='lat' dir='ltr'><strong>Nihil</strong></span> <span class='ocrx_word' id='word_1_192' title='bbox 1437 1825 1491 1883; x_wconf 91' lang='lat' dir='ltr'><strong>est</strong></span> <span class='ocrx_word' id='word_1_193' title='bbox 1511 1810 1696 1903; x_wconf 91' lang='lat' dir='ltr'><strong>indignius</strong></span> <span class='ocrx_word' id='word_1_194' title='bbox 1718 1806 1864 1882; x_wconf 86' lang='lat' dir='ltr'><strong>homine</strong></span> <span class='ocrx_word' id='word_1_195' title='bbox 1884 1810 2007 1895; x_wconf 90' lang='lat' dir='ltr'><strong>docto,</strong></span> <span class='ocrx_word' id='word_1_196' title='bbox 2032 1832 2141 1903; x_wconf 68' lang='grc' dir='ltr'>(ιιιιιιιι</span> 
     </span>
     <span class='ocr_line' id='line_1_16' title="bbox 97 1908 2141 2004; baseline -0.002 -17"><span class='ocrx_word' id='word_1_197' title='bbox 97 1909 181 1987; x_wconf 83' lang='lat' dir='ltr'><strong>Non</strong></span> <span class='ocrx_word' id='word_1_198' title='bbox 203 1908 291 1983; x_wconf 92' lang='lat' dir='ltr'><strong>haec</strong></span> <span class='ocrx_word' id='word_1_199' title='bbox 314 1936 398 1982; x_wconf 90' lang='lat' dir='ltr'><strong>casu</strong></span> <span class='ocrx_word' id='word_1_200' title='bbox 422 1914 518 1995; x_wconf 89' lang='lat' dir='ltr'><strong>lieri,</strong></span> <span class='ocrx_word' id='word_1_201' title='bbox 544 1913 817 2000; x_wconf 90' lang='lat' dir='ltr'><strong>Adolescentes,</strong></span> <span class='ocrx_word' id='word_1_202' title='bbox 842 1915 1094 2001; x_wconf 87' lang='lat' dir='ltr'><strong>existimemus,</strong></span> <span class='ocrx_word' id='word_1_203' title='bbox 1143 1912 1229 1981; x_wconf 88' lang='lat' dir='ltr'><strong>artis</strong></span> <span class='ocrx_word' id='word_1_204' title='bbox 1244 1934 1328 1983; x_wconf 87' lang='lat' dir='ltr'><strong>suae</strong></span> <span class='ocrx_word' id='word_1_205' title='bbox 1344 1913 1487 1983; x_wconf 91' lang='lat' dir='ltr'><strong>laudem</strong></span> <span class='ocrx_word' id='word_1_206' title='bbox 1502 1935 1631 2004; x_wconf 87' lang='lat' dir='ltr'><strong>angere</strong></span> <span class='ocrx_word' id='word_1_207' title='bbox 1645 1914 1797 1984; x_wconf 88' lang='lat' dir='ltr'><strong>aliarum</strong></span> <span class='ocrx_word' id='word_1_208' title='bbox 1812 1912 1942 1982; x_wconf 89' lang='lat' dir='ltr'><strong>artium</strong></span> <span class='ocrx_word' id='word_1_209' title='bbox 1959 1911 2141 2004; x_wconf 85' lang='lat' dir='ltr'><strong>vitupera·</strong></span> 
     </span>
     <span class='ocr_line' id='line_1_17' title="bbox 97 2010 2141 2111; baseline -0.001 -27"><span class='ocrx_word' id='word_1_210' title='bbox 97 2016 160 2084; x_wconf 89' lang='lat' dir='ltr'><strong>sed</strong></span> <span class='ocrx_word' id='word_1_211' title='bbox 180 2015 410 2084; x_wconf 89' lang='lat' dir='ltr'><strong>ordinatione</strong></span> <span class='ocrx_word' id='word_1_212' title='bbox 431 2014 518 2101; x_wconf 91' lang='lat' dir='ltr'><strong>Dei,</strong></span> <span class='ocrx_word' id='word_1_213' title='bbox 550 2017 613 2111; x_wconf 88' lang='lat' dir='ltr'><strong>qui</strong></span> <span class='ocrx_word' id='word_1_214' title='bbox 634 2018 685 2089; x_wconf 89' lang='lat' dir='ltr'><strong>sic</strong></span> <span class='ocrx_word' id='word_1_215' title='bbox 699 2017 882 2088; x_wconf 90' lang='lat' dir='ltr'><strong>ulciscitur</strong></span> <span class='ocrx_word' id='word_1_216' title='bbox 907 2013 1092 2087; x_wconf 85' lang='lat' dir='ltr'><strong>hominnm</strong></span> <span class='ocrx_word' id='word_1_217' title='bbox 1144 2015 1260 2100; x_wconf 85' lang='lat' dir='ltr'><strong>tione3</strong></span> <span class='ocrx_word' id='word_1_218' title='bbox 1294 2027 1379 2085; x_wconf 88' lang='lat' dir='ltr'><strong>sunt</strong></span> <span class='ocrx_word' id='word_1_219' title='bbox 1411 2013 1507 2086; x_wconf 90' lang='lat' dir='ltr'><strong>enim</strong></span> <span class='ocrx_word' id='word_1_220' title='bbox 1540 2039 1664 2087; x_wconf 89' lang='lat' dir='ltr'><strong>omnes</strong></span> <span class='ocrx_word' id='word_1_221' title='bbox 1698 2014 1905 2086; x_wconf 85' lang='lat' dir='ltr'><strong>excellentia</strong></span> <span class='ocrx_word' id='word_1_222' title='bbox 1931 2010 1999 2084; x_wconf 91' lang='lat' dir='ltr'><strong>Dei</strong></span> <span class='ocrx_word' id='word_1_223' title='bbox 2026 2016 2141 2099; x_wconf 90' lang='lat' dir='ltr'><strong>dona,</strong></span> 
     </span>
     <span class='ocr_line' id='line_1_18' title="bbox 96 2114 2200 2209; baseline 0.001 -24"><span class='ocrx_word' id='word_1_224' title='bbox 96 2115 277 2196; x_wconf 76' lang='lat' dir='ltr'><strong>furorem,</strong></span> <span class='ocrx_word' id='word_1_225' title='bbox 310 2115 373 2209; x_wconf 88' lang='lat' dir='ltr'><strong>qui</strong></span> <span class='ocrx_word' id='word_1_226' title='bbox 406 2115 500 2204; x_wconf 88' lang='lat' dir='ltr'><strong>leges</strong></span> <span class='ocrx_word' id='word_1_227' title='bbox 527 2131 779 2206; x_wconf 90' lang='lat' dir='ltr'><strong>contemnunt,</strong></span> <span class='ocrx_word' id='word_1_228' title='bbox 806 2132 840 2190; x_wconf 95' lang='lat' dir='ltr'><strong>et</strong></span> <span class='ocrx_word' id='word_1_229' title='bbox 869 2114 1093 2189; x_wconf 81' lang='lat' dir='ltr'><strong>harmoniam</strong></span> <span class='ocrx_word' id='word_1_230' title='bbox 1143 2140 1253 2209; x_wconf 87' lang='lat' dir='ltr'><strong>quare</strong></span> <span class='ocrx_word' id='word_1_231' title='bbox 1287 2139 1411 2187; x_wconf 90' lang='lat' dir='ltr'><strong>omncs</strong></span> <span class='ocrx_word' id='word_1_232' title='bbox 1432 2119 1597 2188; x_wconf 84' lang='lat' dir='ltr'><strong>venerari</strong></span> <span class='ocrx_word' id='word_1_233' title='bbox 1629 2133 1665 2191; x_wconf 90' lang='lat' dir='ltr'><strong>et</strong></span> <span class='ocrx_word' id='word_1_234' title='bbox 1689 2140 1808 2188; x_wconf 89' lang='lat' dir='ltr'><strong>amare</strong></span> <span class='ocrx_word' id='word_1_235' title='bbox 1833 2118 2014 2190; x_wconf 90' lang='lat' dir='ltr'><strong>debemus.</strong></span> <span class='ocrx_word' id='word_1_236' title='bbox 2066 2114 2139 2187; x_wconf 89' lang='lat' dir='ltr'><strong>Sed</strong></span> <span class='ocrx_word' id='word_1_237' title='bbox 2196 2118 2200 2126; x_wconf 80' lang='lat'>&#39;</span> 
     </span>
     <span class='ocr_line' id='line_1_19' title="bbox 97 2212 2140 2314; baseline 0 -27"><span class='ocrx_word' id='word_1_238' title='bbox 97 2216 276 2289; x_wconf 88' lang='lat' dir='ltr'><strong>societatis</strong></span> <span class='ocrx_word' id='word_1_239' title='bbox 301 2212 480 2288; x_wconf 89' lang='lat' dir='ltr'><strong>humanae</strong></span> <span class='ocrx_word' id='word_1_240' title='bbox 500 2219 545 2288; x_wconf 90' lang='lat' dir='ltr'><strong>ab</strong></span> <span class='ocrx_word' id='word_1_241' title='bbox 561 2220 637 2312; x_wconf 91' lang='lat' dir='ltr'><strong>ipso</strong></span> <span class='ocrx_word' id='word_1_242' title='bbox 651 2221 849 2293; x_wconf 89' lang='lat' dir='ltr'><strong>institutam</strong></span> <span class='ocrx_word' id='word_1_243' title='bbox 867 2223 1093 2294; x_wconf 90' lang='lat' dir='ltr'><strong>conturbant.</strong></span> <span class='ocrx_word' id='word_1_244' title='bbox 1145 2241 1226 2288; x_wconf 90' lang='lat' dir='ltr'><strong>cnm</strong></span> <span class='ocrx_word' id='word_1_245' title='bbox 1250 2218 1296 2288; x_wconf 91' lang='lat' dir='ltr'><strong>sit</strong></span> <span class='ocrx_word' id='word_1_246' title='bbox 1312 2220 1524 2291; x_wconf 87' lang='lat' dir='ltr'><strong>admirabile</strong></span> <span class='ocrx_word' id='word_1_247' title='bbox 1543 2244 1632 2314; x_wconf 93' lang='lat' dir='ltr'><strong>opus</strong></span> <span class='ocrx_word' id='word_1_248' title='bbox 1646 2217 1714 2291; x_wconf 89' lang='lat' dir='ltr'><strong>Dei</strong></span> <span class='ocrx_word' id='word_1_249' title='bbox 1731 2221 1770 2289; x_wconf 92' lang='lat' dir='ltr'><strong>in</strong></span> <span class='ocrx_word' id='word_1_250' title='bbox 1790 2219 1920 2289; x_wconf 88' lang='lat' dir='ltr'><strong>animis</strong></span> <span class='ocrx_word' id='word_1_251' title='bbox 1937 2214 2140 2301; x_wconf 90' lang='lat' dir='ltr'><strong>hominum,</strong></span> 
     </span>
     <span class='ocr_line' id='line_1_20' title="bbox 100 2316 2139 2417; baseline 0 -27"><span class='ocrx_word' id='word_1_252' title='bbox 100 2317 225 2410; x_wconf 85' lang='lat' dir='ltr'><strong>Quare</strong></span> <span class='ocrx_word' id='word_1_253' title='bbox 239 2342 314 2388; x_wconf 90' lang='lat' dir='ltr'><strong>non</strong></span> <span class='ocrx_word' id='word_1_254' title='bbox 329 2332 467 2392; x_wconf 90' lang='lat' dir='ltr'><strong>tantum</strong></span> <span class='ocrx_word' id='word_1_255' title='bbox 484 2345 526 2391; x_wconf 81' lang='lat' dir='ltr'><strong>ex</strong></span> <span class='ocrx_word' id='word_1_256' title='bbox 542 2316 701 2392; x_wconf 90' lang='lat' dir='ltr'><strong>historiis</strong></span> <span class='ocrx_word' id='word_1_257' title='bbox 716 2323 875 2416; x_wconf 79' lang='lat' dir='ltr'><strong>exempla</strong></span> <span class='ocrx_word' id='word_1_258' title='bbox 890 2324 1091 2417; x_wconf 87' lang='lat' dir='ltr'><strong>quaerenda</strong></span> <span class='ocrx_word' id='word_1_259' title='bbox 1143 2343 1248 2390; x_wconf 89' lang='lat' dir='ltr'><strong>nosse</strong></span> <span class='ocrx_word' id='word_1_260' title='bbox 1266 2345 1435 2393; x_wconf 92' lang='lat' dir='ltr'><strong>numeros</strong></span> <span class='ocrx_word' id='word_1_261' title='bbox 1456 2337 1491 2394; x_wconf 90' lang='lat' dir='ltr'><strong>et</strong></span> <span class='ocrx_word' id='word_1_262' title='bbox 1513 2325 1694 2409; x_wconf 89' lang='lat' dir='ltr'><strong>ordinem,</strong></span> <span class='ocrx_word' id='word_1_263' title='bbox 1719 2323 1815 2392; x_wconf 88' lang='lat' dir='ltr'><strong>unde</strong></span> <span class='ocrx_word' id='word_1_264' title='bbox 1831 2322 1987 2392; x_wconf 85' lang='lat' dir='ltr'><strong>existunt</strong></span> <span class='ocrx_word' id='word_1_265' title='bbox 2007 2317 2139 2392; x_wconf 84' lang='lat' dir='ltr'><strong>multae</strong></span> 
     </span>
     <span class='ocr_line' id='line_1_21' title="bbox 98 2418 2143 2546; baseline -0.001 -53"><span class='ocrx_word' id='word_1_266' title='bbox 98 2433 204 2506; x_wconf 87' lang='lat' dir='ltr'><strong>sunt,</strong></span> <span class='ocrx_word' id='word_1_267' title='bbox 250 2422 311 2491; x_wconf 85' lang='lat' dir='ltr'><strong>sed</strong></span> <span class='ocrx_word' id='word_1_268' title='bbox 347 2445 515 2541; x_wconf 87' lang='lat' dir='ltr'><strong>praesens</strong></span> <span class='ocrx_word' id='word_1_269' title='bbox 549 2424 624 2496; x_wconf 84' lang='lat' dir='ltr'><strong>vita</strong></span> <span class='ocrx_word' id='word_1_270' title='bbox 656 2426 903 2546; x_wconf 83' lang='lat' dir='ltr'><strong>suppeditat</strong></span> <span class='ocrx_word' id='word_1_271' title='bbox 892 2449 1092 2497; x_wconf 84' lang='lat' dir='ltr'><strong>rnnumera.</strong></span> <span class='ocrx_word' id='word_1_272' title='bbox 1143 2435 1255 2508; x_wconf 88' lang='lat' dir='ltr'><strong>artes,</strong></span> <span class='ocrx_word' id='word_1_273' title='bbox 1286 2418 1522 2495; x_wconf 86' lang='lat' dir='ltr'><strong>Arithmetica</strong></span> <span class='ocrx_word' id='word_1_274' title='bbox 1547 2438 1583 2496; x_wconf 90' lang='lat' dir='ltr'><strong>et</strong></span> <span class='ocrx_word' id='word_1_275' title='bbox 1606 2423 1818 2508; x_wconf 87' lang='lat' dir='ltr'><strong>Dialectica,</strong></span> <span class='ocrx_word' id='word_1_276' title='bbox 1850 2446 1915 2493; x_wconf 89' lang='lat' dir='ltr'><strong>cur</strong></span> <span class='ocrx_word' id='word_1_277' title='bbox 1937 2446 2014 2492; x_wconf 91' lang='lat' dir='ltr'><strong>non</strong></span> <span class='ocrx_word' id='word_1_278' title='bbox 2035 2422 2143 2492; x_wconf 90' lang='lat' dir='ltr'><strong>etiam</strong></span> 
     </span>
     <span class='ocr_line' id='line_1_22' title="bbox 99 2520 2142 2645; baseline 0 -53"><span class='ocrx_word' id='word_1_279' title='bbox 99 2520 221 2612; x_wconf 84' lang='lat' dir='ltr'><strong>Quare</strong></span> <span class='ocrx_word' id='word_1_280' title='bbox 243 2523 360 2594; x_wconf 87' lang='lat' dir='ltr'><strong>vereri</strong></span> <span class='ocrx_word' id='word_1_281' title='bbox 381 2524 475 2645; x_wconf 80' lang='lat' dir='ltr'><strong>leges</strong></span> <span class='ocrx_word' id='word_1_282' title='bbox 498 2538 533 2597; x_wconf 91' lang='lat' dir='ltr'><strong>et</strong></span> <span class='ocrx_word' id='word_1_283' title='bbox 554 2551 672 2598; x_wconf 89' lang='lat' dir='ltr'><strong>amare</strong></span> <span class='ocrx_word' id='word_1_284' title='bbox 690 2528 854 2624; x_wconf 89' lang='lat' dir='ltr'><strong>tuerique</strong></span> <span class='ocrx_word' id='word_1_285' title='bbox 868 2528 1094 2620; x_wconf 88' lang='lat' dir='ltr'><strong>disciplinam</strong></span> <span class='ocrx_word' id='word_1_286' title='bbox 1143 2525 1364 2596; x_wconf 89' lang='lat' dir='ltr'><strong>admiramur</strong></span> <span class='ocrx_word' id='word_1_287' title='bbox 1379 2526 1459 2596; x_wconf 87' lang='lat' dir='ltr'><strong>illas</strong></span> <span class='ocrx_word' id='word_1_288' title='bbox 1473 2526 1643 2611; x_wconf 90' lang='lat' dir='ltr'><strong>noticias,</strong></span> <span class='ocrx_word' id='word_1_289' title='bbox 1669 2548 1761 2623; x_wconf 89' lang='lat' dir='ltr'><strong>qnae</strong></span> <span class='ocrx_word' id='word_1_290' title='bbox 1773 2523 2008 2594; x_wconf 86' lang='lat' dir='ltr'><strong>discernunt</strong></span> <span class='ocrx_word' id='word_1_291' title='bbox 1997 2536 2090 2593; x_wconf 81' lang='lat' dir='ltr'><strong>iusta</strong></span> <span class='ocrx_word' id='word_1_292' title='bbox 2106 2534 2142 2593; x_wconf 90' lang='lat' dir='ltr'><strong>ct</strong></span> 
     </span>
     <span class='ocr_line' id='line_1_23' title="bbox 72 2623 2143 2724; baseline -0.001 -28"><span class='ocrx_word' id='word_1_293' title='bbox 72 2625 295 2712; x_wconf 85' lang='lat' dir='ltr'><strong>-discamus,</strong></span> <span class='ocrx_word' id='word_1_294' title='bbox 330 2638 365 2696; x_wconf 92' lang='lat' dir='ltr'><strong>et</strong></span> <span class='ocrx_word' id='word_1_295' title='bbox 388 2626 540 2699; x_wconf 90' lang='lat' dir='ltr'><strong>sciamus</strong></span> <span class='ocrx_word' id='word_1_296' title='bbox 561 2653 621 2699; x_wconf 90' lang='lat' dir='ltr'><strong>cos</strong></span> <span class='ocrx_word' id='word_1_297' title='bbox 645 2630 707 2724; x_wconf 92' lang='lat' dir='ltr'><strong>qni</strong></span> <span class='ocrx_word' id='word_1_298' title='bbox 738 2655 811 2700; x_wconf 92' lang='lat' dir='ltr'><strong>non</strong></span> <span class='ocrx_word' id='word_1_299' title='bbox 836 2631 1094 2722; x_wconf 86' lang='lat' dir='ltr'><strong>obtemperant,</strong></span> <span class='ocrx_word' id='word_1_300' title='bbox 1144 2627 1297 2712; x_wconf 88' lang='lat' dir='ltr'><strong>iniusta,</strong></span> <span class='ocrx_word' id='word_1_301' title='bbox 1324 2650 1365 2696; x_wconf 88' lang='lat' dir='ltr'><strong>ac</strong></span> <span class='ocrx_word' id='word_1_302' title='bbox 1379 2629 1524 2720; x_wconf 90' lang='lat' dir='ltr'><strong>pariunt</strong></span> <span class='ocrx_word' id='word_1_303' title='bbox 1539 2627 1738 2699; x_wconf 80' lang='lat' dir='ltr'><strong>doctrinam</strong></span> <span class='ocrx_word' id='word_1_304' title='bbox 1751 2625 1866 2697; x_wconf 76' lang='lat' dir='ltr'><strong>tunsi</strong></span> <span class='ocrx_word' id='word_1_305' title='bbox 1896 2623 2143 2695; x_wconf 85' lang='lat' dir='ltr'><strong>liaenoticiac</strong></span> 
     </span>
     <span class='ocr_line' id='line_1_24' title="bbox 98 2725 2143 2824; baseline -0.001 -27"><span class='ocrx_word' id='word_1_306' title='bbox 98 2751 173 2799; x_wconf 90' lang='lat' dir='ltr'><strong>non</strong></span> <span class='ocrx_word' id='word_1_307' title='bbox 190 2740 329 2799; x_wconf 87' lang='lat' dir='ltr'><strong>tantum</strong></span> <span class='ocrx_word' id='word_1_308' title='bbox 344 2751 424 2800; x_wconf 84' lang='lat' dir='ltr'><strong>cnm</strong></span> <span class='ocrx_word' id='word_1_309' title='bbox 440 2725 668 2817; x_wconf 86' lang='lat' dir='ltr'><strong>hominibus,</strong></span> <span class='ocrx_word' id='word_1_310' title='bbox 691 2734 751 2802; x_wconf 88' lang='lat' dir='ltr'><strong>sed</strong></span> <span class='ocrx_word' id='word_1_311' title='bbox 769 2756 851 2804; x_wconf 92' lang='lat' dir='ltr'><strong>cnm</strong></span> <span class='ocrx_word' id='word_1_312' title='bbox 865 2732 940 2804; x_wconf 87' lang='lat' dir='ltr'><strong>Deo</strong></span> <span class='ocrx_word' id='word_1_313' title='bbox 958 2755 1094 2824; x_wconf 90' lang='lat' dir='ltr'><strong>pugna·</strong></span> <span class='ocrx_word' id='word_1_314' title='bbox 1144 2741 1228 2800; x_wconf 90' lang='lat' dir='ltr'><strong>sunt</strong></span> <span class='ocrx_word' id='word_1_315' title='bbox 1250 2730 1456 2823; x_wconf 88' lang='lat' dir='ltr'><strong>quaedam</strong></span> <span class='ocrx_word' id='word_1_316' title='bbox 1445 2753 1560 2823; x_wconf 80' lang='lat' dir='ltr'><strong>imago</strong></span> <span class='ocrx_word' id='word_1_317' title='bbox 1584 2726 1673 2819; x_wconf 85' lang='lat' dir='ltr'><strong>Dei,</strong></span> <span class='ocrx_word' id='word_1_318' title='bbox 1696 2742 1731 2800; x_wconf 89' lang='lat' dir='ltr'><strong>et</strong></span> <span class='ocrx_word' id='word_1_319' title='bbox 1747 2728 1858 2818; x_wconf 89' lang='lat' dir='ltr'><strong>magis</strong></span> <span class='ocrx_word' id='word_1_320' title='bbox 1876 2740 2003 2818; x_wconf 78' lang='lat' dir='ltr'><strong>regeint</strong></span> <span class='ocrx_word' id='word_1_321' title='bbox 2019 2727 2143 2811; x_wconf 86' lang='lat' dir='ltr'><strong>vitam,</strong></span> 
     </span>
     <span class='ocr_line' id='line_1_25' title="bbox 98 2824 2142 2926; baseline -0.002 -24"><span class='ocrx_word' id='word_1_322' title='bbox 98 2853 155 2917; x_wconf 85' lang='lat' dir='ltr'><strong>re,</strong></span> <span class='ocrx_word' id='word_1_323' title='bbox 181 2843 216 2901; x_wconf 88' lang='lat' dir='ltr'><strong>et</strong></span> <span class='ocrx_word' id='word_1_324' title='bbox 229 2842 437 2915; x_wconf 87' lang='lat' dir='ltr'><strong>concutere,</strong></span> <span class='ocrx_word' id='word_1_325' title='bbox 459 2833 561 2926; x_wconf 86' lang='lat' dir='ltr'><strong>quasi</strong></span> <span class='ocrx_word' id='word_1_326' title='bbox 580 2835 727 2902; x_wconf 91' lang='lat' dir='ltr'><strong>domum</strong></span> <span class='ocrx_word' id='word_1_327' title='bbox 743 2835 917 2905; x_wconf 89' lang='lat' dir='ltr'><strong>divinitus</strong></span> <span class='ocrx_word' id='word_1_328' title='bbox 940 2836 1094 2905; x_wconf 85' lang='lat' dir='ltr'><strong>fabrica-</strong></span> <span class='ocrx_word' id='word_1_329' title='bbox 1144 2855 1252 2924; x_wconf 89' lang='lat' dir='ltr'><strong>qnam</strong></span> <span class='ocrx_word' id='word_1_330' title='bbox 1270 2830 1360 2901; x_wconf 88' lang='lat' dir='ltr'><strong>aliae</strong></span> <span class='ocrx_word' id='word_1_331' title='bbox 1375 2832 1527 2903; x_wconf 89' lang='lat' dir='ltr'><strong>noticiae</strong></span> <span class='ocrx_word' id='word_1_332' title='bbox 1541 2856 1605 2904; x_wconf 86' lang='lat' dir='ltr'><strong>seu</strong></span> <span class='ocrx_word' id='word_1_333' title='bbox 1619 2831 1718 2903; x_wconf 89' lang='lat' dir='ltr'><strong>ideae</strong></span> <span class='ocrx_word' id='word_1_334' title='bbox 1733 2832 1876 2904; x_wconf 89' lang='lat' dir='ltr'><strong>artium.</strong></span> <span class='ocrx_word' id='word_1_335' title='bbox 1927 2825 1983 2900; x_wconf 82' lang='lat' dir='ltr'><strong>Ex</strong></span> <span class='ocrx_word' id='word_1_336' title='bbox 1996 2824 2064 2898; x_wconf 92' lang='lat' dir='ltr'><strong>hac</strong></span> <span class='ocrx_word' id='word_1_337' title='bbox 2077 2830 2142 2898; x_wconf 91' lang='lat' dir='ltr'><strong>ad-</strong></span> 
     </span>
     <span class='ocr_line' id='line_1_26' title="bbox 100 2927 2144 3024; baseline -0.001 -22"><span class='ocrx_word' id='word_1_338' title='bbox 100 2945 191 3018; x_wconf 89' lang='lat' dir='ltr'><strong>tam,</strong></span> <span class='ocrx_word' id='word_1_339' title='bbox 216 2927 309 3002; x_wconf 89' lang='lat' dir='ltr'><strong>hanc</strong></span> <span class='ocrx_word' id='word_1_340' title='bbox 330 2933 492 3023; x_wconf 89' lang='lat' dir='ltr'><strong>politiam</strong></span> <span class='ocrx_word' id='word_1_341' title='bbox 513 2957 583 3023; x_wconf 91' lang='lat' dir='ltr'><strong>qua</strong></span> <span class='ocrx_word' id='word_1_342' title='bbox 601 2933 837 3006; x_wconf 89' lang='lat' dir='ltr'><strong>continemur.</strong></span> <span class='ocrx_word' id='word_1_343' title='bbox 889 2932 959 3004; x_wconf 85' lang='lat' dir='ltr'><strong>Sed</strong></span> <span class='ocrx_word' id='word_1_344' title='bbox 979 2936 1092 3004; x_wconf 92' lang='lat' dir='ltr'><strong>dicam</strong></span> <span class='ocrx_word' id='word_1_345' title='bbox 1144 2934 1307 3004; x_wconf 89' lang='lat' dir='ltr'><strong>miranda</strong></span> <span class='ocrx_word' id='word_1_346' title='bbox 1332 2933 1411 3003; x_wconf 91' lang='lat' dir='ltr'><strong>lucc</strong></span> <span class='ocrx_word' id='word_1_347' title='bbox 1434 2948 1468 3004; x_wconf 90' lang='lat' dir='ltr'><strong>et</strong></span> <span class='ocrx_word' id='word_1_348' title='bbox 1489 2934 1558 3005; x_wconf 90' lang='lat' dir='ltr'><strong>Dei</strong></span> <span class='ocrx_word' id='word_1_349' title='bbox 1588 2933 1760 3024; x_wconf 91' lang='lat' dir='ltr'><strong>imagine,</strong></span> <span class='ocrx_word' id='word_1_350' title='bbox 1793 2945 1872 3003; x_wconf 89' lang='lat' dir='ltr'><strong>orta</strong></span> <span class='ocrx_word' id='word_1_351' title='bbox 1894 2930 2057 3002; x_wconf 86' lang='lat' dir='ltr'><strong>doctrina</strong></span> <span class='ocrx_word' id='word_1_352' title='bbox 2080 2927 2144 3002; x_wconf 90' lang='lat' dir='ltr'><strong>lu·</strong></span> 
     </span>
     <span class='ocr_line' id='line_1_27' title="bbox 98 3032 2143 3128; baseline -0 -24"><span class='ocrx_word' id='word_1_353' title='bbox 98 3057 196 3105; x_wconf 92' lang='lat' dir='ltr'><strong>nnnc</strong></span> <span class='ocrx_word' id='word_1_354' title='bbox 215 3035 261 3102; x_wconf 90' lang='lat' dir='ltr'><strong>de</strong></span> <span class='ocrx_word' id='word_1_355' title='bbox 280 3034 390 3101; x_wconf 88' lang='lat' dir='ltr'><strong>altera</strong></span> <span class='ocrx_word' id='word_1_356' title='bbox 413 3045 532 3123; x_wconf 89' lang='lat' dir='ltr'><strong>parte,</strong></span> <span class='ocrx_word' id='word_1_357' title='bbox 564 3032 732 3104; x_wconf 89' lang='lat' dir='ltr'><strong>videlicet</strong></span> <span class='ocrx_word' id='word_1_358' title='bbox 754 3035 800 3103; x_wconf 88' lang='lat' dir='ltr'><strong>de</strong></span> <span class='ocrx_word' id='word_1_359' title='bbox 817 3032 984 3106; x_wconf 86' lang='lat' dir='ltr'><strong>Romano</strong></span> <span class='ocrx_word' id='word_1_360' title='bbox 1006 3035 1095 3120; x_wconf 89' lang='lat' dir='ltr'><strong>iure,</strong></span> <span class='ocrx_word' id='word_1_361' title='bbox 1144 3034 1458 3120; x_wconf 88' lang='lat' dir='ltr'><strong>risconsultorum,</strong></span> <span class='ocrx_word' id='word_1_362' title='bbox 1483 3059 1559 3106; x_wconf 94' lang='lat' dir='ltr'><strong>non</strong></span> <span class='ocrx_word' id='word_1_363' title='bbox 1580 3034 1701 3105; x_wconf 89' lang='lat' dir='ltr'><strong>minus</strong></span> <span class='ocrx_word' id='word_1_364' title='bbox 1723 3049 1773 3107; x_wconf 90' lang='lat' dir='ltr'><strong>est</strong></span> <span class='ocrx_word' id='word_1_365' title='bbox 1796 3057 1871 3120; x_wconf 92' lang='lat' dir='ltr'><strong>ars,</strong></span> <span class='ocrx_word' id='word_1_366' title='bbox 1897 3056 2004 3128; x_wconf 87' lang='lat' dir='ltr'><strong>quam</strong></span> <span class='ocrx_word' id='word_1_367' title='bbox 2027 3044 2143 3104; x_wconf 89' lang='lat' dir='ltr'><strong>caete-</strong></span> 
     </span>
    </p>
   </div>
   <div class='ocr_carea' id='block_1_3' title="bbox 97 3130 2256 3232">
    <p class='ocr_par' dir='ltr' id='par_1_3' title="bbox 97 3130 2256 3232">
     <span class='ocr_line' id='line_1_28' title="bbox 97 3130 2256 3232; baseline -0.002 -27"><span class='ocrx_word' id='word_1_368' title='bbox 97 3158 209 3231; x_wconf 86' lang='lat' dir='ltr'><strong>qnare</strong></span> <span class='ocrx_word' id='word_1_369' title='bbox 225 3133 264 3201; x_wconf 90' lang='lat' dir='ltr'><strong>id</strong></span> <span class='ocrx_word' id='word_1_370' title='bbox 279 3130 503 3222; x_wconf 75' lang='lat' dir='ltr'><strong>potissimum</strong></span> <span class='ocrx_word' id='word_1_371' title='bbox 515 3133 674 3225; x_wconf 88' lang='lat' dir='ltr'><strong>amplexa</strong></span> <span class='ocrx_word' id='word_1_372' title='bbox 690 3134 903 3229; x_wconf 80' lang='lat' dir='ltr'><strong>sitRespnb.</strong></span> <span class='ocrx_word' id='word_1_373' title='bbox 931 3136 1095 3208; x_wconf 85' lang='lat' dir='ltr'><strong>iudaicae</strong></span> <span class='ocrx_word' id='word_1_374' title='bbox 1144 3158 1205 3205; x_wconf 88' lang='lat' dir='ltr'><strong>rac</strong></span> <span class='ocrx_word' id='word_1_375' title='bbox 1220 3136 1438 3228; x_wconf 84' lang='lat' dir='ltr'><strong>disciplinae.</strong></span> <span class='ocrx_word' id='word_1_376' title='bbox 1489 3135 1615 3232; x_wconf 90' lang='lat' dir='ltr'><strong>Itaque</strong></span> <span class='ocrx_word' id='word_1_377' title='bbox 1635 3161 1716 3208; x_wconf 92' lang='lat' dir='ltr'><strong>cum</strong></span> <span class='ocrx_word' id='word_1_378' title='bbox 1740 3137 1788 3208; x_wconf 91' lang='lat' dir='ltr'><strong>sit</strong></span> <span class='ocrx_word' id='word_1_379' title='bbox 1810 3149 1885 3206; x_wconf 91' lang='lat' dir='ltr'><strong>arte</strong></span> <span class='ocrx_word' id='word_1_380' title='bbox 1899 3136 2020 3229; x_wconf 90' lang='lat' dir='ltr'><strong>aliqua</strong></span> <span class='ocrx_word' id='word_1_381' title='bbox 2039 3156 2143 3228; x_wconf 89' lang='lat' dir='ltr'><strong>opus,</strong></span> <span class='ocrx_word' id='word_1_382' title='bbox 2225 3134 2256 3200; x_wconf 79' lang='grc'><strong>”,</strong></span> 
     </span>
    </p>
   </div>
   <div class='ocr_carea' id='block_1_4' title="bbox 93 3232 2188 5578">
    <p class='ocr_par' dir='ltr' id='par_1_4' title="bbox 93 3232 2188 5578">
     <span class='ocr_line' id='line_1_29' title="bbox 96 3232 2143 3333; baseline 0.001 -27"><span class='ocrx_word' id='word_1_383' title='bbox 96 3238 193 3325; x_wconf 89' lang='lat' dir='ltr'><strong>leges</strong></span> <span class='ocrx_word' id='word_1_384' title='bbox 214 3256 290 3303; x_wconf 92' lang='lat' dir='ltr'><strong>non</strong></span> <span class='ocrx_word' id='word_1_385' title='bbox 313 3232 382 3301; x_wconf 82' lang='lat' dir='ltr'><strong>nisr</strong></span> <span class='ocrx_word' id='word_1_386' title='bbox 373 3233 460 3302; x_wconf 90' lang='lat' dir='ltr'><strong>illi</strong></span> <span class='ocrx_word' id='word_1_387' title='bbox 478 3235 615 3305; x_wconf 90' lang='lat' dir='ltr'><strong>nationi</strong></span> <span class='ocrx_word' id='word_1_388' title='bbox 628 3238 792 3309; x_wconf 88' lang='lat' dir='ltr'><strong>conditae</strong></span> <span class='ocrx_word' id='word_1_389' title='bbox 807 3254 909 3324; x_wconf 90' lang='lat' dir='ltr'><strong>sunt,</strong></span> <span class='ocrx_word' id='word_1_390' title='bbox 933 3264 999 3310; x_wconf 91' lang='lat' dir='ltr'><strong>nec</strong></span> <span class='ocrx_word' id='word_1_391' title='bbox 1012 3262 1096 3333; x_wconf 89' lang='lat' dir='ltr'><strong>pos·</strong></span> <span class='ocrx_word' id='word_1_392' title='bbox 1145 3237 1190 3307; x_wconf 87' lang='lat' dir='ltr'><strong>ad</strong></span> <span class='ocrx_word' id='word_1_393' title='bbox 1217 3239 1450 3330; x_wconf 86' lang='lat' dir='ltr'><strong>intelligenda</strong></span> <span class='ocrx_word' id='word_1_394' title='bbox 1482 3252 1518 3310; x_wconf 91' lang='lat' dir='ltr'><strong>et</strong></span> <span class='ocrx_word' id='word_1_395' title='bbox 1550 3240 1784 3309; x_wconf 87' lang='lat' dir='ltr'><strong>discernenda</strong></span> <span class='ocrx_word' id='word_1_396' title='bbox 1815 3238 1907 3309; x_wconf 86' lang='lat' dir='ltr'><strong>iusta</strong></span> <span class='ocrx_word' id='word_1_397' title='bbox 1933 3251 1968 3309; x_wconf 92' lang='lat' dir='ltr'><strong>et</strong></span> <span class='ocrx_word' id='word_1_398' title='bbox 1997 3237 2143 3319; x_wconf 82' lang='lat' dir='ltr'><strong>iniusta,</strong></span> 
     </span>
     <span class='ocr_line' id='line_1_30' title="bbox 99 3332 2140 3434; baseline 0.001 -26"><span class='ocrx_word' id='word_1_399' title='bbox 99 3348 185 3408; x_wconf 89' lang='lat' dir='ltr'><strong>sunt</strong></span> <span class='ocrx_word' id='word_1_400' title='bbox 198 3358 389 3405; x_wconf 79' lang='lat' dir='ltr'><strong>convenire</strong></span> <span class='ocrx_word' id='word_1_401' title='bbox 403 3332 567 3426; x_wconf 80' lang='lat' dir='ltr'><strong>pluribus</strong></span> <span class='ocrx_word' id='word_1_402' title='bbox 577 3337 763 3410; x_wconf 78' lang='lat' dir='ltr'><strong>Gentibus.</strong></span> <span class='ocrx_word' id='word_1_403' title='bbox 790 3336 983 3432; x_wconf 88' lang='lat' dir='ltr'><strong>Assignant</strong></span> <span class='ocrx_word' id='word_1_404' title='bbox 998 3342 1093 3410; x_wconf 87' lang='lat' dir='ltr'><strong>enim</strong></span> <span class='ocrx_word' id='word_1_405' title='bbox 1145 3364 1234 3434; x_wconf 90' lang='lat' dir='ltr'><strong>qnos</strong></span> <span class='ocrx_word' id='word_1_406' title='bbox 1251 3342 1340 3411; x_wconf 91' lang='lat' dir='ltr'><strong>alios</strong></span> <span class='ocrx_word' id='word_1_407' title='bbox 1356 3340 1524 3422; x_wconf 86' lang='lat' dir='ltr'><strong>artifices,</strong></span> <span class='ocrx_word' id='word_1_408' title='bbox 1550 3342 1623 3411; x_wconf 79' lang='lat' dir='ltr'><strong>nisi</strong></span> <span class='ocrx_word' id='word_1_409' title='bbox 1610 3340 1883 3425; x_wconf 89' lang='lat' dir='ltr'><strong>doctissimos,</strong></span> <span class='ocrx_word' id='word_1_410' title='bbox 1905 3338 2140 3433; x_wconf 83' lang='lat' dir='ltr'><strong>peritissimos</strong></span> 
     </span>
     <span class='ocr_line' id='line_1_31' title="bbox 96 3431 2143 3537; baseline 0 -29"><span class='ocrx_word' id='word_1_411' title='bbox 96 3451 211 3508; x_wconf 88' lang='lat' dir='ltr'><strong>certas</strong></span> <span class='ocrx_word' id='word_1_412' title='bbox 230 3437 330 3507; x_wconf 88' lang='lat' dir='ltr'><strong>sedes</strong></span> <span class='ocrx_word' id='word_1_413' title='bbox 353 3437 458 3508; x_wconf 86' lang='lat' dir='ltr'><strong>certis</strong></span> <span class='ocrx_word' id='word_1_414' title='bbox 479 3439 646 3527; x_wconf 87' lang='lat' dir='ltr'><strong>familiis,</strong></span> <span class='ocrx_word' id='word_1_415' title='bbox 669 3454 705 3512; x_wconf 93' lang='lat' dir='ltr'><strong>et</strong></span> <span class='ocrx_word' id='word_1_416' title='bbox 701 3431 786 3513; x_wconf 89' lang='lat' dir='ltr'><strong>&#39;has</strong></span> <span class='ocrx_word' id='word_1_417' title='bbox 805 3456 927 3515; x_wconf 87' lang='lat' dir='ltr'><strong>vetant</strong></span> <span class='ocrx_word' id='word_1_418' title='bbox 944 3443 1093 3530; x_wconf 88' lang='lat' dir='ltr'><strong>mutari;</strong></span> <span class='ocrx_word' id='word_1_419' title='bbox 1145 3438 1319 3530; x_wconf 90' lang='lat' dir='ltr'><strong>homines,</strong></span> <span class='ocrx_word' id='word_1_420' title='bbox 1339 3445 1402 3537; x_wconf 90' lang='lat' dir='ltr'><strong>qui</strong></span> <span class='ocrx_word' id='word_1_421' title='bbox 1416 3444 1738 3537; x_wconf 86' lang='lat' dir='ltr'><strong>insapientissimis</strong></span> <span class='ocrx_word' id='word_1_422' title='bbox 1752 3443 1912 3514; x_wconf 85' lang='lat' dir='ltr'><strong>consiliis</strong></span> <span class='ocrx_word' id='word_1_423' title='bbox 1926 3441 2058 3512; x_wconf 89' lang='lat' dir='ltr'><strong>summi</strong></span> <span class='ocrx_word' id='word_1_424' title='bbox 2072 3440 2143 3510; x_wconf 91' lang='lat' dir='ltr'><strong>im-</strong></span> 
     </span>
     <span class='ocr_line' id='line_1_32' title="bbox 98 3536 2143 3640; baseline 0 -29"><span class='ocrx_word' id='word_1_425' title='bbox 98 3536 168 3611; x_wconf 91' lang='lat' dir='ltr'><strong>hoc</strong></span> <span class='ocrx_word' id='word_1_426' title='bbox 204 3562 280 3608; x_wconf 93' lang='lat' dir='ltr'><strong>non</strong></span> <span class='ocrx_word' id='word_1_427' title='bbox 311 3550 428 3630; x_wconf 91' lang='lat' dir='ltr'><strong>potest</strong></span> <span class='ocrx_word' id='word_1_428' title='bbox 455 3539 526 3609; x_wconf 86' lang='lat' dir='ltr'><strong>nisi</strong></span> <span class='ocrx_word' id='word_1_429' title='bbox 555 3541 594 3611; x_wconf 93' lang='lat' dir='ltr'><strong>in</strong></span> <span class='ocrx_word' id='word_1_430' title='bbox 628 3557 778 3632; x_wconf 89' lang='lat' dir='ltr'><strong>angusto</strong></span> <span class='ocrx_word' id='word_1_431' title='bbox 813 3544 892 3616; x_wconf 91' lang='lat' dir='ltr'><strong>loco</strong></span> <span class='ocrx_word' id='word_1_432' title='bbox 923 3545 1093 3618; x_wconf 89' lang='lat' dir='ltr'><strong>obtineri.</strong></span> <span class='ocrx_word' id='word_1_433' title='bbox 1144 3545 1234 3637; x_wconf 83' lang='lat' dir='ltr'><strong>perir</strong></span> <span class='ocrx_word' id='word_1_434' title='bbox 1224 3539 1319 3615; x_wconf 91' lang='lat' dir='ltr'><strong>hoc</strong></span> <span class='ocrx_word' id='word_1_435' title='bbox 1333 3546 1621 3637; x_wconf 81' lang='lat' dir='ltr'><strong>disputaverunt,</strong></span> <span class='ocrx_word' id='word_1_436' title='bbox 1647 3545 1899 3640; x_wconf 80' lang='lat' dir='ltr'><strong>sequeremur?</strong></span> <span class='ocrx_word' id='word_1_437' title='bbox 1945 3540 2083 3616; x_wconf 88' lang='lat' dir='ltr'><strong>Recte</strong></span> <span class='ocrx_word' id='word_1_438' title='bbox 2071 3540 2143 3634; x_wconf 78' lang='lat' dir='ltr'><strong>igi·</strong></span> 
     </span>
     <span class='ocr_line' id='line_1_33' title="bbox 97 3640 2143 3747; baseline 0 -33"><span class='ocrx_word' id='word_1_439' title='bbox 97 3640 295 3734; x_wconf 86' lang='lat' dir='ltr'><strong>Spartanae</strong></span> <span class='ocrx_word' id='word_1_440' title='bbox 316 3640 409 3732; x_wconf 88' lang='lat' dir='ltr'><strong>leges</strong></span> <span class='ocrx_word' id='word_1_441' title='bbox 431 3665 507 3713; x_wconf 92' lang='lat' dir='ltr'><strong>non</strong></span> <span class='ocrx_word' id='word_1_442' title='bbox 529 3643 698 3716; x_wconf 83' lang='lat' dir='ltr'><strong>dividunt</strong></span> <span class='ocrx_word' id='word_1_443' title='bbox 722 3667 846 3737; x_wconf 86' lang='lat' dir='ltr'><strong>agros,</strong></span> <span class='ocrx_word' id='word_1_444' title='bbox 877 3649 939 3717; x_wconf 91' lang='lat' dir='ltr'><strong>sed</strong></span> <span class='ocrx_word' id='word_1_445' title='bbox 966 3649 1094 3718; x_wconf 90' lang='lat' dir='ltr'><strong>iubent</strong></span> <span class='ocrx_word' id='word_1_446' title='bbox 1143 3659 1205 3716; x_wconf 92' lang='lat' dir='ltr'><strong>tur</strong></span> <span class='ocrx_word' id='word_1_447' title='bbox 1228 3643 1495 3747; x_wconf 79' lang='lat' dir='ltr'><strong>Romanorum</strong></span> <span class='ocrx_word' id='word_1_448' title='bbox 1515 3648 1663 3722; x_wconf 89' lang='lat' dir='ltr'><strong>utimur.</strong></span> <span class='ocrx_word' id='word_1_449' title='bbox 1721 3645 1907 3735; x_wconf 89' lang='lat' dir='ltr'><strong>Quantum</strong></span> <span class='ocrx_word' id='word_1_450' title='bbox 1931 3645 2039 3718; x_wconf 84' lang='lat' dir='ltr'><strong>inerit</strong></span> <span class='ocrx_word' id='word_1_451' title='bbox 2063 3656 2143 3715; x_wconf 91' lang='lat' dir='ltr'><strong>stn-</strong></span> 
     </span>
     <span class='ocr_line' id='line_1_34' title="bbox 99 3741 2143 3843; baseline 0 -28"><span class='ocrx_word' id='word_1_452' title='bbox 99 3741 337 3815; x_wconf 89' lang='lat' dir='ltr'><strong>commnniter</strong></span> <span class='ocrx_word' id='word_1_453' title='bbox 352 3743 438 3830; x_wconf 93' lang='lat' dir='ltr'><strong>coli,</strong></span> <span class='ocrx_word' id='word_1_454' title='bbox 463 3757 633 3838; x_wconf 89' lang='lat' dir='ltr'><strong>etpostea</strong></span> <span class='ocrx_word' id='word_1_455' title='bbox 651 3747 787 3819; x_wconf 83' lang='lat' dir='ltr'><strong>fructus</strong></span> <span class='ocrx_word' id='word_1_456' title='bbox 804 3748 936 3819; x_wconf 91' lang='lat' dir='ltr'><strong>dividi.</strong></span> <span class='ocrx_word' id='word_1_457' title='bbox 963 3773 1009 3820; x_wconf 92' lang='lat' dir='ltr'><strong>ne</strong></span> <span class='ocrx_word' id='word_1_458' title='bbox 1024 3744 1093 3819; x_wconf 90' lang='lat' dir='ltr'><strong>hoc</strong></span> <span class='ocrx_word' id='word_1_459' title='bbox 1144 3748 1244 3818; x_wconf 89' lang='lat' dir='ltr'><strong>dium</strong></span> <span class='ocrx_word' id='word_1_460' title='bbox 1267 3749 1452 3819; x_wconf 84' lang='lat' dir='ltr'><strong>doctrinae</strong></span> <span class='ocrx_word' id='word_1_461' title='bbox 1474 3749 1560 3818; x_wconf 89' lang='lat' dir='ltr'><strong>inde</strong></span> <span class='ocrx_word' id='word_1_462' title='bbox 1579 3770 1693 3843; x_wconf 90' lang='lat' dir='ltr'><strong>usque</strong></span> <span class='ocrx_word' id='word_1_463' title='bbox 1717 3748 1763 3818; x_wconf 89' lang='lat' dir='ltr'><strong>ab</strong></span> <span class='ocrx_word' id='word_1_464' title='bbox 1784 3744 1946 3840; x_wconf 89' lang='lat' dir='ltr'><strong>Augusto</strong></span> <span class='ocrx_word' id='word_1_465' title='bbox 1967 3746 2011 3816; x_wconf 92' lang='lat' dir='ltr'><strong>ad</strong></span> <span class='ocrx_word' id='word_1_466' title='bbox 2032 3743 2143 3816; x_wconf 89' lang='lat' dir='ltr'><strong>Iusti·</strong></span> 
     </span>
     <span class='ocr_line' id='line_1_35' title="bbox 97 3843 2140 3944; baseline 0.002 -32"><span class='ocrx_word' id='word_1_467' title='bbox 97 3845 243 3942; x_wconf 87' lang='lat' dir='ltr'><strong>quidem</strong></span> <span class='ocrx_word' id='word_1_468' title='bbox 259 3843 331 3914; x_wconf 89' lang='lat' dir='ltr'><strong>nisi</strong></span> <span class='ocrx_word' id='word_1_469' title='bbox 346 3844 442 3915; x_wconf 90' lang='lat' dir='ltr'><strong>inter</strong></span> <span class='ocrx_word' id='word_1_470' title='bbox 455 3870 586 3938; x_wconf 91' lang='lat' dir='ltr'><strong>paucos</strong></span> <span class='ocrx_word' id='word_1_471' title='bbox 603 3849 758 3919; x_wconf 88' lang='lat' dir='ltr'><strong>obtineri</strong></span> <span class='ocrx_word' id='word_1_472' title='bbox 773 3864 899 3942; x_wconf 87' lang='lat' dir='ltr'><strong>potest.</strong></span> <span class='ocrx_word' id='word_1_473' title='bbox 949 3848 1095 3922; x_wconf 83' lang='lat' dir='ltr'><strong>Habent</strong></span> <span class='ocrx_word' id='word_1_474' title='bbox 1143 3850 1312 3935; x_wconf 90' lang='lat' dir='ltr'><strong>nianum,</strong></span> <span class='ocrx_word' id='word_1_475' title='bbox 1335 3851 1448 3920; x_wconf 90' lang='lat' dir='ltr'><strong>multa</strong></span> <span class='ocrx_word' id='word_1_476' title='bbox 1463 3864 1549 3920; x_wconf 90' lang='lat' dir='ltr'><strong>sunt</strong></span> <span class='ocrx_word' id='word_1_477' title='bbox 1568 3849 1753 3944; x_wconf 89' lang='lat' dir='ltr'><strong>perspicua</strong></span> <span class='ocrx_word' id='word_1_478' title='bbox 1772 3848 1893 3939; x_wconf 88' lang='lat' dir='ltr'><strong>signa,</strong></span> <span class='ocrx_word' id='word_1_479' title='bbox 1917 3848 1979 3916; x_wconf 84' lang='lat' dir='ltr'><strong>sed</strong></span> <span class='ocrx_word' id='word_1_480' title='bbox 2003 3859 2140 3917; x_wconf 86' lang='lat' dir='ltr'><strong>caetera</strong></span> 
     </span>
     <span class='ocr_line' id='line_1_36' title="bbox 97 3945 2141 4044; baseline -0.001 -25"><span class='ocrx_word' id='word_1_481' title='bbox 97 3963 134 4019; x_wconf 89' lang='lat' dir='ltr'><strong>et</strong></span> <span class='ocrx_word' id='word_1_482' title='bbox 150 3947 221 4017; x_wconf 80' lang='lat' dir='ltr'><strong>alra</strong></span> <span class='ocrx_word' id='word_1_483' title='bbox 233 3946 362 4017; x_wconf 78' lang='lat' dir='ltr'><strong>vitiosa</strong></span> <span class='ocrx_word' id='word_1_484' title='bbox 375 3947 538 4020; x_wconf 88' lang='lat' dir='ltr'><strong>instituta</strong></span> <span class='ocrx_word' id='word_1_485' title='bbox 560 3951 605 4019; x_wconf 91' lang='lat' dir='ltr'><strong>dc</strong></span> <span class='ocrx_word' id='word_1_486' title='bbox 620 3952 819 4026; x_wconf 87' lang='lat' dir='ltr'><strong>connubiis.</strong></span> <span class='ocrx_word' id='word_1_487' title='bbox 845 3948 984 4024; x_wconf 87' lang='lat' dir='ltr'><strong>Atticae</strong></span> <span class='ocrx_word' id='word_1_488' title='bbox 999 3954 1092 4042; x_wconf 88' lang='lat' dir='ltr'><strong>leges</strong></span> <span class='ocrx_word' id='word_1_489' title='bbox 1143 3950 1323 4036; x_wconf 89' lang='lat' dir='ltr'><strong>omittam;</strong></span> <span class='ocrx_word' id='word_1_490' title='bbox 1357 3945 1540 4039; x_wconf 89' lang='lat' dir='ltr'><strong>Augustus</strong></span> <span class='ocrx_word' id='word_1_491' title='bbox 1564 3972 1647 4019; x_wconf 90' lang='lat' dir='ltr'><strong>cum</strong></span> <span class='ocrx_word' id='word_1_492' title='bbox 1667 3948 1813 4044; x_wconf 90' lang='lat' dir='ltr'><strong>quidem</strong></span> <span class='ocrx_word' id='word_1_493' title='bbox 1836 3947 2020 4021; x_wconf 82' lang='lat' dir='ltr'><strong>excelleret</strong></span> <span class='ocrx_word' id='word_1_494' title='bbox 2040 3946 2141 4018; x_wconf 83' lang='lat' dir='ltr'><strong>civili</strong></span> 
     </span>
     <span class='ocr_line' id='line_1_37' title="bbox 95 4047 2141 4147; baseline 0 -28"><span class='ocrx_word' id='word_1_495' title='bbox 95 4049 247 4146; x_wconf 86' lang='lat' dir='ltr'><strong>propius</strong></span> <span class='ocrx_word' id='word_1_496' title='bbox 267 4051 314 4120; x_wconf 89' lang='lat' dir='ltr'><strong>ad</strong></span> <span class='ocrx_word' id='word_1_497' title='bbox 329 4047 532 4121; x_wconf 87' lang='lat' dir='ltr'><strong>Romanam</strong></span> <span class='ocrx_word' id='word_1_498' title='bbox 553 4054 706 4123; x_wconf 84' lang='lat' dir='ltr'><strong>formam</strong></span> <span class='ocrx_word' id='word_1_499' title='bbox 728 4055 917 4140; x_wconf 90' lang='lat' dir='ltr'><strong>accedunt,</strong></span> <span class='ocrx_word' id='word_1_500' title='bbox 937 4056 999 4124; x_wconf 82' lang='lat' dir='ltr'><strong>&#39;scd</strong></span> <span class='ocrx_word' id='word_1_501' title='bbox 1014 4052 1094 4125; x_wconf 89' lang='lat' dir='ltr'><strong>Ro-</strong></span> <span class='ocrx_word' id='word_1_502' title='bbox 1145 4049 1319 4143; x_wconf 88' lang='lat' dir='ltr'><strong>sapientia</strong></span> <span class='ocrx_word' id='word_1_503' title='bbox 1340 4050 1379 4119; x_wconf 94' lang='lat' dir='ltr'><strong>in</strong></span> <span class='ocrx_word' id='word_1_504' title='bbox 1405 4050 1673 4144; x_wconf 86' lang='lat' dir='ltr'><strong>quaestionibus</strong></span> <span class='ocrx_word' id='word_1_505' title='bbox 1695 4050 1804 4138; x_wconf 91' lang='lat' dir='ltr'><strong>iuris,</strong></span> <span class='ocrx_word' id='word_1_506' title='bbox 1829 4073 1937 4147; x_wconf 91' lang='lat' dir='ltr'><strong>qnam</strong></span> <span class='ocrx_word' id='word_1_507' title='bbox 1959 4050 2072 4122; x_wconf 89' lang='lat' dir='ltr'><strong>multa</strong></span> <span class='ocrx_word' id='word_1_508' title='bbox 2095 4050 2141 4121; x_wconf 89' lang='lat' dir='ltr'><strong>de</strong></span> 
     </span>
     <span class='ocr_line' id='line_1_38' title="bbox 94 4149 2143 4249; baseline 0 -26"><span class='ocrx_word' id='word_1_509' title='bbox 94 4175 225 4223; x_wconf 88' lang='lat' dir='ltr'><strong>manae</strong></span> <span class='ocrx_word' id='word_1_510' title='bbox 248 4151 329 4244; x_wconf 93' lang='lat' dir='ltr'><strong>plus</strong></span> <span class='ocrx_word' id='word_1_511' title='bbox 350 4153 534 4242; x_wconf 87' lang='lat' dir='ltr'><strong>gravitatis</strong></span> <span class='ocrx_word' id='word_1_512' title='bbox 549 4150 682 4226; x_wconf 90' lang='lat' dir='ltr'><strong>habent</strong></span> <span class='ocrx_word' id='word_1_513' title='bbox 699 4155 739 4224; x_wconf 91' lang='lat' dir='ltr'><strong>in</strong></span> <span class='ocrx_word' id='word_1_514' title='bbox 763 4155 940 4249; x_wconf 87' lang='lat' dir='ltr'><strong>plerisque</strong></span> <span class='ocrx_word' id='word_1_515' title='bbox 956 4154 1093 4226; x_wconf 89' lang='lat' dir='ltr'><strong>delictis</strong></span> <span class='ocrx_word' id='word_1_516' title='bbox 1144 4151 1331 4238; x_wconf 87' lang='lat' dir='ltr'><strong>Trebatii,</strong></span> <span class='ocrx_word' id='word_1_517' title='bbox 1355 4151 1577 4240; x_wconf 87' lang='lat' dir='ltr'><strong>Tuberonis,</strong></span> <span class='ocrx_word' id='word_1_518' title='bbox 1601 4152 1781 4224; x_wconf 88' lang='lat' dir='ltr'><strong>Labeonis</strong></span> <span class='ocrx_word' id='word_1_519' title='bbox 1801 4166 1835 4224; x_wconf 91' lang='lat' dir='ltr'><strong>et</strong></span> <span class='ocrx_word' id='word_1_520' title='bbox 1849 4149 2035 4245; x_wconf 84' lang='lat' dir='ltr'><strong>Capitonis</strong></span> <span class='ocrx_word' id='word_1_521' title='bbox 2058 4175 2143 4223; x_wconf 86' lang='lat' dir='ltr'><strong>sen-</strong></span> 
     </span>
     <span class='ocr_line' id='line_1_39' title="bbox 94 4252 2140 4349; baseline 0 -24"><span class='ocrx_word' id='word_1_522' title='bbox 94 4252 308 4349; x_wconf 84' lang='lat' dir='ltr'><strong>puniendis3</strong></span> <span class='ocrx_word' id='word_1_523' title='bbox 326 4254 456 4325; x_wconf 90' lang='lat' dir='ltr'><strong>melius</strong></span> <span class='ocrx_word' id='word_1_524' title='bbox 470 4255 575 4328; x_wconf 89' lang='lat' dir='ltr'><strong>etiam</strong></span> <span class='ocrx_word' id='word_1_525' title='bbox 591 4258 797 4329; x_wconf 87' lang='lat' dir='ltr'><strong>describunt</strong></span> <span class='ocrx_word' id='word_1_526' title='bbox 811 4258 889 4329; x_wconf 89' lang='lat' dir='ltr'><strong>iura</strong></span> <span class='ocrx_word' id='word_1_527' title='bbox 904 4270 1094 4329; x_wconf 88' lang='lat' dir='ltr'><strong>testamen·</strong></span> <span class='ocrx_word' id='word_1_528' title='bbox 1143 4255 1266 4327; x_wconf 90' lang='lat' dir='ltr'><strong>tentiis</strong></span> <span class='ocrx_word' id='word_1_529' title='bbox 1279 4255 1488 4328; x_wconf 75' lang='lat' dir='ltr'><strong>constituit?</strong></span> <span class='ocrx_word' id='word_1_530' title='bbox 1513 4253 1673 4327; x_wconf 86' lang='lat' dir='ltr'><strong>Labeoni</strong></span> <span class='ocrx_word' id='word_1_531' title='bbox 1689 4255 1796 4327; x_wconf 87' lang='lat' dir='ltr'><strong>etiarn</strong></span> <span class='ocrx_word' id='word_1_532' title='bbox 1810 4256 1922 4326; x_wconf 90' lang='lat' dir='ltr'><strong>libere</strong></span> <span class='ocrx_word' id='word_1_533' title='bbox 1936 4255 2140 4329; x_wconf 88' lang='lat' dir='ltr'><strong>adversanti</strong></span> 
     </span>
     <span class='ocr_line' id='line_1_40' title="bbox 95 4352 2141 4450; baseline -0.001 -21"><span class='ocrx_word' id='word_1_534' title='bbox 95 4371 240 4437; x_wconf 87' lang='lat' dir='ltr'><strong>torum,</strong></span> <span class='ocrx_word' id='word_1_535' title='bbox 272 4356 480 4428; x_wconf 90' lang='lat' dir='ltr'><strong>discernunt</strong></span> <span class='ocrx_word' id='word_1_536' title='bbox 504 4352 755 4447; x_wconf 90' lang='lat' dir='ltr'><strong>haereditates,</strong></span> <span class='ocrx_word' id='word_1_537' title='bbox 799 4360 1094 4431; x_wconf 85' lang='lat' dir='ltr'><strong>fideicommissa</strong></span> <span class='ocrx_word' id='word_1_538' title='bbox 1144 4380 1247 4450; x_wconf 87' lang='lat' dir='ltr'><strong>saepe</strong></span> <span class='ocrx_word' id='word_1_539' title='bbox 1262 4357 1376 4431; x_wconf 89' lang='lat' dir='ltr'><strong>cessit.</strong></span> <span class='ocrx_word' id='word_1_540' title='bbox 1417 4357 1510 4443; x_wconf 90' lang='lat' dir='ltr'><strong>Sed,</strong></span> <span class='ocrx_word' id='word_1_541' title='bbox 1534 4374 1575 4431; x_wconf 90' lang='lat' dir='ltr'><strong>ut</strong></span> <span class='ocrx_word' id='word_1_542' title='bbox 1590 4372 1674 4431; x_wconf 91' lang='lat' dir='ltr'><strong>sunt</strong></span> <span class='ocrx_word' id='word_1_543' title='bbox 1686 4358 1820 4429; x_wconf 89' lang='lat' dir='ltr'><strong>morosi</strong></span> <span class='ocrx_word' id='word_1_544' title='bbox 1836 4357 2016 4430; x_wconf 90' lang='lat' dir='ltr'><strong>interdum</strong></span> <span class='ocrx_word' id='word_1_545' title='bbox 2033 4357 2141 4430; x_wconf 85' lang='lat' dir='ltr'><strong>etiam</strong></span> 
     </span>
     <span class='ocr_line' id='line_1_41' title="bbox 93 4456 2142 4555; baseline 0 -25"><span class='ocrx_word' id='word_1_546' title='bbox 93 4460 231 4549; x_wconf 88' lang='lat' dir='ltr'><strong>legata;</strong></span> <span class='ocrx_word' id='word_1_547' title='bbox 272 4458 428 4555; x_wconf 84' lang='lat' dir='ltr'><strong>denique</strong></span> <span class='ocrx_word' id='word_1_548' title='bbox 458 4461 604 4531; x_wconf 87' lang='lat' dir='ltr'><strong>uberior</strong></span> <span class='ocrx_word' id='word_1_549' title='bbox 634 4475 688 4535; x_wconf 86' lang='lat' dir='ltr'><strong>est</strong></span> <span class='ocrx_word' id='word_1_550' title='bbox 720 4461 881 4533; x_wconf 89' lang='lat' dir='ltr'><strong>doctrina</strong></span> <span class='ocrx_word' id='word_1_551' title='bbox 907 4460 1093 4535; x_wconf 86' lang='lat' dir='ltr'><strong>Romanis.</strong></span> <span class='ocrx_word' id='word_1_552' title='bbox 1143 4459 1219 4530; x_wconf 92' lang='lat' dir='ltr'><strong>leni</strong></span> <span class='ocrx_word' id='word_1_553' title='bbox 1233 4473 1270 4531; x_wconf 92' lang='lat' dir='ltr'><strong>et</strong></span> <span class='ocrx_word' id='word_1_554' title='bbox 1285 4460 1460 4532; x_wconf 87' lang='lat' dir='ltr'><strong>moderati</strong></span> <span class='ocrx_word' id='word_1_555' title='bbox 1473 4458 1673 4553; x_wconf 90' lang='lat' dir='ltr'><strong>Principes,</strong></span> <span class='ocrx_word' id='word_1_556' title='bbox 1695 4456 1878 4551; x_wconf 88' lang='lat' dir='ltr'><strong>Augustus</strong></span> <span class='ocrx_word' id='word_1_557' title='bbox 1892 4461 1959 4532; x_wconf 87' lang='lat' dir='ltr'><strong>etsi</strong></span> <span class='ocrx_word' id='word_1_558' title='bbox 1975 4484 2051 4531; x_wconf 93' lang='lat' dir='ltr'><strong>non</strong></span> <span class='ocrx_word' id='word_1_559' title='bbox 2065 4460 2142 4530; x_wconf 75' lang='lat' dir='ltr'><strong>lae·</strong></span> 
     </span>
     <span class='ocr_line' id='line_1_42' title="bbox 95 4559 2141 4659; baseline -0.001 -25"><span class='ocrx_word' id='word_1_560' title='bbox 95 4559 213 4654; x_wconf 85' lang='lat' dir='ltr'><strong>Saepe</strong></span> <span class='ocrx_word' id='word_1_561' title='bbox 240 4560 337 4631; x_wconf 93' lang='lat' dir='ltr'><strong>enim</strong></span> <span class='ocrx_word' id='word_1_562' title='bbox 359 4562 475 4633; x_wconf 87' lang='lat' dir='ltr'><strong>miror</strong></span> <span class='ocrx_word' id='word_1_563' title='bbox 503 4561 729 4637; x_wconf 90' lang='lat' dir='ltr'><strong>insolentiam</strong></span> <span class='ocrx_word' id='word_1_564' title='bbox 751 4565 999 4659; x_wconf 87' lang='lat' dir='ltr'><strong>quorundam,</strong></span> <span class='ocrx_word' id='word_1_565' title='bbox 1030 4563 1095 4659; x_wconf 91' lang='lat' dir='ltr'><strong>qui</strong></span> <span class='ocrx_word' id='word_1_566' title='bbox 1145 4562 1191 4633; x_wconf 92' lang='lat' dir='ltr'><strong>sit</strong></span> <span class='ocrx_word' id='word_1_567' title='bbox 1213 4562 1439 4644; x_wconf 88' lang='lat' dir='ltr'><strong>Labeonem,</strong></span> <span class='ocrx_word' id='word_1_568' title='bbox 1472 4575 1591 4633; x_wconf 90' lang='lat' dir='ltr'><strong>tamen</strong></span> <span class='ocrx_word' id='word_1_569' title='bbox 1624 4563 1759 4633; x_wconf 85' lang='lat' dir='ltr'><strong>offendi</strong></span> <span class='ocrx_word' id='word_1_570' title='bbox 1793 4585 1831 4633; x_wconf 89' lang='lat' dir='ltr'><strong>se</strong></span> <span class='ocrx_word' id='word_1_571' title='bbox 1864 4563 1941 4632; x_wconf 89' lang='lat' dir='ltr'><strong>eius</strong></span> <span class='ocrx_word' id='word_1_572' title='bbox 1976 4563 2141 4634; x_wconf 86' lang='lat' dir='ltr'><strong>libertate</strong></span> 
     </span>
     <span class='ocr_line' id='line_1_43' title="bbox 96 4661 2141 4759; baseline 0 -24"><span class='ocrx_word' id='word_1_573' title='bbox 96 4662 304 4735; x_wconf 81' lang='lat' dir='ltr'><strong>existimant</strong></span> <span class='ocrx_word' id='word_1_574' title='bbox 318 4663 409 4735; x_wconf 89' lang='lat' dir='ltr'><strong>iusta</strong></span> <span class='ocrx_word' id='word_1_575' title='bbox 432 4678 467 4735; x_wconf 91' lang='lat' dir='ltr'><strong>ct</strong></span> <span class='ocrx_word' id='word_1_576' title='bbox 482 4687 609 4759; x_wconf 91' lang='lat' dir='ltr'><strong>aequa,</strong></span> <span class='ocrx_word' id='word_1_577' title='bbox 635 4667 711 4737; x_wconf 91' lang='lat' dir='ltr'><strong>sine</strong></span> <span class='ocrx_word' id='word_1_578' title='bbox 724 4681 801 4739; x_wconf 89' lang='lat' dir='ltr'><strong>arte</strong></span> <span class='ocrx_word' id='word_1_579' title='bbox 816 4679 852 4738; x_wconf 90' lang='lat' dir='ltr'><strong>ct</strong></span> <span class='ocrx_word' id='word_1_580' title='bbox 866 4667 943 4737; x_wconf 87' lang='lat' dir='ltr'><strong>sine</strong></span> <span class='ocrx_word' id='word_1_581' title='bbox 960 4667 1094 4738; x_wconf 91' lang='lat' dir='ltr'><strong>doctri·</strong></span> <span class='ocrx_word' id='word_1_582' title='bbox 1143 4664 1373 4755; x_wconf 85' lang='lat' dir='ltr'><strong>significavit,</strong></span> <span class='ocrx_word' id='word_1_583' title='bbox 1398 4661 1690 4758; x_wconf 87' lang='lat' dir='ltr'><strong>eoqueCapitoni</strong></span> <span class='ocrx_word' id='word_1_584' title='bbox 1713 4663 1847 4734; x_wconf 90' lang='lat' dir='ltr'><strong>minori</strong></span> <span class='ocrx_word' id='word_1_585' title='bbox 1864 4678 1952 4736; x_wconf 90' lang='lat' dir='ltr'><strong>natu</strong></span> <span class='ocrx_word' id='word_1_586' title='bbox 1974 4665 2141 4736; x_wconf 87' lang='lat' dir='ltr'><strong>consula·</strong></span> 
     </span>
     <span class='ocr_line' id='line_1_44' title="bbox 94 4762 2142 4867; baseline 0 -30"><span class='ocrx_word' id='word_1_587' title='bbox 94 4789 146 4837; x_wconf 86' lang='lat' dir='ltr'><strong>na</strong></span> <span class='ocrx_word' id='word_1_588' title='bbox 162 4765 316 4861; x_wconf 90' lang='lat' dir='ltr'><strong>perspici</strong></span> <span class='ocrx_word' id='word_1_589' title='bbox 340 4766 494 4837; x_wconf 88' lang='lat' dir='ltr'><strong>naturali</strong></span> <span class='ocrx_word' id='word_1_590' title='bbox 510 4769 664 4860; x_wconf 91' lang='lat' dir='ltr'><strong>quodam</strong></span> <span class='ocrx_word' id='word_1_591' title='bbox 682 4792 807 4852; x_wconf 86' lang='lat' dir='ltr'><strong>sensu,</strong></span> <span class='ocrx_word' id='word_1_592' title='bbox 831 4770 924 4841; x_wconf 78' lang='lat' dir='ltr'><strong>sicut</strong></span> <span class='ocrx_word' id='word_1_593' title='bbox 939 4792 1022 4860; x_wconf 89' lang='lat' dir='ltr'><strong>apes</strong></span> <span class='ocrx_word' id='word_1_594' title='bbox 1036 4792 1095 4838; x_wconf 89' lang='lat' dir='ltr'><strong>ar</strong></span> <span class='ocrx_word' id='word_1_595' title='bbox 1144 4779 1221 4839; x_wconf 88' lang='lat' dir='ltr'><strong>tum</strong></span> <span class='ocrx_word' id='word_1_596' title='bbox 1243 4767 1353 4836; x_wconf 90' lang='lat' dir='ltr'><strong>dedit.</strong></span> <span class='ocrx_word' id='word_1_597' title='bbox 1402 4762 1649 4838; x_wconf 83' lang='lat' dir='ltr'><strong>Retinuemnt</strong></span> <span class='ocrx_word' id='word_1_598' title='bbox 1668 4764 1823 4867; x_wconf 85' lang='lat' dir='ltr'><strong>Augusti</strong></span> <span class='ocrx_word' id='word_1_599' title='bbox 1843 4790 1979 4837; x_wconf 89' lang='lat' dir='ltr'><strong>morem</strong></span> <span class='ocrx_word' id='word_1_600' title='bbox 2002 4781 2036 4839; x_wconf 91' lang='lat' dir='ltr'><strong>et</strong></span> <span class='ocrx_word' id='word_1_601' title='bbox 2060 4778 2142 4860; x_wconf 87' lang='lat' dir='ltr'><strong>post</strong></span> 
     </span>
     <span class='ocr_line' id='line_1_45' title="bbox 95 4862 2188 4960; baseline -0 -19"><span class='ocrx_word' id='word_1_602' title='bbox 95 4862 371 4941; x_wconf 84' lang='lat' dir='ltr'><strong>chitectonicam</strong></span> <span class='ocrx_word' id='word_1_603' title='bbox 397 4882 534 4940; x_wconf 89' lang='lat' dir='ltr'><strong>norunt</strong></span> <span class='ocrx_word' id='word_1_604' title='bbox 559 4871 636 4939; x_wconf 87' lang='lat' dir='ltr'><strong>sinc</strong></span> <span class='ocrx_word' id='word_1_605' title='bbox 658 4871 838 4957; x_wconf 90' lang='lat' dir='ltr'><strong>doctrina,</strong></span> <span class='ocrx_word' id='word_1_606' title='bbox 869 4874 931 4941; x_wconf 89' lang='lat' dir='ltr'><strong>sed</strong></span> <span class='ocrx_word' id='word_1_607' title='bbox 955 4867 993 4941; x_wconf 91' lang='lat' dir='ltr'><strong>hi</strong></span> <span class='ocrx_word' id='word_1_608' title='bbox 1020 4884 1094 4941; x_wconf 89' lang='lat' dir='ltr'><strong>tota</strong></span> <span class='ocrx_word' id='word_1_609' title='bbox 1144 4893 1225 4940; x_wconf 88' lang='lat' dir='ltr'><strong>cnm</strong></span> <span class='ocrx_word' id='word_1_610' title='bbox 1242 4868 1446 4960; x_wconf 89' lang='lat' dir='ltr'><strong>Principes,</strong></span> <span class='ocrx_word' id='word_1_611' title='bbox 1478 4892 1544 4939; x_wconf 92' lang='lat' dir='ltr'><strong>nec</strong></span> <span class='ocrx_word' id='word_1_612' title='bbox 1565 4869 1643 4939; x_wconf 87' lang='lat' dir='ltr'><strong>sine</strong></span> <span class='ocrx_word' id='word_1_613' title='bbox 1667 4862 1933 4939; x_wconf 87' lang='lat' dir='ltr'><strong>Iurisconsultis</strong></span> <span class='ocrx_word' id='word_1_614' title='bbox 1956 4870 2050 4941; x_wconf 88' lang='lat' dir='ltr'><strong>ultra</strong></span> <span class='ocrx_word' id='word_1_615' title='bbox 2074 4871 2140 4940; x_wconf 86' lang='lat' dir='ltr'><strong>de·-</strong></span> <span class='ocrx_word' id='word_1_616' title='bbox 2185 4951 2188 4956; x_wconf 42' lang='grc'>,</span> 
     </span>
     <span class='ocr_line' id='line_1_46' title="bbox 95 4965 2140 5068; baseline -0 -26"><span class='ocrx_word' id='word_1_617' title='bbox 95 4970 158 5042; x_wconf 87' lang='lat' dir='ltr'><strong>via</strong></span> <span class='ocrx_word' id='word_1_618' title='bbox 174 4983 306 5045; x_wconf 87' lang='lat' dir='ltr'><strong>errant.</strong></span> <span class='ocrx_word' id='word_1_619' title='bbox 355 4965 500 5041; x_wconf 75' lang='lat' dir='ltr'><strong>Etenim</strong></span> <span class='ocrx_word' id='word_1_620' title='bbox 515 4971 606 5043; x_wconf 77' lang='lat' dir='ltr'><strong>utin</strong></span> <span class='ocrx_word' id='word_1_621' title='bbox 622 4972 701 5041; x_wconf 85' lang='lat' dir='ltr'><strong>alus</strong></span> <span class='ocrx_word' id='word_1_622' title='bbox 714 4973 968 5044; x_wconf 78' lang='lat' dir='ltr'><strong>artabusimtra</strong></span> <span class='ocrx_word' id='word_1_623' title='bbox 983 4997 1094 5068; x_wconf 89' lang='lat' dir='ltr'><strong>quae</strong></span> <span class='ocrx_word' id='word_1_624' title='bbox 1144 4984 1237 5041; x_wconf 88' lang='lat' dir='ltr'><strong>creta</strong></span> <span class='ocrx_word' id='word_1_625' title='bbox 1255 4971 1294 5038; x_wconf 92' lang='lat' dir='ltr'><strong>in</strong></span> <span class='ocrx_word' id='word_1_626' title='bbox 1310 4970 1475 5041; x_wconf 87' lang='lat' dir='ltr'><strong>civilibus</strong></span> <span class='ocrx_word' id='word_1_627' title='bbox 1498 4971 1766 5065; x_wconf 86' lang='lat' dir='ltr'><strong>quaestionibus</strong></span> <span class='ocrx_word' id='word_1_628' title='bbox 1782 4970 1970 5046; x_wconf 84' lang='lat' dir='ltr'><strong>faciebant.</strong></span> <span class='ocrx_word' id='word_1_629' title='bbox 2021 4971 2140 5043; x_wconf 84' lang='lat' dir='ltr'><strong>Nerva</strong></span> 
     </span>
     <span class='ocr_line' id='line_1_47' title="bbox 95 5071 2139 5165; baseline 0 -20"><span class='ocrx_word' id='word_1_630' title='bbox 95 5075 184 5145; x_wconf 87' lang='lat' dir='ltr'><strong>dam</strong></span> <span class='ocrx_word' id='word_1_631' title='bbox 203 5085 376 5143; x_wconf 87' lang='lat' dir='ltr'><strong>monstrat</strong></span> <span class='ocrx_word' id='word_1_632' title='bbox 388 5085 533 5160; x_wconf 87' lang='lat' dir='ltr'><strong>natura,</strong></span> <span class='ocrx_word' id='word_1_633' title='bbox 554 5075 649 5145; x_wconf 90' lang='lat' dir='ltr'><strong>utin</strong></span> <span class='ocrx_word' id='word_1_634' title='bbox 671 5076 847 5146; x_wconf 89' lang='lat' dir='ltr'><strong>mensuris</strong></span> <span class='ocrx_word' id='word_1_635' title='bbox 864 5077 1094 5160; x_wconf 89' lang='lat' dir='ltr'><strong>admirandis,</strong></span> <span class='ocrx_word' id='word_1_636' title='bbox 1144 5087 1178 5143; x_wconf 91' lang='lat' dir='ltr'><strong>et</strong></span> <span class='ocrx_word' id='word_1_637' title='bbox 1193 5071 1335 5144; x_wconf 89' lang='lat' dir='ltr'><strong>Cassius</strong></span> <span class='ocrx_word' id='word_1_638' title='bbox 1348 5074 1540 5145; x_wconf 75' lang='lat' dir='ltr'><strong>adsuerunt</strong></span> <span class='ocrx_word' id='word_1_639' title='bbox 1556 5072 1725 5155; x_wconf 89' lang='lat' dir='ltr'><strong>Tiberio,</strong></span> <span class='ocrx_word' id='word_1_640' title='bbox 1752 5071 1891 5145; x_wconf 87' lang='lat' dir='ltr'><strong>Cassius</strong></span> <span class='ocrx_word' id='word_1_641' title='bbox 1909 5072 2139 5165; x_wconf 87' lang='lat' dir='ltr'><strong>Vespasiano,</strong></span> 
     </span>
     <span class='ocr_line' id='line_1_48' title="bbox 96 5172 2139 5270; baseline -0.001 -22"><span class='ocrx_word' id='word_1_642' title='bbox 96 5174 232 5248; x_wconf 87' lang='lat' dir='ltr'><strong>deinde</strong></span> <span class='ocrx_word' id='word_1_643' title='bbox 254 5175 323 5245; x_wconf 89' lang='lat' dir='ltr'><strong>arti</strong></span> <span class='ocrx_word' id='word_1_644' title='bbox 347 5174 509 5245; x_wconf 93' lang='lat' dir='ltr'><strong>doctrina</strong></span> <span class='ocrx_word' id='word_1_645' title='bbox 532 5177 685 5268; x_wconf 88' lang='lat' dir='ltr'><strong>prolicit:</strong></span> <span class='ocrx_word' id='word_1_646' title='bbox 721 5178 769 5248; x_wconf 89' lang='lat' dir='ltr'><strong>ita</strong></span> <span class='ocrx_word' id='word_1_647' title='bbox 793 5179 831 5246; x_wconf 94' lang='lat' dir='ltr'><strong>in</strong></span> <span class='ocrx_word' id='word_1_648' title='bbox 852 5173 918 5247; x_wconf 90' lang='lat' dir='ltr'><strong>hac</strong></span> <span class='ocrx_word' id='word_1_649' title='bbox 945 5179 1034 5250; x_wconf 90' lang='lat' dir='ltr'><strong>iuris</strong></span> <span class='ocrx_word' id='word_1_650' title='bbox 1060 5193 1095 5250; x_wconf 89' lang='lat' dir='ltr'><strong>et</strong></span> <span class='ocrx_word' id='word_1_651' title='bbox 1143 5174 1301 5246; x_wconf 82' lang='lat' dir='ltr'><strong>Traiano</strong></span> <span class='ocrx_word' id='word_1_652' title='bbox 1317 5191 1352 5249; x_wconf 90' lang='lat' dir='ltr'><strong>ct</strong></span> <span class='ocrx_word' id='word_1_653' title='bbox 1368 5173 1529 5247; x_wconf 81' lang='lat' dir='ltr'><strong>Adriano</strong></span> <span class='ocrx_word' id='word_1_654' title='bbox 1545 5172 1686 5255; x_wconf 88' lang='lat' dir='ltr'><strong>Celsus,</strong></span> <span class='ocrx_word' id='word_1_655' title='bbox 1713 5189 1748 5247; x_wconf 90' lang='lat' dir='ltr'><strong>et</strong></span> <span class='ocrx_word' id='word_1_656' title='bbox 1763 5177 1925 5270; x_wconf 87' lang='lat' dir='ltr'><strong>plerique</strong></span> <span class='ocrx_word' id='word_1_657' title='bbox 1941 5177 2013 5251; x_wconf 90' lang='lat' dir='ltr'><strong>alii.</strong></span> <span class='ocrx_word' id='word_1_658' title='bbox 2066 5174 2139 5247; x_wconf 87' lang='lat' dir='ltr'><strong>Ne·</strong></span> 
     </span>
     <span class='ocr_line' id='line_1_49' title="bbox 94 5276 2138 5372; baseline -0.001 -24"><span class='ocrx_word' id='word_1_659' title='bbox 94 5299 241 5348; x_wconf 89' lang='lat' dir='ltr'><strong>morum</strong></span> <span class='ocrx_word' id='word_1_660' title='bbox 269 5276 525 5367; x_wconf 86' lang='lat' dir='ltr'><strong>gubernatione</strong></span> <span class='ocrx_word' id='word_1_661' title='bbox 546 5277 647 5350; x_wconf 92' lang='lat' dir='ltr'><strong>initia</strong></span> <span class='ocrx_word' id='word_1_662' title='bbox 672 5304 693 5350; x_wconf 89' lang='lat' dir='ltr'><strong>a</strong></span> <span class='ocrx_word' id='word_1_663' title='bbox 722 5294 850 5351; x_wconf 88' lang='lat' dir='ltr'><strong>natura</strong></span> <span class='ocrx_word' id='word_1_664' title='bbox 873 5303 948 5351; x_wconf 87' lang='lat' dir='ltr'><strong>csse</strong></span> <span class='ocrx_word' id='word_1_665' title='bbox 968 5282 1094 5352; x_wconf 87' lang='lat' dir='ltr'><strong>fateor.</strong></span> <span class='ocrx_word' id='word_1_666' title='bbox 1144 5304 1213 5372; x_wconf 91' lang='lat' dir='ltr'><strong>que</strong></span> <span class='ocrx_word' id='word_1_667' title='bbox 1229 5279 1402 5351; x_wconf 84' lang='lat' dir='ltr'><strong>tamenin</strong></span> <span class='ocrx_word' id='word_1_668' title='bbox 1420 5277 1609 5349; x_wconf 89' lang='lat' dir='ltr'><strong>consilium</strong></span> <span class='ocrx_word' id='word_1_669' title='bbox 1625 5279 1770 5349; x_wconf 92' lang='lat' dir='ltr'><strong>admissi</strong></span> <span class='ocrx_word' id='word_1_670' title='bbox 1787 5279 1971 5359; x_wconf 87' lang='lat' dir='ltr'><strong>suntulli‚</strong></span> <span class='ocrx_word' id='word_1_671' title='bbox 1994 5279 2064 5348; x_wconf 91' lang='lat' dir='ltr'><strong>nisi</strong></span> <span class='ocrx_word' id='word_1_672' title='bbox 2080 5277 2138 5346; x_wconf 88' lang='lat' dir='ltr'><strong>iu-</strong></span> 
     </span>
     <span class='ocr_line' id='line_1_50' title="bbox 95 5377 2138 5475; baseline -0.002 -24"><span class='ocrx_word' id='word_1_673' title='bbox 95 5377 248 5451; x_wconf 86' lang='lat' dir='ltr'><strong>Necesse</strong></span> <span class='ocrx_word' id='word_1_674' title='bbox 269 5392 321 5451; x_wconf 89' lang='lat' dir='ltr'><strong>est</strong></span> <span class='ocrx_word' id='word_1_675' title='bbox 344 5379 440 5449; x_wconf 92' lang='lat' dir='ltr'><strong>enim</strong></span> <span class='ocrx_word' id='word_1_676' title='bbox 461 5403 535 5451; x_wconf 87' lang='lat' dir='ltr'><strong>esse</strong></span> <span class='ocrx_word' id='word_1_677' title='bbox 560 5395 655 5452; x_wconf 91' lang='lat' dir='ltr'><strong>certa</strong></span> <span class='ocrx_word' id='word_1_678' title='bbox 677 5383 871 5475; x_wconf 88' lang='lat' dir='ltr'><strong>principia,</strong></span> <span class='ocrx_word' id='word_1_679' title='bbox 900 5383 962 5452; x_wconf 88' lang='lat' dir='ltr'><strong>sed</strong></span> <span class='ocrx_word' id='word_1_680' title='bbox 982 5407 1023 5453; x_wconf 81' lang='lat' dir='ltr'><strong>ex</strong></span> <span class='ocrx_word' id='word_1_681' title='bbox 1037 5378 1094 5452; x_wconf 86' lang='lat' dir='ltr'><strong>his</strong></span> <span class='ocrx_word' id='word_1_682' title='bbox 1143 5381 1241 5453; x_wconf 87' lang='lat' dir='ltr'><strong>dicio</strong></span> <span class='ocrx_word' id='word_1_683' title='bbox 1268 5379 1420 5454; x_wconf 90' lang='lat' dir='ltr'><strong>Senatus</strong></span> <span class='ocrx_word' id='word_1_684' title='bbox 1446 5377 1604 5454; x_wconf 87' lang='lat' dir='ltr'><strong>Romani</strong></span> <span class='ocrx_word' id='word_1_685' title='bbox 1637 5394 1751 5452; x_wconf 89' lang='lat' dir='ltr'><strong>essent</strong></span> <span class='ocrx_word' id='word_1_686' title='bbox 1779 5380 2007 5471; x_wconf 87' lang='lat' dir='ltr'><strong>Principibus</strong></span> <span class='ocrx_word' id='word_1_687' title='bbox 2039 5401 2138 5448; x_wconf 90' lang='lat' dir='ltr'><strong>com·</strong></span> 
     </span>
     <span class='ocr_line' id='line_1_51' title="bbox 95 5480 2137 5578; baseline -0.001 -25"><span class='ocrx_word' id='word_1_688' title='bbox 95 5483 259 5554; x_wconf 88' lang='lat' dir='ltr'><strong>fontibus</strong></span> <span class='ocrx_word' id='word_1_689' title='bbox 279 5483 368 5555; x_wconf 90' lang='lat' dir='ltr'><strong>duci</strong></span> <span class='ocrx_word' id='word_1_690' title='bbox 384 5484 527 5575; x_wconf 89' lang='lat' dir='ltr'><strong>regulae</strong></span> <span class='ocrx_word' id='word_1_691' title='bbox 546 5483 624 5555; x_wconf 90' lang='lat' dir='ltr'><strong>sine</strong></span> <span class='ocrx_word' id='word_1_692' title='bbox 644 5485 807 5557; x_wconf 88' lang='lat' dir='ltr'><strong>doctrina</strong></span> <span class='ocrx_word' id='word_1_693' title='bbox 834 5508 910 5556; x_wconf 91' lang='lat' dir='ltr'><strong>non</strong></span> <span class='ocrx_word' id='word_1_694' title='bbox 933 5499 1092 5578; x_wconf 80' lang='lat' dir='ltr'><strong>possum.</strong></span> <span class='ocrx_word' id='word_1_695' title='bbox 1144 5485 1314 5557; x_wconf 81' lang='lat' dir='ltr'><strong>mandati.</strong></span> <span class='ocrx_word' id='word_1_696' title='bbox 1366 5483 1490 5557; x_wconf 86' lang='lat' dir='ltr'><strong>Postea</strong></span> <span class='ocrx_word' id='word_1_697' title='bbox 1507 5482 1687 5559; x_wconf 84' lang='lat' dir='ltr'><strong>Antonini</strong></span> <span class='ocrx_word' id='word_1_698' title='bbox 1709 5483 1848 5554; x_wconf 82' lang='lat' dir='ltr'><strong>Piuset</strong></span> <span class='ocrx_word' id='word_1_699' title='bbox 1861 5480 2006 5551; x_wconf 87' lang='lat' dir='ltr'><strong>Marcus</strong></span> <span class='ocrx_word' id='word_1_700' title='bbox 2022 5480 2137 5553; x_wconf 89' lang='lat' dir='ltr'><strong>multo</strong></span> 
     </span>
    </p>
   </div>
   <div class='ocr_carea' id='block_1_5' title="bbox 0 0 2370 6022">
    <p class='ocr_par' dir='ltr' id='par_1_5' title="bbox 0 0 2370 6022">
     <span class='ocr_line' id='line_1_52' title="bbox 0 0 2370 6022; baseline 0 0"><span class='ocrx_word' id='word_1_701' title='bbox 0 0 2370 6022; x_wconf 95' lang='lat' dir='ltr'><strong> </strong></span> 
     </span>
    </p>
   </div>
  </div>
 </body>
</html>
