4732 6030
79 250 155 323 918

77 436 151 506 tas,
185 435 290 491 erunt
316 434 350 491 et
380 441 512 511 poenae
534 431 697 489 aeternae
723 418 883 489 omniurn
909 419 1070 511 quinon
1098 455 1101 465 ·

79 525 290 613 confugiunt
305 524 350 591 ad
362 521 476 591 lilium
491 517 570 592 Dei.

182 625 344 694 Tertium
367 623 523 693 officium
544 634 612 692 est:
648 619 804 692 Summis
824 619 1072 710 gubernatori-

78 729 148 797 bus
171 726 208 798 in
230 725 353 817 politia
370 726 575 796 mandatum
592 737 660 807 est,
683 734 723 793 ut
741 723 808 814 ipsi
823 745 965 816 quoque
981 721 1073 810 leges

80 831 212 898 addant
224 828 412 915 decalogo,
434 849 524 918 quae
540 840 658 896 tamen
676 848 755 896 cum
771 825 909 912 legibus
926 836 1072 893 naturae

80 956 154 1000 non
174 943 342 1022 pugnent,
367 929 428 997 sed
443 942 505 998 aut
518 926 712 996 necessaria
727 928 990 1020 consequentia,
1012 939 1073 994 aut

82 1033 259 1123 probabili
284 1030 421 1100 ratione
453 1053 495 1098 ex
524 1029 597 1097 illis
621 1040 798 1099 extructae
822 1029 913 1113 sint,
947 1041 981 1096 et
1002 1026 1074 1096 sint

84 1135 178 1204 velut
192 1134 394 1202 adiumenta
406 1131 523 1220 legum
539 1129 767 1208 naturalium,
794 1141 828 1198 et
841 1130 1072 1200 circumstan-

81 1237 148 1305 tias
163 1235 300 1326 aliquas
314 1233 494 1302 deliniant.
534 1230 584 1303 Ut
599 1231 654 1301 lex
668 1244 814 1300 naturae
828 1232 982 1301 ostendit
995 1232 1073 1299 fur-

81 1350 157 1406 tum
173 1335 393 1427 puniendum
409 1355 493 1408 esse.
536 1331 667 1403 Modus
679 1356 878 1424 poenarum
894 1331 1073 1424 probabili

82 1440 220 1508 ratione
235 1437 455 1526 magistratus
472 1435 666 1506 constituit.

184 1538 359 1627 Quartum
373 1537 529 1608 officium
547 1550 612 1621 est,
636 1550 677 1606 ut
691 1532 818 1607 harum
833 1537 937 1606 etiam
954 1537 1071 1624 legum

82 1653 199 1710 custos
221 1640 266 1709 sit
275 1632 294 1720 ,'
311 1652 346 1709 et
370 1640 495 1730 puniat
518 1644 759 1724 contumaces,
785 1652 972 1731 totumque
992 1659 1074 1705 rnu-

82 1766 150 1812 nus
172 1742 300 1811 reserat
320 1743 366 1810 ad
386 1740 609 1832 disciplinam
631 1755 666 1810 et
684 1765 815 1832 pacem.
868 1740 934 1811 His
949 1738 1073 1811 officiis

82 1845 357 1930 gubernatorum
372 1843 612 1927 consideratis,
632 1867 722 1935 quae
735 1843 908 1913 divinitus
923 1843 955 1909 ei
971 1863 1073 1909 man·

82 1948 162 2015 data
181 1969 255 2014 esse
270 1945 503 2017 certissimum
527 1958 595 2025 est,
622 1968 711 2037 quac
726 1945 772 2014 sit
787 1943 948 2013 doctrina
964 1941 1074 2010 luris-

83 2047 254 2126 consulti,
287 2047 350 2139 qui
369 2060 421 2118 est
438 2046 535 2116 velut
558 2071 627 2115 vox
650 2045 917 2134 magistratuum
933 2040 1072 2140 (legum

33 2162 39 2175 ·
84 2147 178 2217 euim
206 2148 364 2218 custodia
386 2161 421 2217 et
437 2147 680 2239 interpretatio
696 2160 817 2217 nostro
834 2147 955 2216 ordini
971 2168 1072 2214 man-

83 2252 165 2319 data
180 2251 246 2341 est)
264 2249 365 2319 facile
382 2250 532 2339 intelligi
551 2262 674 2340 potest.

185 2349 258 2420 Nec
278 2370 361 2421 vero
382 2352 653 2422 existimandum
674 2363 742 2435 est,
768 2363 925 2433 nostram
941 2347 1073 2419 doctri-

83 2477 165 2521 nam
183 2465 322 2522 tantum
343 2477 505 2523 acervum
528 2476 602 2523 esse
624 2453 898 2535 sententiarum,
923 2473 1072 2543 quarum

83 2554 176 2622 nulli
203 2553 275 2623 sint
306 2556 391 2624 certi
423 2555 556 2639 fontes,
588 2556 709 2624 nullae
741 2554 1072 2624 demonstrationes.

83 2654 153 2726 Sed
165 2656 385 2724 verissimum
401 2670 464 2740 est,
480 2656 665 2748 principia,
681 2668 721 2725 ut
735 2669 864 2725 vocant
878 2653 1074 2732 Dialectici,

85 2778 157 2824 esse
173 2771 354 2848 praecepta
372 2758 542 2846 decalogi,
565 2782 655 2849 quae
672 2771 755 2826 sunt
772 2758 927 2848 primum
943 2755 982 2824 in
998 2755 1073 2847 ipsa

84 2869 201 2926 mente
221 2859 362 2947 divina,
387 2860 508 2947 regula
532 2858 691 2927 iusticiae
712 2858 870 2926 immota.
923 2853 1072 2926 Etcum

84 2959 155 3029 sint
167 2960 318 3030 noticiae
333 2959 508 3026 divinitus
521 2979 660 3046 sparsae
672 2956 710 3024 in
726 2950 912 3025 hominum
928 2969 1075 3040 mentes,

84 3075 209 3130 natura
233 3073 338 3128 notae
359 3072 442 3127 sunt
463 3071 497 3126 et
512 3058 652 3141 firmae,
678 3069 718 3127 ut
736 3080 969 3127 numerorum
984 3059 1081 3126 ordo'·

84 3174 190 3231 uotus
206 3174 256 3229 est
281 3173 315 3229 et
338 3159 584 3229 immutabilis.
636 3154 690 3229 Ex
705 3153 761 3226 his
777 3159 889 3228 initiis
903 3183 983 3228 cum
998 3182 1074 3227 cer-

84 3278 161 3333 tum
175 3261 221 3329 sit
235 3261 410 3353 reliquam
427 3262 626 3330 doctrinam
644 3259 927 3331 extructam'esse
944 3261 1074 3351 partim

84 3361 466 3447 demonstrationibus,
495 3362 624 3453 partim
653 3358 909 3431 honestissimis
929 3375 964 3430 et
989 3386 1073 3452 pro-

83 3463 264 3534 babilibus
290 3464 506 3547 rationibus,
544 3487 633 3556 quae
659 3464 797 3533 vicinae
828 3477 912 3534 sunt
941 3463 1073 3533 divinis

83 3568 294 3658 praeceptis,
320 3588 548 3655 agnoscamus
564 3578 677 3636 toturn
692 3565 910 3648 aedificium,
933 3565 1073 3655 sapien-

82 3668 171 3736 tiam
194 3692 267 3737 esse
289 3666 648 3738 aDeosmonstratarn
672 3665 792 3753 generi
807 3659 984 3747 humano,
1010 3664 1073 3756 qui

84 3768 189 3837 etiam
215 3768 361 3839 consilia
385 3767 658 3858 gubernantium
684 3767 793 3855 rexit,
828 3779 868 3834 ut
898 3765 1073 3856 principia

84 3873 263 3955 viderent,
298 3884 332 3939 et
357 3870 485 3939 deinde
507 3868 680 3937 concinna
711 3868 868 3936 membra
893 3868 1073 3938 adderent.

83 3973 159 4042 Scit
168 3972 441 4042 Iurisconsultus
457 3971 630 4040 iusticiam
645 3970 683 4037 in
694 3970 934 4038 contractibus
944 3992 1073 4058 aequa-

83 4074 219 4142 litatem
237 4098 327 4156 esse,
356 4097 445 4167 quae
466 4087 604 4162 sumpta
623 4084 675 4140 est
698 4095 738 4139 ex
762 4083 962 4161 praecepto:
991 4068 1073 4138 Non

84 4176 219 4244 furtum
248 4174 364 4241 facies.
421 4173 516 4244 Hinc
545 4174 703 4242 nascitur
731 4172 869 4260 regula,
898 4169 1072 4240 lniustum

86 4298 159 4344 esse
179 4298 259 4344 cum
275 4274 419 4343 alterius
435 4277 567 4346 iniuria
591 4274 808 4366 locupletari.
859 4269 1074 4342 Eruditissi-

803 243 963 320 DECL.
1002 243 1077 318 DE
1108 243 1375 319 LEGlBUS.

2041 255 2116 329 914

1124 438 1217 500 esse,
1243 430 1276 485 et
1291 416 1487 484 laudandos
1503 436 1574 483 esse
1589 415 1754 500 artifices,
1777 429 1851 485 tum
1868 433 2010 503 veteres,
2038 438 2112 494 tum

1123 532 1298 602 recentes,
1321 515 1505 586 Bartolum
1523 530 1556 585 et
1569 516 1718 601 similes,
1743 519 1805 609 qui
1820 520 1959 608 ingenia
1975 525 2114 596 discen-

1123 620 1213 690 tium
1245 621 1286 688 ad
1320 620 1435 687 fontes
1464 619 1656 692 deducunt.
1709 617 1892 691 Interdum
1918 628 2113 714 probabilis

1124 735 1262 792 tantum
1280 721 1370 790 ratio
1388 720 1472 809 legis
1488 733 1558 802 est,
1585 722 1644 789 sed
1663 733 1781 790 tamen
1800 725 1991 811 concinna,
2017 732 2111 799 utin

1124 822 1273 893 diversis
1299 847 1493 913 poenarum
1519 822 1644 890 modis.
1700 822 1830 894 Nostro
1856 827 1934 896 iure
1961 831 2114 917 debitor,

1126 925 1187 1018 qui
1202 949 1276 993 non
1289 937 1403 1015 potest
1417 924 1564 1004 solvere,
1579 923 1667 992 facta
1676 927 1879 996 excussione
1894 929 2114 1019 facultatum,

1125 1027 1201 1095 nisi.
1218 1026 1322 1095 bonis
1345 1028 1462 1108 cedat,
1496 1025 1624 1094 multas
1645 1048 1767 1114 graves
1788 1053 1919 1119 poenas
1940 1035 2114 1105 sustinere

1125 1128 1272 1217 cogitur.
1324 1122 1469 1196 Alicubi
1492 1127 1529 1194 in
1556 1124 1705 1196 Graecia
1731 1130 1785 1197 lex
1814 1133 1965 1202 addebat
1992 1151 2112 1206 notam

1125 1244 1219 1300 certo
1242 1228 1459 1319 spectaculo,
1485 1243 1525 1298 ut
1548 1232 1738 1298 deterreret
1760 1231 1897 1321 plures,
1922 1259 1967 1303 ne
1989 1262 2115 1308 curnu-

1124 1333 1241 1402 larent
1254 1354 1312 1399 aes
1327 1331 1494 1402 alienum.
1539 1329 1720 1400 Pendehat
1737 1331 1775 1399 in
1791 1330 1946 1424 cophino
1965 1340 2115 1425 debitor,

1126 1448 1158 1521 et
1176 1458 1323 1503 coenum
1340 1434 1379 1500 in
1400 1456 1481 1501 eum
1501 1432 1765 1500 coniiciehatur.
1818 1431 1870 1504 Ac
1890 1452 2023 1528 patrem
2038 1438 2116 1512 Eu.

1125 1537 1251 1626 ripidis
1274 1534 1389 1605 virum
1415 1557 1603 1625 pauperem
1626 1535 1787 1605 scribunt
1809 1531 1874 1606 hac
1887 1564 2000 1630 poena
2017 1545 2115 1612 adfe-

1126 1652 1220 1708 ctum
1242 1661 1327 1707 esse.
1380 1635 1483 1706 Talia
1508 1637 1664 1721 decreta,
1697 1660 1788 1729 quae
1808 1639 1871 1707 etsi
1892 1664 1965 1711 non
1982 1638 2116 1718 habent

1126 1763 1266 1809 causam
1290 1737 1538 1819 necessariam,
1579 1749 1700 1806 tamen
1722 1739 1888 1810 oriuntur
1913 1766 1954 1811 ex
1979 1747 2115 1815 ratione

1125 1840 1303 1933 probabili
1328 1853 1361 1909 et
1381 1837 1573 1920 concinna,
1600 1839 1719 1909 valent
1734 1855 1878 1930 propter
1894 1845 2116 1933 magistratus

1126 1942 1361 2019 autoritatem,
1388 1964 1492 2032 quem
1507 1936 1605 2009 Deus
1620 1940 1772 2010 armavit
1790 1937 1854 2010 hac
1869 1958 2050 2033 potestate,
2075 1964 2116 2020 ut

1126 2045 1229 2115 certis
1245 2040 1505 2112 circunstantiis
1518 2065 1722 2110 communes
1742 2046 1932 2137 sententias
1946 2047 2117 2122 includat.

1125 2145 1370 2216 Nec'recitabo
1385 2143 1488 2236 plura
1509 2143 1687 2233 exempla,
1709 2168 1789 2212 cum
1805 2146 1841 2213 in
1866 2146 1969 2217 libris
1986 2153 2117 2222 nostris

1126 2248 1258 2339 ubique
1273 2246 1377 2315 obvia
1393 2246 1475 2314 sint.
1528 2242 1626 2314 Haec
1643 2245 1705 2338 qui
1722 2247 1902 2330 derident,
1925 2270 2117 2344 excerpunt

1126 2350 1250 2419 mutila
1268 2362 1302 2417 et
1317 2348 1407 2416 levia
1427 2347 1594 2436 exempla.
1634 2346 1703 2417 Sed
1722 2347 1834 2418 bonae
1849 2353 1977 2420 mentis
1993 2369 2043 2425 est
2059 2357 2117 2424 in-

1127 2452 1218 2520 tueri
1240 2463 1354 2519 toturn
1377 2448 1574 2517 aedilicium
1599 2449 1799 2534 doctrinae,
1833 2465 1865 2520 et
1893 2455 2117 2526 considerare

1126 2554 1187 2622 illa
1204 2552 1346 2620 divinae
1362 2549 1553 2642 sapientiae
1569 2543 1730 2633 oracula,
1755 2551 1919 2624 videlicet
1933 2572 2117 2649 praecepta

1126 2654 1302 2743 decalogi,
1337 2678 1378 2722 ex
1394 2652 1522 2745 quibus
1539 2665 1657 2742 postea
1672 2651 1808 2745 reliqua
1824 2655 1934 2725 moles
1949 2660 1993 2724 ad
2017 2658 2117 2730 fasti-

1126 2757 1223 2846 gium
1243 2778 1356 2848 usque
1379 2754 1563 2824 extruitur.
1616 2751 1691 2824 lmo
1719 2767 1832 2826 totum
1854 2756 2039 2847 politicum
2058 2787 2117 2831 or-

1126 2860 1247 2927 dinem
1262 2857 1443 2928 intuearis.
1493 2855 1578 2925 Non
1597 2855 1691 2924 enim
1712 2868 1849 2927 tanturn
1867 2871 2068 2932 contractus
2084 2879 2118 2936 et

1126 2959 1361 3031 successiones
1382 2956 1471 3046 regit
1494 2952 1580 3026 haec
1593 2956 1772 3042 doctrina,
1798 2961 1979 3029 sedetiam
2001 2989 2119 3035 mores

1126 3055 1333 3143 hominurn,
1365 3057 1477 3128 sancit
1505 3080 1636 3149 poenas
1665 3061 1827 3129 omniurn
1856 3063 2046 3147 scelerum,
2077 3080 2118 3138 ut

1126 3162 1351 3251 disciplinam
1375 3160 1530 3239 muniat,
1557 3185 1597 3229 ac
1618 3184 1741 3228 revera
1766 3163 1926 3232 omnium
1943 3165 2116 3238 virtutum

1126 3264 1325 3332 doctrinam
1351 3261 1527 3344 continet,
1556 3262 1650 3354 quod
1673 3260 1710 3328 in
1729 3263 1907 3334 actionum
1925 3280 1959 3336 et
1975 3291 2118 3340 accusa-

1125 3365 1263 3434 tionum
1298 3363 1486 3456 generibus
1516 3364 1682 3453 adparet,
1716 3360 1880 3454 quae‘ad
1909 3368 2116 3458 decalogum

1124 3466 1304 3556 aptissime
1326 3466 1517 3557 quadrant:
1559 3477 1593 3532 et
1618 3463 1889 3550 gubernatorem
1914 3481 1953 3536 ut
1980 3473 2117 3558 puniat,

1125 3583 1348 3637 contumaces
1372 3567 1452 3634 ideo
1474 3577 1604 3645 armat,
1638 3562 1719 3653 quia
1745 3563 1863 3654 legum
1886 3591 1954 3637 vox
1978 3570 2116 3642 inutilis

1125 3681 1231 3749 esset,
1264 3666 1335 3734 nisi
1365 3666 1521 3734 executio
1549 3665 1745 3749 accederet,
1779 3668 1871 3738 sicut
1893 3693 1975 3739 vere
1999 3672 2117 3766 inquit

1125 3765 1337 3846 Aeschines,
1364 3761 1464 3834 Nihil
1483 3766 1599 3834 valere
1623 3767 1802 3855 politiam,
1828 3793 1902 3837 non
1926 3765 2114 3844 habentem

1126 3891 1255 3938 nervos
1267 3882 1388 3937 contra
1401 3867 1631 3935 facinorosos.

1225 3968 1316 4041 Cum
1340 3967 1448 4058 igitur
1464 3979 1559 4037 totus
1578 3969 1666 4037 ordo
1685 3968 1850 4057 politicus
1865 3971 2115 4044 admirandum

1125 4069 1193 4141 Dei
1215 4093 1304 4161 opus
1326 4070 1388 4153 sit,
1414 4084 1449 4138 et
1464 4081 1604 4139 nostrae
1620 4069 1784 4141 utilitatis
1805 4095 1925 4158 causa,
1951 4087 1985 4143 et
2006 4089 2048 4146 ut
2070 4078 2116 4150 sit

1125 4171 1366 4243 testimonium
1381 4174 1425 4241 de
1439 4169 1538 4253 Deo,
1564 4195 1605 4240 ac
1620 4172 1847 4263 sapientiam,
1870 4169 2066 4247 bonitatem
2081 4194 2115 4250 et

1125 4275 1300 4345 iusticiam
1323 4275 1398 4344 eius
1420 4276 1600 4359 ostendat,
1624 4274 1845 4360 institutum,
1870 4292 1905 4348 et
1927 4279 1972 4348 sit
1996 4303 2115 4351 assue-

83 4401 141 4445 me
155 4377 264 4465 igitur
280 4376 435 4468 quaesita
452 4392 502 4446 est
516 4377 725 4469 aequalitas,
751 4399 790 4444 ac
806 4398 907 4465 saepe
923 4376 1075 4443 demon·
1126 4377 1230 4446 factio
1247 4378 1291 4446 ad
1309 4388 1423 4448 totum
1440 4372 1589 4447 chorum
1610 4377 1798 4447 virtutum:
1824 4402 1887 4447 vos
1903 4379 2034 4451 iterum
2048 4384 2115 4452 ob-
2161 4460 2165 4465 ,

85 4479 272 4549 strationes
288 4476 493 4546 manifestae
508 4493 608 4562 sunt,
633 4493 673 4549 ut
695 4478 733 4545 in
758 4472 832 4567 lege
854 4476 1012 4545 lulianus
1027 4477 1073 4568 .§.
1126 4493 1247 4563 testor,
1269 4492 1309 4548 ut
1324 4491 1358 4549 et
1371 4480 1487 4570 ipsum
1503 4477 1685 4569 politicum
1701 4479 1863 4548 ordinem
1881 4496 2025 4573 propter
2036 4485 2115 4573 glo-

86 4605 128 4648 ex
150 4580 315 4662 vendito,
339 4579 377 4652 ff.
399 4581 443 4647 de
465 4579 662 4648 actionibus
678 4580 787 4672 empti
800 4592 834 4648 et
849 4579 1002 4649 venditi:
1034 4577 1074 4648 Si
1125 4580 1216 4650 riam
1232 4581 1304 4651 Dei
1321 4581 1463 4665 ametis,
1488 4593 1523 4649 et
1536 4592 1738 4649 reverenter
1754 4581 1846 4649 tueri
1865 4584 2052 4673 studeatis,
2079 4600 2136 4656 et·

85 4695 224 4772 emptor
246 4704 320 4749 non
341 4681 440 4750 dedit
461 4681 615 4771 precium
640 4694 716 4771 post
740 4682 833 4750 diem
860 4679 1075 4760 traditionis,
1126 4676 1218 4751 hanc
1239 4682 1437 4752 doctrinam
1461 4681 1635 4751 eruditam
1658 4682 1703 4749 de
1724 4680 1822 4750 civili
1847 4682 2115 4770 gubernatione,

86 4807 167 4852 cum
190 4783 330 4852 fruatur
351 4807 389 4850 re
413 4796 543 4873 empta,
567 4781 719 4851 vicissim
743 4785 872 4872 pendat
898 4781 1075 4852 venditori
1127 4798 1198 4855 eta
1220 4783 1391 4876 sapientia
1410 4780 1477 4853 Dei
1493 4795 1624 4864 ortam,
1649 4794 1689 4851 ut
1703 4781 1764 4850 illa
1781 4781 1855 4872 ipsa
1870 4785 2042 4874 sapientia
2057 4789 2115 4857 di·
2196 4810 2199 4815 ·

87 4885 212 4976 quanti
229 4884 383 4954 interest.
422 4882 610 4974 Perspicua
625 4895 676 4950 est
689 4883 790 4966 ratio,
817 4896 857 4953 ut
872 4884 946 4975 ipse
961 4897 1076 4955 textus
1128 4886 1210 4954 vina
1226 4885 1360 4978 inquit:
1387 4882 1456 4954 Per
1468 4908 1525 4952 me
1541 4904 1638 4971 reges
1654 4897 1822 4973 regnant,
1847 4888 2113 4976 magnifaciatis,

84 4986 222 5078 inquit,
248 4999 290 5056 ut
311 4988 356 5055 sit
375 4985 578 5078 aequalitas,
630 4981 733 5053 Pleni
754 4998 836 5053 sunt
857 4984 940 5055 libri
963 4986 1076 5055 nostri
1128 5001 1163 5059 et
1185 4987 1251 5057 toti
1272 4988 1392 5076 generi
1415 4981 1592 5070 humano,
1616 5007 1680 5052 suo
1699 4985 1848 5079 quisque
1871 4987 1950 5057 loco
1972 5015 2113 5061 conser-

85 5087 211 5157 talium
225 5087 534 5177 investigationum
557 5085 795 5178 aequalitatis,
821 5109 970 5177 quarum
987 5088 1076 5158 aliae
1128 5088 1204 5158 vari
1219 5087 1358 5160 curetis.

86 5189 209 5280 magis,
228 5189 318 5259 aliae
333 5192 451 5258 minus
469 5189 669 5279 perspicuae
684 5202 783 5259 sunt:
806 5211 990 5279 quaecum
1005 5189 1077 5259 sint
1229 5188 1391 5282 Cumque
1407 5182 1466 5256 hic
1482 5186 1617 5279 inquiri
1633 5187 1802 5258 virtutum
1818 5192 1961 5260 naturas
1978 5195 2116 5263 videbi-

86 5292 425 5376 demonstrationes,
459 5290 648 5372 fateamur,
681 5302 722 5359 ut
753 5289 792 5356 in
827 5288 906 5356 aliis
932 5289 1078 5376 artibus,
1128 5290 1194 5375 tis,
1218 5314 1322 5384 saepe
1336 5293 1374 5360 iu
1391 5302 1544 5359 mentem
1560 5289 1696 5372 veniat,
1723 5291 1802 5360 ideo
1821 5295 2025 5381 patefactam
2043 5319 2115 5364 esse

87 5392 270 5464 veritatem
292 5392 593 5465 demonstratione
615 5407 771 5473 erutam,
799 5389 1078 5482 amplectendam
1130 5392 1301 5465 virtutum
1323 5392 1542 5482 doctrinam,
1575 5405 1615 5463 ut
1639 5405 1673 5462 et
1694 5414 1768 5464 esse
1788 5391 1921 5478 Deum,
1946 5409 1980 5464 et
2002 5399 2117 5489 qualis

141 5490 328 5565 Mensura.
355 5501 461 5567 om.
487 5499 572 5563 Vos.
597 5494 661 5562 xl.
1413 5488 1463 5562 58
