4756 6022
256 236 308 310 43
765 223 925 303 DECL
963 221 1050 303 DE·
1069 224 1308 303 stultns
1341 225 1767 312 THEOLOGICIS.
2237 247 2287 325 ll

254 409 384 503 inquit.
434 402 486 479 Ει
505 404 544 475 ἱιι
559 399 655 474 bunc
673 401 818 497 quidem
837 401 942 471 linem
958 401 1004 472 ab
1020 399 1123 470 initio
1137 424 1246 471 mun·
1297 400 1500 489 beatitudo,
1523 403 1562 473 in
1578 398 1647 476 boc
1660 419 1733 479 tota
1747 408 1801 478 vis
1816 424 1868 481 est
1881 411 2057 503 infinitae,
2083 419 2288 505 immensae,

256 515 315 595 di,
347 511 495 580 verbum
518 530 620 577 suum
644 504 742 573 dedit
764 500 880 589 Deus,
911 504 952 570 in
979 497 1047 572 hoc
1071 505 1243 595 scriptura
1296 517 1330 574 et
1347 508 1792 592 aeternaeconsolationis,
1816 526 1851 583 ct
1869 514 2089 604 foelicitatis,
2115 526 2159 590 ad
2179 549 2284 616 quarn

255 628 375 685 sancta
400 609 538 703 prodita
560 619 630 688 est,
660 620 700 674 ut
721 605 880 698 quotidie
896 607 933 671 in
959 604 1160 694 cognitione
1176 602 1244 703 Dei
1297 601 1459 676 homines
1485 609 1639 694 conditi,
1671 625 1707 681 et
1729 636 1751 681 a
1773 611 1849 683 Deo
1872 621 1985 688 vocati
2013 646 2153 704 sumus,
2180 628 2283 696 utin

256 736 468 794 crescamus,
499 722 541 778 ut
555 709 725 792 subinde,
751 709 845 799 quod
863 706 967 777 toties
980 706 1134 776 inculcat
1150 704 1244 776 Pau·
1296 703 1363 778 hac
1381 708 1453 778 vita
1476 710 1585 778 animi
1606 713 1720 782 nostri
1743 717 1951 789 erudiantur
1973 746 2034 812 per
2058 727 2224 811 verbum,
2251 742 2287 798 et

256 819 329 900 lus,
355 813 465 901 magis
485 835 526 878 ac
545 810 657 898 magis
674 809 893 898 proficientes
912 808 949 877 in
964 808 1166 898 cognitione
1179 833 1244 877 ro·
1295 822 1465 901 concepto
1497 810 1635 902 Spiritu
1671 829 1809 896 sancto,
1852 818 2100 895 illuminentur
2132 830 2286 898 subinde

254 915 402 988 luntatis
426 914 588 996 divinae,
618 912 787 980 laetemur
819 910 856 978 in
878 907 973 989 Deo,
1007 909 1242 1002 praesentiam
1291 911 1407 999 magis
1422 912 1601 1007 magisque
1615 940 1695 985 vera
1711 918 1913 1006 cognitione
1926 921 2009 1005 Dei,
2035 942 2071 995 ut
2088 924 2145 995 hic
2161 930 2197 996 in
2214 927 2286 1003 Ec.

254 1021 330 1090 eius
359 1019 395 1085 in
425 1015 581 1084 mirificis
611 1013 778 1104 operibus
804 1014 990 1081 adoremus
1017 1026 1052 1083 et
1083 1035 1243 1081 reverea—
1294 1013 1398 1082 clesio
1422 1013 1569 1106 incipiat
1600 1020 1784 1092 renovatio
1802 1036 1850 1090 .et
1878 1030 2084 1098 restauratio
2110 1032 2285 1124 collapsae

253 1144 353 1202 mur,
379 1134 419 1187 ut
434 1117 616 1208 perfidem
632 1129 666 1182 et
686 1114 870 1204 spiritum,
904 1127 1044 1203 gustum
1063 1117 1241 1205 quendam
1295 1127 1461 1200 naturae,
1493 1139 1641 1206 regnum
1665 1120 1865 1209 coelorum,
1897 1140 1931 1196 et
1959 1127 2114 1214 iusticia,
2147 1148 2178 1202 et
2209 1137 2283 1215 vita

253 1221 487 1314 percipiamus
507 1218 601 1285 vitae
625 1228 805 1297 aeternae,
831 1228 873 1284 ut
887 1219 1032 1284 tandem
1049 1214 1242 1285 eluctantes
1294 1228 1452 1285 aeterna:
1478 1233 1518 1288 ut
1534 1224 1678 1288 taudem
1692 1220 1730 1289 in
1746 1223 1866 1292 futuro
1881 1230 2018 1308 seculo,
2044 1234 2196 1322 perfecte
2209 1238 2284 1307 lae-

252 1349 292 1393 ex
315 1335 368 1391 tot
390 1319 557 1389 fluctibus
577 1330 613 1386 et
633 1315 931 1407 periculisregni,
956 1317 1080 1385 mortis
1099 1329 1132 1385 et
1152 1313 1241 1385 Dia·
1293 1329 1411 1386 temur
1440 1319 1479 1385 in
1509 1316 1604 1400 Deo,
1647 1321 1783 1392 laeticia
1810 1330 1961 1417 quadam
1992 1332 2221 1406 inenarrabili
2249 1356 2284 1411 et

251 1424 343 1507 boli,
376 1441 595 1509 emergamus
619 1420 664 1486 ad
691 1417 880 1507 perfectam
902 1418 1141 1506 cognitionem
1162 1414 1242 1501 Dei,
1293 1418 1501 1506 glorificata,
1534 1421 1709 1490 ineffabili
1734 1438 1889 1497 torrente
1914 1433 2074 1502 omniurn
2104 1439 2281 1512 bonorum

250 1541 360 1619 utque
375 1525 519 1594 tandem
535 1520 609 1590 Deo
624 1520 721 1609 ipso,
746 1521 841 1610 quod
864 1520 978 1589 maius
994 1520 1163 1612 quiddam
1179 1532 1242 1604 est,
1293 1516 1379 1603 Dei,
1410 1523 1569 1613 adeoque
1598 1525 1749 1613 perfecta
1770 1527 1949 1625 κοινωνίᾳ
1975 1549 2008 1603 ct
2032 1543 2284 1615 communione
2368 1552 2371 1559 “

250 1650 356 1722 quaro
395 1620 547 1693 humana
579 1634 695 1690 mente
729 1621 868 1711 concipi
897 1616 956 1690 hic
985 1633 1117 1712 potest,
1157 1621 1241 1705 vita,
1292 1617 1399 1713 (quae
1423 1621 1460 1689 in
1485 1617 1553 1693 hoc
1584 1637 1743 1714 tempore
1768 1651 1873 1719 super
1897 1657 2038 1703 omnem
2064 1655 2203 1727 captum
2230 1660 2283 1718 est

149 1748 156 1767 “
251 1728 384 1821 gloria,
416 1725 592 1807 claritate,
622 1747 661 1790 ac
685 1722 905 1793 beatitudine
921 1737 1063 1791 aeterna
1079 1723 1239 1811 perfrua-
1292 1718 1527 1792 lurmonarum
1569 1730 1759 1820 mentium)
1806 1733 2002 1804 divinitatis
2045 1743 2281 1829 perfruamur.

250 1852 343 1903 mur.
393 1825 443 1898 Et
464 1821 521 1894 hic
542 1825 685 1918 quidem
709 1824 791 1892 finis
813 1824 1074 1907 esthonorum,
1101 1818 1239 1892 horest
1292 1822 1452 1892 Sciamus
1491 1849 1574 1914 ergo
1611 1823 1843 1919 Theologiam
1886 1859 1958 1902 non
2001 1862 2074 1910 csse
2109 1846 2282 1919 eiusmodi

251 1931 341 2000 illud
366 1951 544 1997 summum
566 1929 718 2008 bouum,
743 1925 806 1994 illa
834 1949 915 1994 vera
940 1938 973 1994 et
989 1925 1154 1993 omnibus
1170 1948 1239 1993 nu·
1292 1926 1469 2015 quandam
1492 1928 1813 2015 cognitiuuculam,
1847 1959 1936 2026 quae
1959 1933 2041 2010 huic
2065 1947 2205 2014 mortali
2226 1951 2282 2018 vi.

250 2032 358 2102 meris
378 2029 539 2099 absoluta
568 2027 740 2119 sapientia
774 2050 879 2119 quarn
911 2026 1144 2118 requirimus,
1176 2027 1237 2093 illa
1291 2039 1346 2093 tae
1370 2038 1507 2094 tantum
1531 2028 1738 2117 ancilletur,
1769 2034 2004 2107 cuiuscemodi
2024 2059 2107 2114 sunt
2123 2049 2281 2143 reliquae

249 2134 325 2204 sola
348 2146 383 2201 et
405 2132 556 2222 perfecta
580 2128 781 2212 beatitudo,
813 2130 858 2196 de
880 2152 949 2220 qua
972 2142 1067 2196 extra
1090 2128 1237 2194 verbum
1291 2138 1403 2209 artes,
1430 2149 1519 2218 quae
1543 2153 1641 2197 suam
1658 2145 1775 2201 tamen
1791 2134 1950 2223 laudern,
1981 2144 2132 2215 durante
2146 2143 2212 2220 hac
2226 2154 2281 2222 vi-

184 2224 197 2247 '
248 2232 316 2307 Dei
342 2233 580 2325 inquisierunt
601 2223 812 2321 Philosophi
843 2243 878 2298 et
902 2230 1078 2320 sapientes
1100 2229 1237 2297 mundi.
1291 2239 1345 2304 ta,
1369 2222 1518 2313 habent,
1542 2233 1603 2298 sed
1620 2231 1793 2303 eiusmodi
1813 2243 1990 2329 quandam
2008 2245 2179 2320 divinitus
2196 2278 2283 2344 pro-

250 2335 321 2408 Sed
334 2334 431 2407 Deus
449 2356 570 2423 passus
586 2345 637 2401 est
653 2356 712 2401 eos
733 2355 851 2400 errare
865 2333 969 2420 longe
985 2354 1004 2399 a
1021 2331 1101 2399 Deo
1119 2329 1156 2396 in
1172 2329 1238 2397 viis
1291 2328 1400 2395 ditam
1421 2330 1650 2420 sapientiam,
1675 2337 1718 2402 ad
1737 2361 1843 2427 quam
1862 2343 2144 2436 percipiendam,
2170 2348 2280 2427 homo

249 2439 341 2527 suis,
367 2430 853 2524 utPaulusinActisinquit.
904 2432 996 2501 Vere
1009 2445 1125 2500 autern
1141 2431 1238 2499 illius
1291 2429 1394 2499 initio
1419 2432 1600 2517 conditus,
1636 2450 1781 2526 propter
1806 2465 1913 2531 quam
1937 2446 2080 2516 divinae
2109 2455 2280 2543 particula

248 2539 436 2628 ratigions,
462 2551 497 2606 et
511 2532 750 2624 Theologiae,
776 2547 811 2603 et
834 2535 968 2603 solidae
983 2535 1080 2601 illius
1097 2535 1238 2622 sapien·
1290 2554 1395 2600 aucae
1417 2528 1474 2624 (ut
1493 2531 1602 2604 Poe'ta
1630 2537 1763 2630 inquit)
1788 2555 1821 2610 et
1836 2541 1927 2611 illud
1943 2563 2060 2636 pectus
2077 2554 2278 2628 coelestium

249 2641 317 2712 tiae
332 2640 497 2707 inventor
521 2651 556 2706 et
578 2652 696 2719 autor,
722 2659 796 2705 uon
818 2650 870 2705 est
884 2634 1084 2704 Mercurius
1098 2634 1237 2727 aliquis,
1289 2655 1409 2701 rerum
1433 2657 1558 2725 capax,
1592 2637 1654 2704 illa
1684 2663 1783 2707 mens
1811 2644 1908 2713 coelo
1937 2651 2068 2722 ducens
2094 2657 2279 2747 originem,

249 2765 322 2810 non
349 2736 452 2808 heros
478 2737 653 2830 quispiam
676 2737 809 2816 clarus,
833 2761 907 2806 nou
924 2729 1163 2825 Philosophus
1177 2759 1236 2802 ex·
1290 2734 1395 2803 uobis
1412 2733 1525 2805 inclita
1541 2751 1604 2808 est.
1664 2736 1707 2806 ln
1721 2766 1952 2837 quaecunque
1967 2774 2049 2841 ergo
2066 2755 2159 2825 vitae
2172 2783 2278 2850 gene-

249 2843 396 2927 cellens,
422 2841 480 2910 sed
499 2840 572 2930 ipse
588 2854 723 2909 creator
736 2839 896 2908 omniurn
911 2863 1028 2908 rerum
1045 2837 1158 2922 Deus,
1182 2836 1237 2903 vi·
1289 2857 1328 2902 ra
1352 2835 1449 2904 varia
1471 2849 1657 2927 tempestas
1681 2834 1787 2911 huius
1809 2845 1901 2914 vitae
1921 2854 2084 2943 coniiciat
2105 2852 2279 2949 homiues,

248 2967 313 3013 vrrs
330 2957 503 3027 etvetus,
528 2956 568 3010 ut
582 2939 705 3011 Esaias
722 2941 857 3033 inquit:
892 2938 966 3028 Qui
982 2939 1147 3009 condidit
1157 2962 1237 3007 coe-
1289 2935 1363 3005 sive
1389 2934 1481 3005 luris
1504 2939 1733 3028 prudentiae,
1764 2945 1838 3014 sive
1860 2948 1911 3017 rei
1935 2950 2111 3038 Medicac‚
2135 2963 2208 3032 sive
2226 2967 2279 3036 rei

247 3047 346 3129 lum,
381 3059 415 3114 et
429 3044 601 3112 stabilivit
616 3057 743 3121 terram
760 3057 823 3115 etc.
874 3038 920 3111 Et
938 3041 970 3111 T
974 3037 1134 3128 heologia
1152 3034 1238 3108 haec
1289 3038 1436 3107 militari
1463 3044 1548 3109 dent
1572 3064 1735 3130 operam,
1766 3046 1840 3116 sive
1862 3050 1900 3117 in
1919 3048 2169 3148 Philosoplriro
2186 3068 2279 3152 ocio,

250 3170 353 3233 vera,
391 3169 464 3213 uon
494 3157 545 3213 est
575 3144 747 3213 eiusmodi
780 3144 953 3232 cognitio,
993 3157 1054 3213 aut
1081 3142 1238 3226 scientia,
1289 3140 1362 3207 sive
1381 3136 1518 3230 Repub.
1532 3158 1735 3224 versentur,
1760 3158 1877 3216 tamen
1892 3153 1961 3220 nisi
1978 3179 2034 3241 ea,
2061 3183 2140 3228 cum
2156 3162 2278 3239 Theo-

248 3238 449 3339 comparata
481 3245 594 3313 solum
628 3248 671 3312 ad
700 3247 807 3312 vitam
836 3240 928 3313 hanc
953 3256 1236 3314 momentaneam
1289 3240 1381 3329 logia
1398 3243 1585 3312 coniuncta
1604 3238 1775 3327 habeant,
1798 3248 1912 3319 sciant
1924 3259 2134 3331 scadivina
2150 3279 2183 3334 et
2198 3293 2278 3338 coe-

247 3340 452 3443 ἡμερόβισν
474 3346 660 3436 strepitum
682 3368 819 3429 rerum,
852 3359 886 3414 et
906 3346 1095 3414 umbratile
1112 3350 1237 3438 σχῆμα
1288 3340 1369 3411 lesti
1390 3341 1528 3429 origine
1556 3346 1789 3433 degenerasse
1835 3346 2173 3454 Quantumcunque
2195 3393 2278 3460 ergo

235 3446 510 3526 ,huiusmundi
534 3510 546 3542 ,
570 3444 879 3533 Quemadmodum
897 3443 1151 3531 architectura,
1176 3459 1236 3515 aut
1289 3444 1329 3512 in
1353 3457 1588 3532 tempestuoso
1616 3447 1705 3516 mari
1727 3442 1835 3518 huius
1862 3449 1954 3521 vitae
1974 3458 2279 3558 circumerremos,

248 3552 381 3622 similes
401 3563 510 3633 artes,
541 3560 679 3617 tantum
704 3549 748 3616 ad
771 3543 878 3617 huius
899 3549 991 3617 ritae
1011 3570 1114 3616 usum
1139 3571 1238 3616 corn-
1290 3566 1391 3632 saepe
1415 3545 1521 3614 ctiam
1544 3548 1811 3637 naufragemur,
1843 3552 1928 3621 dum
1953 3550 2010 3628 hic
2035 3563 2279 3643 sollicitudine

248 3666 390 3744 paratae
416 3664 517 3732 sunt,
549 3672 634 3742 quas
649 3650 750 3739 pauci
766 3648 909 3741 quidam
926 3650 1149 3741 perdiscunt,
1175 3651 1236 3718 srd
1289 3647 1403 3716 victus
1429 3660 1635 3740 torquetur,
1668 3645 1727 3718 hic
1747 3652 1805 3720 siti
1827 3653 1976 3741 gloriae,
2004 3673 2121 3732 tamen
2148 3668 2185 3737 in
2209 3667 2279 3745 hoc

247 3755 292 3825 ad
308 3749 401 3823 hanc
424 3750 661 3854 cognitionpm
683 3774 801 3819 veram
816 3749 903 3834 Dei,
927 3753 970 3820 ad
991 3746 1082 3819 hanc
1097 3751 1238 3841 sapien·
1290 3764 1394 3838 portu
1409 3751 1701 3840 acquiescendum
1715 3765 1782 3836 est,
1804 3767 1921 3824 tamen
1936 3761 2003 3829 nisi
2019 3764 2181 3861 initium,
2204 3799 2280 3844 mo.

247 3857 333 3926 tiam
349 3855 631 3946 percipiendam,
655 3875 780 3923 omnes
800 3846 961 3922 homines
977 3865 1238 3943 superterram,
1290 3849 1408 3928 dium,
1430 3851 1512 3918 finis
1527 3845 1762 3921 humanarum
1779 3879 1897 3925 rerum
1912 3861 1958 3929 sit
1974 3860 2186 3957 Tlreologia,
2207 3876 2279 3946 iam

248 3971 432 4050 totumque
448 3978 559 4045 genus
574 3950 770 4025 humanum
786 3966 941 4023 creatum
957 3968 1027 4040 est,
1050 3966 1158 4046 atque
1175 3954 1237 4023 illa
1290 3945 1454 4020 homines
1477 3975 1550 4019 esse
1573 3955 1761 4039 desiimus,
1793 3969 1826 4024 et
1850 3959 1922 4028 vita
1946 3977 2086 4036 estnon
2111 3965 2280 4065 hominis,

247 4060 368 4128 divina
395 4081 495 4125 mens
519 4052 693 4137 bominis,
726 4056 787 4122 illa
807 4055 1238 4147 elegantissimacorporis
1290 4055 1351 4120 sed
1379 4052 1577 4130 beluarum.
1642 4055 1748 4124 Nulla
1787 4082 1935 4152 usquam
1974 4089 2056 4156 ergo
2093 4081 2279 4166 occupatio

247 4154 417 4237 humani,
461 4156 621 4225 omnium
668 4177 881 4244 organorum
916 4179 957 4224 ac
994 4159 1235 4231 membrorum
1290 4155 1433 4244 dignior
1453 4150 1613 4238 bomine,
1646 4158 1746 4225 nulla
1776 4159 1976 4250 liberalior,
2011 4171 2109 4240 nulla
2134 4177 2279 4252 sciencia

248 4247 481 4340 co‘nstructio,
505 4255 634 4324 nonin
651 4251 961 4335 hocestcoudim,
988 4268 1027 4324 ut
1041 4257 1157 4325 solum
1179 4283 1236 4326 ar·
1290 4270 1349 4325 aut
1375 4256 1527 4343 cognitio
1545 4257 1786 4342 excellentior,
1819 4287 1924 4353 quam
1945 4271 2100 4357 cognitio
2116 4300 2195 4348 vera
2210 4279 2278 4352 Dei

247 4373 300 4431 tes
316 4359 414 4439 illas,
441 4380 531 4450 quae
554 4379 626 4422 non
649 4356 717 4423 nisi
737 4348 820 4423 huic
837 4355 980 4424 mortali
997 4356 1088 4424 vitae
1107 4371 1140 4427 et
1158 4383 1237 4427 cor·
1290 4371 1323 4426 ct
1340 4356 1532 4444 religionis.
1589 4356 1739 4449 Propter
1755 4355 1845 4432 hanc
1861 4363 1965 4435 initio
1981 4368 2096 4442 Adam
2113 4384 2279 4455 conditur

246 4462 327 4554 pori
344 4460 519 4540 serviunt,
545 4471 719 4541 exerceat,
743 4457 803 4524 sed
819 4468 860 4525 ut
875 4456 1049 4526 infinitam
1065 4458 1163 4527 illam
1181 4484 1236 4529 sa·
1290 4471 1342 4528 est
1364 4480 1404 4524 rx
1427 4457 1525 4544 gleba
1550 4472 1584 4526 et
1608 4461 1751 4550 pulvere
1768 4477 1897 4533 terrae:
1932 4487 2077 4561 propter
2093 4471 2185 4550 hauc
2200 4480 2275 4554 Eva

246 4562 416 4655 pientiam
433 4574 465 4630 et
483 4559 676 4627 bonitatem
695 4556 764 4628 Dei
782 4572 986 4647 cognoseat,
1010 4573 1044 4629 et
1059 4561 1237 4647 magnitu-
1289 4560 1400 4649 ipsius
1417 4559 1477 4626 llci
1494 4563 1660 4629 creatoris
1675 4563 1822 4633 mirilico
1843 4591 1949 4656 opere
1963 4595 2004 4639 ex
2022 4590 2115 4645 costa
2130 4588 2279 4656 masculi

247 4666 367 4735 dinem
382 4675 415 4732 et
431 4661 636 4730 varietatem
652 4674 686 4731 et
701 4659 885 4730 mirificam
902 4661 999 4731 illam
1016 4659 1055 4727 iu
1068 4662 1237 4731 omnibus
1289 4661 1423 4747 sculpta
1448 4673 1482 4726 et
1512 4663 1689 4732 aedificata
1717 4680 1767 4733 est
1795 4667 1840 4760 in.
1858 4670 2047 4743 formosam
2073 4679 2280 4764 foeminam.

246 4767 319 4834 vim
343 4777 449 4856 atque
471 4761 665 4854 potentiam
693 4763 872 4853 operantis
895 4758 962 4831 Dei
982 4763 1236 4853 contemplans,
1290 4758 1366 4830 Etsi
1389 4762 1509 4827 forsan
1534 4763 1686 4852 primum
1710 4768 1907 4837 auditorem
1930 4769 2197 4872 scholasticum,
2231 4791 2281 4858 si.

246 4866 286 4936 in
303 4864 378 4938 Deo
395 4879 428 4933 et
443 4865 610 4934 omnibus
626 4864 794 4955 operibus
810 4861 878 4933 Dei
896 4863 1063 4944 laetetur,
1090 4877 1235 4934 etsum-
1290 4861 1365 4932 nrul
1392 4874 1425 4930 et
1454 4859 1644 4932 Ductorem
1671 4862 1886 4959 Theologiae
1917 4878 2148 4970 requirimus,
2180 4883 2280 4963 hunc

246 4990 305 5037 ma
333 4966 546 5036 exultatione
576 4979 612 5036 et
639 4965 818 5035 alacritate
851 4963 978 5054 gratias
1009 4978 1106 5052 agat,
1147 4967 1235 5038 sicut
1289 4965 1439 5032 sciamus
1462 4987 1628 5052 magnum
1653 4985 1834 5060 parentem
1855 4973 1962 5045 fuisse
1985 4976 2181 5069 aldamum,
2214 4995 2278 5085 qni

245 5064 409 5139 Christus
432 5068 507 5159 ipse
527 5066 704 5136 Dominus
728 5079 847 5136 uoster
863 5065 963 5135 brevi
983 5079 1017 5136 et
1032 5066 1235 5156 gravissima
1290 5066 1404 5156 ipsum
1422 5063 1535 5133 Deum
1560 5071 1766 5159 magistrum
1787 5068 1932 5160 habuit,
1957 5082 2018 5171 qui
2040 5097 2121 5152 ante
2139 5087 2278 5182 lapsum

245 5169 419 5240 sententia
441 5169 545 5237 dicit:
579 5165 675 5235 Haec
696 5180 749 5236 est
768 5179 909 5237 aeterna
931 5165 1022 5251 vita,
1049 5184 1088 5237 ut
1105 5192 1235 5258 cogno·
1291 5167 1450 5255 perfusus
1483 5165 1621 5258 Spiritu
1653 5189 1795 5253 sancto,
1834 5199 1915 5245 vere
1948 5180 2168 5258 illuminatus
2209 5195 2281 5268 fuir

245 5276 525 5341 scautteverum
539 5268 670 5347 Deum,
698 5266 1115 5360 etquemmisistilesum
1129 5265 1236 5339 Chri·
1290 5263 1511 5358 Tlreologus,
1544 5294 1613 5364 quo
1649 5274 1727 5341 viro
1757 5268 1814 5342 lric
1842 5278 1895 5345 sol
1926 5277 2019 5349 nibil
2043 5292 2176 5376 aspexit
2200 5312 2279 5387 ΡΜ,

246 5389 357 5459 stum;
393 5372 521 5439 idest:
556 5366 643 5438 haec
667 5383 718 5438 est
747 5370 926 5455 vitaida,
960 5370 1055 5438 salus
1085 5370 1167 5455 illa,
1201 5384 1236 5439 et
1287 5367 1403 5457 ipsum
1419 5368 1599 5441 Christum
1616 5376 1861 5463 praestantius.
1914 5378 1953 5448 Si
1967 5383 2062 5452 enim
2075 5389 2190 5464 Adam
2204 5421 2277 5470 no„
