4732 6030
143 416 245 491 eas
766 378 927 487 unca.
978 411 1054 489 nn
1086 412 1231 488 vrrs
1266 407 1620 485 avrcanuaa.
2137 415 2212 487 eso

171 600 242 658 tate
272 583 453 654 vincebat:
499 581 544 650 ad
579 573 676 649 hunc
709 576 894 650 Avicenna
932 604 968 650 se
1003 580 1166 654 contulit.
1214 579 1387 649 rationem
1404 578 1545 647 docenti
1562 575 1811 649 conciliabant.
1853 573 1923 668 Sed
1938 578 2044 647 redeo
2059 580 2103 649 ad
2121 576 2210 649 Avi-
2325 616 2329 625 ·

169 685 260 759 Cum
287 687 384 756 enim
410 685 545 754 videret
562 675 832 774 Philosophiam
862 707 1004 776 prorsus
1033 685 1166 777 absque
1213 705 1346 751 cennae
1362 674 1559 753 historiam.
1707 758 1708 763 ἵ

170 789 306 859 medica
329 802 402 857 acte
419 785 659 876 imperfectam
682 807 775 870 esse,
801 786 961 856 animum
985 789 1029 856 ad
1046 784 1166 855 Medi·
1319 781 1409 853 Cum
1446 780 1635 853 Cordubae
1668 779 1877 875 aliquandiu
1910 783 2141 869 substitisset,
2176 799 2211 856 et

170 915 292 962 corum
310 890 508 959 doctrinam
524 886 670 967 adiecit,
696 902 735 957 ut
752 902 915 957 naturam
931 890 1066 979 integre
1081 912 1164 957 evo·
1214 882 1403 956 Averroim
1428 888 1615 954 docentem
1638 884 1851 969 audivisset,
1881 886 1958 978 ipso
1982 887 2104 956 relicto
2123 883 2210 957 Ale-¹

167 993 298 1077 lutam,
333 1003 505 1084 quantum
533 988 682 1059 omnino
699 984 862 1060 'humana
891 991 1065 1060 industria
1090 991 1166 1059 fieri
1213 989 1397 1058 xandriam
1432 989 1632 1059 revertitur.
1693 987 1787 1076 Quia
1823 986 1917 1056 enim
1955 989 2107 1079 pueritia
2140 989 2210 1059 fuit

167 1107 302 1188 potest,
327 1094 575 1184 compleretur.
630 1087 818 1161 Veteribus
835 1093 930 1162 enirn
946 1093 1165 1183 temporibus
1213 1093 1324 1184 probe
1347 1089 1529 1159 institutus
1553 1103 1587 1159 et
1611 1091 1655 1158 ad
1676 1088 1917 1160 Geometriam
1939 1093 2209 1163 etdemonstra·

168 1221 244 1267 non
264 1194 334 1266 fuit
354 1191 582 1265 inhonestum
613 1192 835 1285 principibus
859 1208 970 1265 artem
992 1195 1163 1264 medicam
1213 1195 1329 1263 tiones
1351 1192 1583 1276 assuefactus,
1613 1192 1716 1261 facile
1747 1193 1863 1282 potuit
1890 1193 2087 1263 diiudicare
2116 1195 2209 1264 inter

169 1300 322 1381 discere,
357 1299 447 1368 sicut
471 1293 584 1378 Pelei,
617 1289 787 1381 Achillis,
813 1293 1009 1366 Alexandri
1030 1296 1165 1387 Magni,
1214 1320 1294 1366 vera
1312 1295 1448 1365 etfalsa
1468 1294 1643 1362 docentes.
1686 1291 1925 1366 Alexandriae
1941 1296 2055 1386 coepit
2068 1293 2209 1390 Hippo·

169 1395 320 1494 Pyrrhi,
353 1413 386 1470 et
412 1398 607 1467 multorum
640 1399 798 1491 exempla
834 1413 1025 1483 testantur,
1056 1393 1165 1468 hodie
1214 1413 1343 1469 cratem
1360 1409 1395 1467 et
1409 1392 1587 1467 Galenum
1601 1396 1669 1464 sibi
1688 1393 1859 1465 Doctores
1874 1420 2090 1489 proponere,
2116 1388 2208 1493 quo-

169 1525 252 1571 vero
280 1502 384 1591 longe
412 1501 551 1570 diversa
573 1511 656 1569 sunt
688 1500 889 1591 principum
918 1515 953 1572 et
979 1515 1163 1593 potentum
1213 1526 1293 1572 rum
1307 1500 1507 1569 doctrinam
1521 1497 1672 1567 maxime
1689 1498 1828 1567 veritati
1848 1502 2047 1570 consentire
2069 1502 2208 1572 iudica-

168 1604 295 1675 studia.
362 1601 467 1672 Hunc
495 1599 621 1679 Rasim
656 1603 882 1690 grandiorem
912 1617 1000 1674 natu
1028 1603 1166 1673 audivit
1214 1605 1275 1674 vit.
1317 1598 1395 1672 Etsi
1412 1600 1507 1670 enim
1524 1601 1624 1690 pulsa
1640 1600 1760 1690 lingua
1779 1598 1934 1687 Graeca,
1959 1616 2093 1672 veteres
2107 1617 2208 1673 auto-

167 1707 370 1775 adolescens
391 1699 591 1774 Avicenna:
619 1728 824 1799 quanquam
851 1720 970 1775 autem
991 1706 1102 1776 multa
1127 1706 1165 1773 in
1213 1728 1268 1775 res
1284 1705 1388 1773 etiarn
1406 1703 1614 1787 exulabant,
1640 1715 1758 1771 tamen
1774 1702 1884 1795 aliqui
1901 1705 2132 1775 studiosiores
2150 1729 2206 1775 re-

167 1802 236 1877 hoc
262 1809 407 1878 doctore
430 1804 674 1891 desiderabat,
700 1818 818 1877 tamen
840 1809 962 1901 inopia
981 1807 1165 1877 meliorem
1213 1807 1402 1901 quirebant
1421 1805 1548 1874 fontes.
1600 1801 1720 1892 Quare
1734 1815 1768 1872 et
1786 1804 1824 1871 in
1842 1803 1999 1894 linguam
2018 1803 2208 1876 Arabicam

167 1905 263 1980 hunc
279 1922 429 1979 sectatus
446 1920 507 1980 est.
1212 1911 1380 2001 pleraque
1402 1904 1652 1997 Hippocratis,
1679 1903 1811 1975 Galeni
1834 1919 1868 1974 et
1881 1903 2075 2005 Ptolemaei
2101 1902 2207 2001 opera

267 2009 393 2082 Postea
418 2032 502 2078 vero
524 2032 604 2079 cum
631 2021 666 2078 et
689 2022 801 2078 aetate
826 2023 860 2081 et
883 2009 1044 2081 doctrina
1070 2009 1165 2080 iudi·
1213 2009 1451 2082 aSarracenis
1472 2008 1510 2075 in
1538 2007 1695 2097 lingnam
1712 2003 1901 2076 Arabicam
1921 2023 2004 2079 sunt
2027 2035 2208 2097 conversa,

167 2111 261 2183 cium
289 2112 549 2196 confirmasset,
593 2111 845 2182 animadvertit
877 2111 915 2179 in
940 2108 1028 2184 flasi
1055 2112 1165 2203 magis
1212 2138 1253 2182 ex
1273 2136 1341 2205 qna
1363 2113 1483 2199 lingua
1507 2133 1581 2178 non
1604 2111 1715 2180 multo
1734 2123 1811 2201 post
1827 2121 2030 2182 nostrornm
2053 2113 2208 2205 impera-

150 2226 242 2284 'esse
257 2214 473 2306 empiricam,
490 2237 595 2305 quam
613 2212 822 2283 rationalem
840 2214 1047 2284 doctrinam.
1073 2210 1163 2285 Cum
1212 2229 1329 2285 torum
1355 2211 1542 2295 beneficio,
1582 2208 1745 2282 Lotharii
1771 2237 1810 2281 ac
1840 2211 2013 2283 Friderici
2040 2207 2208 2300 Secundi,

165 2318 261 2386 enirn
279 2316 404 2385 divino
421 2315 542 2385 afflatu
560 2315 727 2384 incitatus
750 2317 793 2384 ad
813 2310 899 2385 haec
924 2317 1040 2386 studia
1062 2340 1164 2408 rape·
1211 2320 1249 2387 in
1272 2318 1418 2386 latinam
1442 2315 1599 2404 lingnam
1625 2316 1794 2383 translata
1817 2329 1916 2384 sunt:
1952 2341 2019 2410 qua
2044 2319 2206 2387 versione

165 2433 282 2499 retur,
308 2417 412 2486 facile
431 2412 666 2510 deprehendit
679 2414 843 2488 Doctoris
866 2419 922 2487 sui
938 2419 1163 2490 imbecillita·
1210 2443 1333 2488 omnes
1350 2412 1492 2486 scholae
1507 2409 1677 2485 hactenus
1694 2439 1804 2508 usque
1819 2417 1864 2483 ad
1879 2411 1963 2486 haec
1980 2431 2100 2488 nostra
2118 2435 2207 2488 tem·

164 2532 256 2600 tem,
283 2520 421 2613 etquid
445 2519 484 2588 in
501 2518 613 2610 ipsius
629 2520 790 2590 doctrina
806 2520 882 2590 veri
903 2534 964 2591 aut
979 2521 1058 2590 falsi
1078 2545 1164 2591 con·
1210 2546 1295 2614 pora
1316 2544 1398 2590 usae
1414 2533 1507 2590 suut.

166 2622 350 2694 tineretur.
401 2617 493 2692 Cum
509 2621 605 2690 enim
621 2618 727 2694 Rasis
749 2622 858 2692 nimis
871 2623 997 2715 procul
1016 2649 1034 2693 a
1053 2623 1164 2693 fonti·
1312 2620 1496 2693 Avicenna
1520 2621 1639 2713 itaque
1661 2622 1703 2688 ad
1727 2641 1828 2688 veros
1852 2619 1967 2690 fontes
1984 2644 2020 2691 se
2037 2622 2206 2693 contulit:

164 2725 232 2793 bus
244 2720 473 2816 Hippocratis
496 2736 531 2793 ct
554 2723 687 2795 Galeni
710 2725 906 2809 recederet,
931 2748 1072 2795 necesse
1090 2739 1164 2795 erat
1211 2740 1245 2796 et
1262 2726 1344 2818 qnia
1360 2724 1582 2793 institutione
1592 2736 1630 2792 'ct
1646 2734 1772 2790 natura
1787 2723 1964 2808 excelluit,
1990 2724 2093 2794 facile
2107 2723 2206 2794 evol-

165 2839 200 2896 et
222 2825 333 2919 ipsius
358 2825 610 2896 medicationes
627 2825 809 2894 erroribus
827 2845 903 2893 non
923 2849 1052 2901 carere.
1103 2824 1164 2897 Sic
1210 2853 1344 2899 vercae
1361 2825 1747 2915 intelligereeapotuit,
1766 2825 2206 2918 quaealiiserantignota.

165 2929 260 2998 enim
279 2929 409 2998 diserte
431 2924 549 3017 inquit
570 2920 752 2994 Avicenna
776 2925 840 2999 lib.
856 2924 892 2998 4.
914 2950 990 3018 cap.
1011 2928 1055 2995 de
1080 2928 1163 2995 uni-
1208 2927 1370 3023 Cumque
1391 2926 1629 2998 Alexandriae
1653 2926 1851 2995 doctrinam
1876 2927 2048 2997 medicam
2075 2928 2216 2998 confir-·

164 3030 293 3099 versali
327 3027 482 3096 febrium
516 3025 715 3098 curatione.=
778 3023 941 3098 Profecto
975 3028 1163 3118 profuisset
1209 3045 1359 3116 masset,
1384 3054 1424 3099 ac
1446 3043 1556 3098 totam
1574 3026 1773 3122 Aegyptum
1791 3028 2054 3118 perlustrasset,
2081 3029 2119 3099 in
2134 3054 2204 3124 qua

164 3127 250 3200 huic
270 3127 369 3208 viro,
395 3125 459 3197 ubi
481 3122 605 3196 Rasim
629 3125 813 3220 intelligit,
844 3153 918 3199 non
943 3144 1013 3200 tam
1037 3130 1162 3222 procul
1209 3133 1363 3226 plurima
1386 3132 1644 3213 medicamenta
1670 3122 1920 3218 deprehendit,
1948 3131 2027 3200 aliis
2052 3129 2206 3203 Medicis
2287 3180 2289 3185 ι

164 3228 343 3302 aGaleni
374 3241 409 3298 et
435 3225 664 3318 Hippocratis
693 3230 832 3320 placitis
858 3230 1050 3303 discedere.
1109 3229 1162 3303 lta
1209 3237 1347 3326 ignota,
1373 3235 1411 3302 in
1428 3233 1578 3325 patriam
1591 3231 1795 3303 revertitur.
1849 3229 1902 3300 lbi
1917 3256 1997 3302 cum
2012 3234 2115 3303 fratri
2130 3258 2205 3305 ces-

164 3332 286 3401 minus
302 3328 622 3401 contradictionum
648 3355 689 3402 ac
705 3355 867 3406 errorum
886 3347 975 3408 esset
991 3335 1030 3404 in
1050 3333 1162 3428 ipsius
1208 3339 1309 3407 sisset
1325 3335 1638 3426 gubernationem,
1662 3333 1738 3423 ipse
1760 3355 1797 3401 se
1816 3334 1860 3400 ad
1875 3334 2102 3404 scribendum
2117 3360 2204 3405 con·
2229 3381 2236 3392 -

166 3432 317 3526 scriptis·
1207 3440 1302 3513 tulit.
1353 3436 1445 3509 Cum
1470 3438 1566 3505 enirn
1589 3434 1724 3503 videret
1747 3447 1919 3525 quantum
1939 3458 2060 3505 recens
2083 3434 2204 3507 Medi-

265 3532 351 3606 Post
373 3531 649 3628 quadriennium
672 3529 891 3606 Alexandria
922 3537 1092 3620 discedit,
1126 3550 1162 3607 et
1208 3542 1288 3610 cina
1310 3563 1331 3608 a
1354 3538 1462 3610 veteri
1484 3534 1747 3627 degenerasset,
1772 3534 1888 3606 voluit
1909 3561 1987 3606 earn
2009 3538 2140 3609 iterum
2158 3542 2204 3609 ad

163 3639 202 3708 in
236 3636 409 3730 oppidum
442 3632 638 3726 Hispaniae
674 3632 881 3709 Cordubam
915 3638 1161 3728 proficiscitur,
1207 3643 1322 3712 fontes
1343 3662 1529 3723 revocare,
1564 3649 1598 3707 et
1621 3660 1659 3706 ea
1682 3660 1772 3729 qnae
1791 3650 1895 3706 erant
1923 3638 2063 3729 ignavia
2085 3635 2204 3711 horni-

162 3740 225 3812 nbi
251 3738 400 3834 docebat
421 3734 611 3822 Averrois,
646 3737 747 3808 cuius
769 3739 863 3809 fama
894 3739 1084 3824 excitatus,
1117 3762 1160 3810 eo
1208 3766 1295 3814 num
1308 3743 1379 3813 situ
1397 3755 1433 3812 et
1445 3739 1613 3811 rubidine
1629 3739 1800 3820 obducta,
1825 3760 1967 3808 rurscam
1984 3742 2176 3832 detergere.

162 3841 345 3914 concessit.
398 3836 570 3910 Averrois
587 3838 682 3908 enim
699 3863 833 3910 nomen
847 3839 923 3912 istis
937 3840 1159 3933 temporibus
1307 3839 1356 3913 Et
1372 3843 1455 3936 qnia
1474 3838 1638 3912 Galenici
1656 3839 1759 3922 libri,
1782 3837 1967 3936 inquibus
1987 3865 2045 3914 ars
2065 3837 2203 3934 integre

161 3946 231 4016 fnit
247 3940 531 4015 celeberrimum.
585 3939 670 4013 Fuit
685 3956 801 4013 autem
818 3938 990 4014 Averrois
1014 3942 1159 4033 ingenio
1205 3945 1379 4030 traditur,
1411 3956 1612 4035 temporum
1636 3940 1725 4011 vitio
1746 3962 1821 4010 nou
1845 3957 1948 4014 eram
1974 3945 2014 4014 in
2035 3947 2203 4019 manibus

161 4045 254 4129 acri,
280 4043 449 4136 pugnaci,
472 4056 639 4124 ventoso,
663 4058 700 4116 et
713 4039 989 4135 reprehensione
1004 4044 1157 4116 aliorum
1206 4046 1438 4128 discentium,
1462 4057 1497 4116 et
1518 4055 1697 4137 praeterea
1723 4040 1883 4139 Galenus
1907 4067 1983 4118 non
2007 4071 2082 4120 uno
2106 4048 2200 4121 libro

161 4147 293 4217 famam
316 4145 385 4216 sibi
407 4146 612 4241 quaerebat:
646 4170 716 4240 qua
739 4146 778 4215 in
800 4170 839 4217 re
854 4169 955 4239 saepe
977 4146 1160 4218 contradi·
1205 4151 1381 4241 integram
1402 4161 1514 4220 artem
1538 4146 1741 4238 complexus
1766 4140 1840 4216 est:¹
1861 4145 1936 4238 ipsc
1952 4150 2122 4242 scriptum
2143 4151 2202 4222 in-

162 4247 268 4320 cendi
290 4245 409 4318 studio
431 4271 450 4317 a
467 4248 615 4320 veritate
631 4250 823 4335 abductus,
848 4263 940 4321 artes
955 4264 1049 4322 recte
1070 4273 1158 4320 con·
1204 4253 1339 4335 stit'nit,
1360 4275 1431 4348 quo
1447 4248 1683 4321 eruditissima
1705 4260 1739 4321 et
1760 4247 1941 4341 aptissima
1956 4245 2125 4325 methodo
2143 4254 2203 4325 in-

162 4351 324 4433 stitutas,
355 4344 557 4441 sophisticis
578 4350 776 4442 praestigiis
800 4351 1040 4439 labefactavit,
1067 4366 1157 4424 tem·
1205 4371 1338 4448 tegram
1366 4367 1476 4426 artem
1507 4352 1680 4424 medicam
1704 4350 1969 4444 complectitur,
1999 4355 2038 4425 in
2060 4380 2131 4450 qno
2159 4381 2200 4429 ea

161 4463 449 4545 peramentorum
475 4449 645 4522 mixturas
668 4454 781 4540 tollit,
806 4448 974 4526 humores
992 4454 1033 4524 in
1056 4468 1158 4546 epate
1205 4481 1294 4554 quae
1316 4459 1410 4551 apud
1428 4453 1608 4527 Galennm
1631 4454 1801 4545 dissipata
1818 4453 2004 4544 leguntur,
2030 4458 2069 4526 in
2086 4470 2199 4530 onum

161 4565 267 4644 negat
279 4551 390 4643 gigni,
416 4553 507 4623 circa
522 4553 754 4627 nutritionem
771 4581 901 4628 novam
917 4569 953 4627 et
965 4558 1155 4628 absurdam
1204 4584 1333 4655 corpus
1366 4559 1482 4648 coligit
1513 4558 1825 4650 σωματοποιήσας
1854 4549 1926 4650 τὴν
1965 4554 2118 4653 ce'xsw,
2159 4572 2201 4633 ut
2252 4587 2254 4591 ·

161 4654 371 4727 sententiam
406 4653 700 4727 comminiscitur.
765 4657 836 4730 Sed
866 4658 954 4755 quid
986 4683 1077 4752 opus
1106 4673 1157 4730 est
1205 4660 1335 4734 Graeci
1347 4663 1558 4754 loquuntur,
1583 4669 1618 4727 et
1630 4657 1708 4728 sine
1722 4652 1936 4749 sophistica,
1961 4673 1998 4732 et
2013 4684 2104 4756 quse
2119 4675 2201 4755 post
2323 4660 2328 4673 ”

159 4780 436 4830 commemorare
450 4755 616 4848 singula?
641 4750 839 4831 hocsolnm
855 4763 936 4854 egit,
960 4775 1001 4832 ut
1017 4762 1156 4832 sublata
1203 4765 1346 4856 longam
1371 4759 1659 4858 inquisitionem,
1687 4758 1784 4830 etin
1809 4759 1887 4850 ipso
1910 4760 1996 4833 artis
2018 4765 2198 4853 exercitio,

160 4860 350 4931 autoritate
364 4873 524 4931 veterum
540 4871 726 4945 autorum,
750 4881 788 4930 se
809 4862 848 4932 in
863 4862 1023 4958 ipsorum
1037 4865 1156 4936 locum
1204 4868 1292 4938 etin
1308 4863 1610 4958 disputationibus
1626 4885 1706 4932 cum
1723 4860 1936 4932 doctissimis
1951 4864 2038 4937 viris
2054 4861 2198 4939 verissi-

161 4961 360 5034 collocaret.
1204 4982 1261 5040 me
1286 4992 1358 5039 esse
1382 4965 1571 5047 iudicavit,
1598 4963 1802 5056 complexos
1820 4977 1883 5036 est.
1936 4963 2056 5041 Tanto
2078 4984 2198 5043 autem

261 5061 343 5133 Hoc
364 5061 546 5155 pertinent
566 5061 677 5155 ipsius
699 5065 905 5156 magnificae
926 5093 1048 5152 voces,
1074 5068 1156 5163 qni·
1203 5071 1375 5165 applausu
1391 5065 1462 5141 hoc
1475 5067 1682 5140 Avicennae
1698 5065 1871 5158 scriptum
1887 5084 2071 5163 exceptum
2086 5087 2139 5144 est
2153 5073 2199 5142 ab

158 5167 226 5237 bus
259 5165 479 5258 significabat
511 5188 548 5234 se
581 5180 854 5260 repurgatnmm
889 5192 963 5241 esse
988 5166 1155 5243 Philoso-
1202 5175 1370 5245 omnihus
1392 5171 1558 5256 eruditis,
1584 5169 1718 5241 utiam
1744 5169 1825 5261 plus
1847 5171 1967 5242 minus
1989 5172 2198 5268 annisqna·
2258 5231 2260 5235 ,

159 5262 299 5360 phiam,
338 5268 510 5361 illamque
541 5291 660 5338 veram
702 5284 736 5340 et
769 5270 964 5353 sinceram,
1003 5275 1154 5345 detorsis
1201 5274 1400 5366 dringentis
1423 5274 1462 5345 in
1486 5272 1654 5344 omnibus
1673 5272 1828 5365 publicis
1851 5271 2053 5344 Academiis
2073 5297 2094 5345 a
2112 5300 2196 5368 pro·

158 5370 326 5441 omnibus
349 5370 488 5455 naevis,
527 5371 566 5440 in
594 5373 752 5444 medium
776 5374 907 5445 iterum
929 5375 1151 5467 prolaturum
1200 5379 1392 5450 sessoribus
1406 5377 1452 5449 sit
1468 5374 1681 5468 expositumt
1707 5388 1742 5445 et
1758 5370 1826 5444 hoe
1847 5396 1911 5444 suo
1933 5369 2084 5467 scripto,
2110 5378 2194 5471 quia

158 5494 247 5544 esse·
297 5470 376 5543 Hae
397 5495 501 5543 voces
520 5485 554 5544 et
575 5467 660 5545 baec
681 5476 865 5566 magnilica
880 5477 1053 5570 promissa
1074 5478 1153 5549 ani·
1201 5477 1392 5552 Galenicas
1413 5478 1670 5572 disputationes
1692 5476 1821 5548 iterum
1843 5468 2047 5549 reduxit'in
2070 5481 2197 5567 lucem,

156 5597 235 5645 mos
257 5574 462 5646 auditorum
485 5575 743 5669 percellebant,
766 5592 800 5652 et
822 5603 958 5650 nomen
980 5594 1018 5653 et
1035 5580 1151 5650 admi-
1199 5578 1342 5656 cursum
1374 5581 1574 5656 studiorum
1596 5578 1661 5652 ¹sni
1688 5578 1797 5650 seculi
1828 5573 2080 5666 commutavit,
2103 5573 2197 5679 qnae
