4732 6030
161 335 238 410 075
638 302 916 406 rucuma
947 327 1229 412 narrum
1259 335 1421 419 raca
1450 341 1711 424 urucas
1790 432 1793 436 ,
2114 344 2196 422 ors

130 534 134 541 ·
160 508 269 579 etiam
283 499 413 574 horum
427 450 627 590 iemporum
650 496 928 588 calamitatibus,
954 527 1040 598 quas
1055 506 1151 576 velut
1198 509 1266 583 No.
1288 511 1371 587 124.
2021 547 2072 588 m.
2096 523 2194 590 155¹·

160 606 383 704 praesagiens
402 598 624 684 Fridericus,
657 602 841 692 postremis
860 605 963 675 anni,
979 629 1053 676 110„
1069 629 1150 676 ,πο
1205 607 1378 640 νον-ν
2012 613 2187 643 Μ

161 708 391 780 delabebatur
420 702 459 771 in
480 724 661 798 sermones
688 703 733 771 de
767 725 958 793 regnorum
984 707 1151 798 periodis,
1340 714 1418 800 De
1442 712 1648 800 Matthia
1674 713 1808 826 Rege
1829 686 2045 827 [iungar.

161 825 195 881 et
217 827 360 899 gemens
381 804 588 894 deplorabat
603 802 846 873 infirmitatem
862 821 1008 878 naturae
1023 804 1152 879 huma·

159 934 245 994 nae,
269 931 360 1002 quae
375 919 410 976 et
424 905 592 974 fatalibus
610 903 723 974 causis
739 905 893 977 obnoxia
911 922 963 979 est
982 910 1151 980 mutatio·
1268 872 1671 1013 Ιῃῃῖἰιιζέἱάἧωρξεὲιιζρ
1685 875 2077 1014 ἒξῶῗῆἒξὲῗέῥ.ἶὲιὲ2ᾎ
2088 880 2196 1004 ⁹6less

158 1013 284 1094 nibus,
311 1022 346 1078 et
360 1005 482 1076 multis
498 1004 633 1094 magnis
647 1005 829 1075 furoribus
850 1010 994 1081 accersit
1008 1033 1152 1101 poenas.
1303 1011 1337 1062 de
1352 1010 1580 1082 regersononue
1590 1009 1713 1080 Matilo,
1731 1012 2193 1072 oeduusses.saautaeo.w1.

157 1110 356 1204 Repetebat
369 1131 412 1177 ex
426 1101 585 1175 historiis
601 1105 727 1175 seriem
746 1119 966 1196 temporum,
991 1133 1152 1195 narrans,
1304 1078 1358 1132 ιώ·
1374 1080 1450 1136 ¹⁵⁵¹·
1469 1081 1494 1137 ⁴·
1511 1077 1579 1151 ⁸9¹·

161 1236 269 1306 qrram
281 1209 400 1281 brevis
421 1221 482 1279 ³¹¹1
503 1207 1153 1328 101188ὃθῑὸδωῑΰθῆξῑθΐθὲΰῑῑΰῖθ·
1202 1239 1327 1308 (trotio
1351 1234 1399 1309 de
1419 1235 1588 1310 Matthia
1601 1242 1697 1335 Itepe
1721 1243 1933 1336 Uespasium
1964 1249 2135 1317 recitato
2151 1251 2193 1319 in

160 1313 281 1382 miliae
295 1312 436 1393 luisset,
459 1332 524 1377 nec
539 1331 687 1400 usquam
705 1307 799 1377 ultra
816 1327 1026 1402 quingentos
1041 1335 1153 1383 annos
1203 1335 1267 1408 ,150
1282 1337 1476 1411 Matthiae
1490 1342 1659 1433 Aponon
1674 1346 1713 1426 (i.
1729 1368 1758 1412 e.
1772 1349 1824 1411 24,
1840 1350 1944 1432 Febr.)
1952 1394 1965 1435 ‚
1990 1351 2033 1418 a„
2048 1369 2195 1421 mmm.

161 1414 312 1483 eandem
328 1410 496 1479 m21¹⁸i⁸⁸⁰
510 1408 831 1498 P⁰llll²¹⁹f⁰¹¹¹¹³¹¹³·
951 1462 955 1469 ·
1202 1443 1366 1511 motione
1391 1441 1538 1535 prodas
1559 1446 1773 1538 Magister&
1802 1466 1826 1514 α
1854 1447 2008 1519 Decono
2039 1449 2193 1525 sebast.

261 1511 361 1583 Anni
376 1525 459 1581 sunt
473 1512 545 1579 lere
562 1507 748 1626 quingenti
762 1510 807 1578 ab
823 1509 920 1582 exitu
934 1535 976 1581 ex
991 1508 1151 1631 Aegypto
1258 1540 1452 1613 Mutum
1461 1565 1508 1614 3⁰
1536 1548 1593 1628 (⁰43
1609 1547 1928 1633 Scriptepubt.T,1,
1951 1578 1982 1638 p·
1997 1556 2060 1620 292
2074 1544 2133 1640 θ’).
2227 1545 2229 1549 .

161 1618 207 1686 ad
230 1610 480 1694 Salomonem,
511 1612 658 1679 totidem
680 1609 752 1678 fere
768 1634 787 1678 a
805 1608 997 1681 Salomone
1014 1614 1059 1682 ad
1079 1638 1153 1683 exr-

161 1717 252 1785 lium
274 1712 544 1805 Babylonicum.
603 1708 692 1778 lude
723 1710 870 1780 totidem
892 1726 927 1783 et
949 1714 1056 1802 paulo
1076 1737 1153 1783 am-
1202 1694 1314 1778 initio
1324 1705 1524 1797 gratiasago
1536 1721 1610 1780 toto
1624 1706 1849 1800 pectoreDeo
1859 1726 2002 1785 aeterno
2012 1719 2193 1808 patriDo-

162 1816 258 1908 plius
273 1815 318 1883 ad
337 1813 503 1883 ultimum
520 1808 753 1903 lerosolymae
769 1812 954 1881 excidium.
1202 1809 1294 1877 mini
1310 1808 1423 1878 nostri
1441 1805 1520 1878 lesu
1536 1805 1688 1895 Christi,
1714 1812 1892 1882 conditori
1907 1816 1994 1885 coeli
2012 1832 2047 1889 et
2062 1834 2193 1912 terrae,

266 1912 322 1983 Ad
346 1907 432 1982 haec
451 1911 606 2001 exempla
629 1910 830 1982 conserebat
848 1914 1063 1985 mutationes
1075 1913 1153 1988 Ro-
1205 1922 1239 1978 et
1253 1905 1430 1979 Ecclesiae
1451 1922 1486 1978 et
1506 1904 1714 1996 hominurn,
1738 1936 1810 1982 una
1831 1937 1913 1983 cum
1934 1917 2007 1986 filio
2031 1945 2095 1991 suo
2111 1923 2191 1996 Do·

162 2039 307 2098 manas,
333 2028 368 2085 et
390 2009 477 2082 haec
499 1994 693 2102 praesintia
716 2034 833 2101 regna.
885 2009 1042 2085 Othonis
1057 2017 1153 2086 tertii
1204 2011 1304 2078 mino
1329 2022 1452 2080 nostro
1468 2008 1547 2080 lesu
1563 2006 1726 2097 Christo,
1757 2013 1926 2085 crucifixo
1942 2041 2007 2109 pro
2026 2025 2133 2094 uobis
2155 2044 2192 2101 et

164 2133 323 2207 tempore
338 2110 406 2183 hoc
419 2108 607 2204 pulchrum
618 2107 765 2202 ἀξίωμα
780 2127 814 2182 et
828 2113 1006 2203 fastigium
1023 2118 1155 2188 electo-
1204 2110 1427 2195 resuscitato,
1452 2123 1487 2181 et
1501 2109 1638 2201 Spiritu
1657 2136 1722 2183 suo
1741 2128 1882 2202 sancto,
1907 2123 2002 2211 quod
2021 2118 2193 2202 hactenus

164 2242 246 2290 rum
267 2215 497 2298 constitutum
519 2235 612 2296 esse,
637 2235 677 2280 ac
698 2213 772 2281 lere
788 2215 910 2281 eodem
925 2218 1081 2306 tempore
1095 2218 1155 2287 in·
1203 2234 1271 2280 nos
1293 2211 1483 2281 clementer
1503 2212 1674 2302 protegit,
1699 2237 1852 2307 eumque
1873 2222 2083 2296 ardentibus
2099 2232 2192 2304 votis

166 2313 328 2387 choatam
350 2304 424 2383 ess‘e
458 2313 608 2381 formam
639 2312 739 2400 regni
765 2311 962 2386 Pannonici
987 2332 1022 2388 et
1046 2316 1154 2388 Polo-
1204 2335 1291 2396 oro,
1316 2323 1357 2382 ut
1378 2334 1515 2402 semper
1529 2309 1722 2383 Ecclesiam
1742 2316 1813 2385 sibi
1834 2316 1929 2389 inter
1949 2346 2014 2395 nos
2037 2329 2191 2421 colligat,

164 2419 254 2500 nici,
276 2440 366 2508 quae
383 2410 551 2483 hacteuus
565 2416 678 2481 annos
693 2413 906 2504 quingentos
925 2418 1078 2487 duravit.
1205 2411 1446 2482 doctrinarum
1461 2413 1577 2482 studia
1593 2415 1784 2503 gubernet,
1817 2431 1852 2489 et
1872 2414 1971 2494 bunc
1991 2441 2126 2501 coetum
2150 2451 2184 2505 et

268 2515 323 2586 Ad
340 2512 432 2584 hanc
445 2528 573 2584 metam
587 2513 724 2603 periodi
740 2538 821 2582 cum
836 2516 907 2584 iam
923 2520 1054 2608 pariter
1069 2515 1155 2589 haec
1204 2507 1290 2584 haee
1304 2513 1444 2602 tuguria
1459 2526 1631 2605 protegat.

165 2644 272 2710 regna
291 2618 512 2693 accederent,
538 2635 683 2703 magnas
700 2615 821 2684 ruinas
838 2638 875 2686 se
890 2632 1045 2689 metuere
1059 2621 1156 2690 dice-
1305 2611 1397 2684 Cum
1412 2627 1529 2685 eutem
1546 2611 1735 2687 honestum
1752 2631 1787 2689 et
1809 2621 1975 2693 usitatum
1996 2626 2044 2698 sit
2063 2629 2104 2701 in
2126 2630 2188 2707 his

165 2723 237 2791 bat.
293 2717 475 2788 Interdum
493 2710 550 2784 bis
559 2715 782 2785 sermonibus
791 2731 826 2789 et
834 2710 931 2788 hunc
944 2719 1061 2812 ipsum
1074 2745 1156 2791 ver·
1204 2714 1467 2804 congressibus,
1489 2716 1546 2784 vel
1560 2718 1604 2785 de
1618 2730 1716 2809 parte
1731 2719 1846 2815 aliqua
1862 2724 2121 2815 doctrinarum,
2146 2751 2189 2809 ut

166 2844 244 2892 sum
264 2818 448 2889 miscebat:
603 2865 606 2869 ,
1203 2816 1387 2886 iuniorum
1409 2816 1608 2887 formentur
1631 2819 1782 2907 iudicia,
1805 2822 1939 2911 dicere,
1961 2829 2018 2897 rel
2036 2835 2187 2907 recitare

321 2924 410 2988 Eheu
424 2945 513 3008 quam
528 2926 644 2987 levibus
656 2937 783 3007 pereunt
794 2927 928 3008 ingentia
939 2933 1046 2996 sanan.
1203 2913 1381 3003 historiae,
1404 2939 1554 3010 quarum
1569 2921 1805 2993 consideratio
1819 2925 1946 2997 multos
1959 2931 2070 3002 adfert
2080 2937 2186 3007 utili-

268 3019 340 3093 Sed
366 3017 458 3090 banc
490 3043 525 3089 se
551 3020 829 3090 consolationem
856 3036 974 3092 tenere
1006 3023 1157 3109 dicebat,
1203 3031 1310 3103 tates,
1330 3012 1389 3087 hic
1404 3041 1461 3086 me
1475 3016 1732 3092 diesMatthiae
1742 3017 1929 3117 Apostoli,
1955 3033 2093 3105 cumde
2107 3038 2187 3110 aliis

168 3125 264 3216 quod
281 3122 356 3189 sine
369 3121 443 3190 ulla
457 3120 680 3190 dubitatione
693 3135 878 3204 statueret,
904 3128 939 3194 et
948 3147 1019 3194 esse
1028 3121 1157 3211 Deum,
1203 3119 1326 3189 multis
1339 3112 1499 3189 historiis
1512 3120 1708 3207 admonuit,
1728 3137 1805 3195 tum
1819 3151 1904 3199 vero
1920 3131 2026 3202 etiam
2039 3135 2083 3206 de
2090 3134 2190 3230 Rege

117 3262 118 3266 =
167 3239 203 3295 et
235 3219 352 3291 Deum
383 3241 465 3287 vere
495 3220 658 3308 colligere
689 3223 759 3291 sibi
784 3223 823 3290 in
848 3246 975 3318 genere
997 3222 1154 3297 humano
1202 3214 1593 3307 PannoniaeMattlria,
1617 3224 1681 3316 qui
1695 3247 1736 3293 eo
1752 3226 1810 3294 die
1823 3242 1908 3299 ante
1920 3254 2034 3303 annos
2046 3251 2191 3311 centum

167 3339 346 3395 aeternam
361 3314 575 3402 Ecclesiam,
599 3332 633 3388 et
650 3343 694 3387 ne
711 3321 743 3387 ei
758 3323 871 3392 desint
884 3320 1058 3415 hospitia,
1082 3349 1157 3396 ser·
1203 3335 1239 3392 et
1252 3334 1331 3393 octo
1345 3333 1449 3391 natus
1464 3335 1528 3404 est,
1553 3323 1597 3392 de
1610 3324 1710 3393 cuius
1723 3325 1855 3397 virtute
1869 3343 1904 3400 et
1919 3332 2122 3425 foelicitate,
2146 3358 2189 3417 ut

165 3450 249 3495 vare
272 3445 352 3493 eum
373 3420 510 3512 aliquas
531 3419 688 3508 politiae,
722 3433 756 3490 et
788 3423 931 3512 quidem
961 3422 1156 3494 Ecclesiam
1204 3421 1342 3511 saepius
1365 3421 1438 3490 iam
1462 3423 1670 3512 cogitemus,
1703 3449 1888 3499 movemur
1910 3433 2019 3502 etiam
2044 3436 2190 3514 Panno.

165 3523 234 3595 Dei
248 3521 531 3593 constantissime
546 3521 753 3590 adfirmabat
771 3516 867 3591 hunc
886 3523 1003 3614 ipsum
1016 3538 1156 3596 coetum
1202 3522 1283 3591 niae
1297 3521 1572 3609 calamitatibus,
1597 3550 1687 3619 quae
1701 3548 1797 3596 nunc
1813 3531 1946 3601 suntin
1962 3556 2164 3631 conspeetu.

166 3651 259 3710 esse,
284 3625 321 3692 in
338 3647 409 3716 quo
424 3645 492 3691 vox
504 3617 691 3710 Evangelii
706 3637 808 3693 sonat
823 3623 1040 3717 incorrupta.
1303 3618 1477 3693 Existimo
1498 3648 1572 3695 non
1593 3626 1681 3698 falso
1704 3628 1872 3718 scriptum
1893 3655 1968 3703 esse
1990 3659 2011 3705 a
2028 3637 2190 3732 Platone,

268 3723 425 3796 Hirrum
436 3722 625 3792 aliamulta
641 3723 841 3793 testimonia
855 3727 1042 3811 recitabat,
1066 3752 1155 3821 quae
1201 3723 1324 3795 fatales
1341 3746 1414 3793 esse
1433 3724 1664 3816 imperiorum
1686 3729 1867 3821 periodos,
1891 3746 1926 3803 et
1943 3738 2115 3833 tantisper
2128 3748 2186 3814 di-

166 3831 354 3901 adfirmant
377 3820 570 3893 Ecclesiam
591 3837 625 3894 et
645 3823 684 3893 iu
707 3819 773 3893 lrac
791 3826 933 3897 mortali
955 3827 1026 3897 vita
1042 3830 1155 3899 dura·
1202 3825 1336 3895 vinitus
1352 3826 1492 3915 praefici
1511 3828 1627 3919 regnis
1642 3832 1812 3901 salutares
1825 3833 2089 3926 gubernatores,
2113 3846 2184 3913 do-

166 3947 283 4002 turam
304 3950 377 3996 esse
400 3949 512 4017 usque
534 3926 579 3994 ad
600 3925 899 3996 resuscitationem
922 3942 1156 4016 mortuorum,
1203 3947 1273 3997 nec·
1289 3926 1427 4018 periodi
1445 3927 1673 4001 circumactae
1694 3945 1795 4017 sunt,
1826 3936 1888 4003 sed
1912 3950 2023 4006 tamen
2047 3941 2086 4009 in
2111 3937 2186 4014 bo-

165 4048 242 4106 rum
263 4053 345 4099 vero
368 4027 553 4119 praecipue
576 4026 816 4097 delectabatur
838 4022 907 4097 hoc
938 4029 1039 4098 brevi
1060 4032 1154 4101 dicto
1202 4027 1341 4097 minum
1365 4027 1466 4098 viciis
1491 4030 1680 4122 praecipua
1714 4055 1817 4103 causa
1850 4048 1900 4106 est
1929 4037 2097 4112 interitus
2128 4070 2189 4118 re-

167 4133 263 4227 quod
281 4143 374 4199 extat
385 4128 478 4216 apud
491 4122 651 4196 Esaiam:
674 4123 752 4214 Ego
766 4151 828 4197 vos
842 4129 947 4198 etiam
965 4131 1003 4199 in
1018 4146 1155 4204 senecta
1201 4151 1366 4219 gnorum.

166 4250 201 4304 et
226 4231 359 4302 canicie
382 4228 536 4318 gestabo.
593 4225 647 4296 Ac
670 4228 864 4318 suspiciens
887 4231 1078 4301 iucoelum
1095 4257 1155 4302 ar·
1303 4228 1388 4301 ldeo
1412 4254 1614 4325 quanquam
1640 4246 1773 4306 veteres
1795 4239 1918 4320 duces,
1950 4264 2106 4333 quorum
2126 4270 2190 4317 ex.

166 4334 332 4405 dentibus
357 4329 447 4398 votis
465 4325 582 4399 Deum
605 4329 830 4418 precabatur,
855 4343 895 4400 ut
914 4345 948 4401 et
961 4328 1155 4403 Ecclesiam
1203 4331 1331 4402 callens
1352 4331 1420 4402 fuit
1446 4333 1576 4420 virtus,
1602 4358 1677 4404 non
1698 4358 1884 4426 possumus
1906 4340 1944 4408 iu
1964 4336 2056 4412 hauc
2076 4346 2189 4418 vitam

165 4439 203 4506 in
223 4431 288 4504 hac
302 4454 364 4501 sua
379 4429 511 4519 patria,
536 4441 572 4497 et
584 4428 734 4520 patriam
749 4444 922 4515 servaret,
946 4455 1011 4503 uec
1026 4435 1156 4507 sineret
1201 4456 1385 4518 revocare,
1410 4446 1528 4504 tamen
1550 4460 1631 4505 cum
1653 4435 1848 4510 discordias
1870 4465 2054 4532 procerum
2078 4441 2190 4523 huius

163 4540 204 4607 iu
218 4532 412 4606 Germania
437 4552 499 4601 seu
514 4527 702 4599 Turricam
720 4540 788 4600 'seu
802 4528 1031 4604 barbaricam
1046 4536 1156 4612 vasti·
1202 4535 1343 4619 aetatis,
1377 4548 1412 4605 et
1433 4537 1620 4608 orbitatem
1644 4533 1851 4610 Pannoriiae
1881 4542 2082 4633 intuemur,
2112 4575 2201 4628 non,

163 4653 269 4711 tarem
286 4635 373 4705 fieri.
1202 4656 1388 4726 possumus
1404 4660 1477 4706 non
1494 4637 1672 4728 requirere
1687 4641 1814 4711 animis
1823 4640 2027 4728 Huuiaden,
2048 4665 2191 4741 patrem
2210 4639 2213 4644 ¹

264 4736 360 4806 Haec
390 4734 501 4826 ipsius
521 4732 688 4804 vaticinia
719 4745 753 4802 et
775 4744 857 4804 rota
883 4735 1156 4825 consideremus,
1203 4750 1264 4808 aut
1285 4732 1476 4808 Matthiam
1497 4737 1632 4826 lilium,
1664 4765 1815 4834 quorum
1839 4746 2011 4817 autoritas
2039 4751 2193 4828 dissidia

166 4854 299 4910 etcum
323 4839 392 4906 iam
416 4851 468 4906 tot
490 4836 638 4905 vulnera
662 4833 871 4920 sentiamus,
897 4849 931 4907 et
950 4838 1156 4932 impendere
1202 4862 1387 4929 procerum
1413 4838 1598 4924 dirimere,
1630 4853 1665 4911 et
1686 4843 1860 4919 fortitudo
1884 4861 2047 4921 externos
2069 4848 2194 4930 hostes

163 4961 313 5028 magnae
328 4929 446 5006 rerum
463 4937 689 5007 confusiones
703 4935 909 5023 videantur,
934 4962 1000 5010 nos
1014 4966 1154 5035 quoque
1199 4963 1337 5020 arcere,
1362 4937 1439 5009 Deo
1456 4939 1599 5012 iuvante
1613 4943 1795 5032 potuisset.

163 5068 183 5115 a
202 5039 279 5111 Deo
298 5037 550 5125 mitigationem
573 5037 812 5108 calamitatum
839 5053 1018 5130 petamus,
1043 5058 1077 5114 et
1089 5066 1154 5114 nos
1303 5037 1380 5112 Etsi
1397 5054 1514 5111 autem
1537 5043 1607 5112 iam
1624 5039 1689 5113 hos
1703 5045 1833 5119 trustra
1850 5049 2114 5143 desideramus,
2140 5075 2198 5134 ra-

163 5147 201 5216 in
226 5139 290 5213 bac
312 5137 500 5217 imbecilli,
532 5151 566 5206 et
587 5139 698 5207 delira
721 5153 859 5210 senecta
881 5143 1007 5211 mundi
1027 5146 1154 5231 gestari
1201 5166 1286 5212 men
1298 5142 1388 5220 bene
1403 5142 1609 5215 meritorum
1635 5149 1766 5218 ducum
1781 5151 1982 5237 recordari,
2006 5160 2197 5246 gratitudo

163 5240 350 5316 alilioDei
360 5236 516 5308 Domino
532 5252 652 5309 nostro
668 5237 748 5310 lesu
761 5237 903 5314 Christo
920 5242 1059 5314 assidue
1073 5268 1154 5338 pre-
1203 5257 1266 5314 est.
1314 5240 1364 5314 Et
1385 5244 1561 5337 principes
1577 5245 1673 5316 viros
1687 5270 1810 5321 eorum
1824 5255 2023 5327 recordatio
2045 5263 2095 5331 ad
2118 5263 2200 5337 vir-

164 5371 293 5419 cemur.
345 5333 442 5412 Dixi·
1201 5344 1287 5415 tutis
1300 5343 1533 5415 imitationem
1546 5350 1734 5419 accendere
1747 5364 1873 5442 potest.
1904 5348 2092 5434 Omnibus
2107 5391 2201 5442 vero

1202 5445 1343 5536 prodest
1365 5446 1404 5513 in
1427 5440 1492 5516 hac
1516 5448 1684 5522 varietate
1704 5453 1946 5547 exemplorum
1962 5461 2202 5545 considerare
