4756 6022
181 258 259 335 289
651 256 813 335 DECL.
845 256 923 334 ult
956 257 1160 338 PRAEF.
1196 257 1254 332 IN
1285 253 1759 336 ARlTHMDTlCEN.
2144 270 2227 346 290,

182 432 453 507 casuincensas.
512 432 608 506 llaec
625 446 789 527 portenta
808 459 872 526 pro
891 436 985 505 veris
1001 435 1175 505 affirmare
1227 425 1284 501 ltis
1300 432 1437 502 artibus
1461 430 1632 523 opinione
1653 430 1880 508 difficultatis.
1933 434 2004 508 Sed
2021 442 2118 533 quod
2135 445 2220 515 atti·

181 530 615 627 homineindignumest,
639 539 771 608 nedum
793 533 1026 630 Philosopho.
1066 537 1174 608 Nulla
1226 536 1346 604 netad
1372 534 1475 604 initia
1494 528 1767 618 Arithmetices,
1792 561 1883 628 quae
1903 538 1943 608 in
1966 536 2098 611 scholis
2121 546 2217 616 tradi

181 651 252 709 tam
277 637 427 708 barbara
450 661 536 730 gens
555 641 642 726 fuit,
668 665 759 734 quae
780 663 855 708 non
868 641 1033 727 sentiret,
1057 640 1176 710 stellas
1225 637 1359 718 solent,
1386 650 1422 708 et
1444 661 1534 730 quae
1559 637 1602 706 ad
1625 635 1874 729 quotidianum
1901 665 2004 712 usum
2025 647 2217 717 conferun-

180 763 253 810 esse
270 754 365 812 certa
380 753 415 811 et
429 741 607 813 durabilia
627 743 698 813 Dei
716 767 844 833 opera,
869 755 903 812 et
917 743 1022 814 certis
1037 743 1175 834 legibus
1224 752 1300 823 tur,
1326 734 1552 809 vehementer
1568 753 1705 822 errant,
1731 740 1760 808 si
1779 734 1863 811 haec
1879 757 2006 834 putant
2021 749 2215 819 admodum

178 841 284 923 ferri,
326 866 475 935 magnae
504 846 656 916 alicuius
689 845 854 916 utilitatis
885 869 999 915 causa.
1052 844 1172 935 Quare
1224 841 1381 910 diflicilia
1407 865 1490 914 esse.
1544 837 1613 911 Ars
1638 841 1754 912 oritur
1778 866 1819 912 ex
1843 859 1969 916 natura
1992 847 2067 939 ipsa
2086 853 2215 925 mentis

179 946 394 1016 contumelia
413 960 465 1017 est
477 949 646 1018 adversus
662 945 797 1032 Deum,
824 948 956 1038 fingere
975 943 1067 1018 hanc
1081 972 1170 1018 con·
1224 938 1420 1029 hnmanae,
1451 960 1485 1014 et
1509 938 1616 1015 habet
1639 944 1849 1016 certissimas
1877 948 2213 1030 demonstrationes.

177 1047 354 1118 fusionem
381 1073 520 1138 rerum,
554 1049 674 1122 Solem
699 1074 867 1141 vaporem
891 1074 964 1119 esse
998 1074 1079 1120 casu
1113 1051 1171 1119 in·
1224 1044 1344 1134 Quare
1365 1046 1468 1116 initia
1490 1070 1553 1115 nec
1575 1047 1744 1133 obscura,
1768 1072 1834 1118 nec
1856 1050 2014 1122 diflicilia
2041 1076 2213 1147 essepos-

178 1149 420 1237 flammatum,
448 1166 481 1222 et
500 1176 582 1223 casu
599 1154 704 1235 ferri,
730 1171 770 1224 ut
788 1152 975 1224 Lucretius
992 1153 1057 1223 ait:
1222 1164 1322 1235 sunt,
1349 1149 1420 1218 imo
1441 1148 1560 1240 priora
1585 1162 1768 1239 praecepta
1792 1153 1880 1221 adeo
1904 1156 2089 1248 perspicua
2116 1173 2211 1244 sunt,

1221 1265 1262 1322 ut
1286 1253 1385 1342 pueri
1411 1252 1518 1321 etiam
1543 1274 1582 1319 ea
1603 1250 1738 1340 possint
1764 1255 1922 1347 assequi,
1948 1259 2032 1351 quia
2055 1273 2128 1330 tota
2155 1284 2211 1332 res

1220 1369 1381 1423 anatnra
1398 1353 1524 1426 oritur.
1575 1349 1715 1421 Deinde
1728 1356 2035 1446 multiplicationis
2058 1376 2092 1432 et
2115 1364 2212 1433 divi-

1219 1456 1332 1524 sionis
1348 1468 1532 1549 praecepta
1548 1455 1731 1548 aliquanto
1751 1455 1831 1546 plus
1852 1461 2041 1552 requirunt
2056 1465 2212 1557 diligen·

178 1555 264 1627 Plus
289 1561 403 1631 valeat
426 1564 521 1653 aputl
550 1586 614 1631 nos
638 1562 809 1632 autoritas
835 1587 915 1632 cnm
945 1561 1167 1631 doctissimo·
1221 1559 1308 1643 tiae,
1334 1560 1393 1627 sed
1421 1573 1541 1628 tamen
1568 1581 1691 1626 causae
1719 1557 1790 1627 cito
1811 1562 1961 1653 perspici
1986 1580 2134 1656 possunt
2163 1570 2209 1640 ab

175 1683 256 1729 rum
274 1654 481 1748 hominum,
507 1665 571 1758 qui
595 1659 681 1734 haec
702 1665 933 1735 deliramenta
953 1663 1168 1753 gravissimis
1218 1662 1371 1731 attentis.
1430 1657 1731 1731 Exercitationem
1758 1675 1792 1730 et
1822 1687 1924 1731 usum
1950 1668 2099 1760 requirit
2121 1664 2209 1740 haec

109 1752 114 1759 ’
174 1767 392 1852 argumentis
413 1769 662 1852 confutarunt,
695 1781 770 1838 tum
799 1791 882 1835 vero
915 1767 1020 1835 etiam
1043 1765 1164 1833 divina
1219 1786 1293 1846 ars,
1318 1777 1358 1833 ut
1373 1761 1464 1830 aliae
1481 1785 1614 1834 omnes.
1650 1758 1717 1831 Est
1733 1763 1829 1830 enim
1849 1766 2209 1862 verissimum,quod

175 1868 316 1936 oracula
341 1869 380 1937 iu
402 1869 510 1937 sacris
526 1869 658 1960 literis,
685 1893 705 1938 a
730 1869 861 1961 quibus
885 1867 1072 1936 dissentire
1094 1867 1164 1932 im·
1218 1864 1266 1932 ait
1290 1861 1533 1952 Anaxagoras,
1576 1888 1721 1932 manum
1743 1888 1815 1933 esse
1838 1891 1977 1937 causam
2004 1873 2210 1962 sapientiae,

175 1968 287 2058 pietas
309 1983 371 2043 est.
411 1967 500 2040 'Hae
523 1970 616 2039 clare
639 1984 833 2054 testantur,
862 1968 1001 2058 Solem,
1024 1966 1164 2037 Lunam
1218 1965 1418 2054 significans
1443 1964 1519 2033 sinc
1549 1965 1799 2035 exercitatione
1831 1981 1863 2038 et
1889 1971 2105 2060 experientia
2133 2000 2208 2045 non

177 2082 212 2140 et
236 2070 374 2164 reliqua
390 2073 515 2165 sydera
541 2095 615 2140 esse
631 2085 722 2141 certa
743 2085 777 2141 et
794 2070 970 2141 durabilia
994 2067 1059 2139 Dei
1081 2094 1166 2160 ope·
1217 2091 1318 2158 posse
1341 2080 1433 2136 artes
1456 2080 1549 2136 recte
1575 2068 1716 2158 percipi.
1768 2069 1908 2139 Deinde
1930 2072 2043 2145 sicubi
2068 2089 2119 2147 est
2141 2078 2209 2147 ali-

173 2195 235 2250 ra,
257 2185 288 2241 et
306 2175 444 2244 addunt
459 2197 576 2243 sacrae
592 2173 731 2257 literae,
755 2174 855 2243 cuius
869 2172 1032 2242 utilitatis
1049 2196 1164 2254 causa,
1216 2170 1301 2261 qnid
1321 2168 1558 2253 difficultatis,
1585 2164 1819 2242 memineritis
1833 2174 1970 2244 nnllam
1989 2200 2063 2249 esse
2080 2193 2207 2266 artem,

176 2274 313 2345 lumina
329 2276 490 2346 coelestia
509 2276 651 2346 condita
666 2276 752 2345 siut:
780 2288 885 2344 erunt
902 2275 1016 2363 signa,
1043 2288 1076 2344 et
1091 2275 1163 2344 dis·
1215 2295 1305 2364 qnae
1321 2265 1417 2339 nibil
1441 2267 1570 2341 habeat
1587 2273 1816 2350 difficultatis.
1867 2273 1915 2347 Et
1939 2282 2065 2351 erratis
2088 2283 2207 2373 prote-

175 2391 321 2446 cernent
336 2391 492 2469 tempora
508 2391 542 2448 ct
558 2402 683 2450 annos.
744 2375 840 2446 llaec
856 2377 1066 2468 descriptio,
1087 2377 1161 2461 ,etsi
1215 2387 1290 2458 cto,
1314 2374 1343 2442 si
1360 2374 1442 2466 styli
1459 2374 1663 2444 exercitium
1681 2379 1812 2465 putatis
1825 2378 1964 2450 facilius
1983 2406 2074 2466 esse,
2099 2409 2207 2479 quam

173 2480 317 2548 brevius
340 2492 410 2563 est,
442 2493 559 2549 tamen
588 2503 643 2549 res
665 2502 809 2568 magnas
833 2479 1097 2568 complectitur,
1129 2492 1164 2549 et
1214 2470 1298 2544 haec
1328 2476 1429 2546 initia
1452 2470 1720 2546 Arithmeticcs:
1774 2502 1839 2547 nec
1870 2476 2010 2552 scholae
2046 2500 2131 2557 sunt
2163 2510 2205 2558 eo

173 2579 422 2652 Astronumiae
437 2583 595 2652 studium
612 2585 797 2674 approbat.
848 2580 938 2650 Nam
954 2594 994 2652 ut
1010 2582 1163 2674 reliquas
1213 2579 1375 2647 conditae
1405 2593 1511 2671 atquc
1536 2578 1763 2663 constitutae,
1797 2593 1836 2650 ut
1858 2581 1995 2670 ignavis
2017 2587 2134 2658 ocium
2158 2589 2204 2657 ad

173 2697 289 2774 partes
303 2686 485 2772 omittam,
511 2686 540 2754 si
566 2684 628 2755 Sol
651 2685 731 2754 ideo
753 2684 918 2753 conditus
936 2699 1006 2774 est,
1031 2698 1070 2753 ut
1097 2708 1163 2752 an·
1213 2682 1445 2772 perfruendas
1477 2681 1615 2771 ineptas
1646 2680 1846 2772 voluptates
1881 2687 2114 2775 concedatur,
2143 2693 2204 2759 sed

172 2811 261 2855 num
286 2788 448 2859 conficiat
476 2800 510 2857 ct
534 2789 728 2876 gubernet,
754 2787 948 2855 necessaria
972 2801 1022 2856 est
1039 2789 1162 2855 obser·
1214 2783 1401 2876 requirunt
1412 2783 1549 2866 studia,
1574 2805 1695 2852 curam
1711 2797 1746 2854 et
1761 2808 1877 2855 acrem
1895 2788 2098 2860 animorum
2117 2814 2206 2861 con-

172 2890 268 2959 vatio
293 2913 416 2962 cursus
432 2888 544 2972 Solis;
582 2913 664 2957 nam
690 2889 766 2955 sine
781 2887 1029 2956 observatione
1044 2901 1162 2957 motus
1213 2885 1421 2958 tentionem.
1471 2882 1545 2954 Nec
1559 2909 1643 2953 vero
1661 2908 1750 2975 nego
1767 2889 1877 2956 multa
1897 2890 1942 2959 ab
1959 2886 2206 2963 Arithmeticis

170 2993 270 3062 nulla
295 3006 379 3062 sunt
398 3003 600 3079 temporum
618 3005 723 3080 atque
742 3011 919 3056 annorum
944 2988 1161 3061 discrimina.
1212 2988 1368 3080 quaesita
1393 3002 1427 3055 et
1450 2984 1695 3055 animadversa
1718 3011 1810 3073 esse,
1844 3015 1933 3082 quae
1955 2995 2082 3082 procul
2107 3018 2206 3065 recc-

171 3093 294 3182 Quare
315 3115 390 3160 non
413 3080 603 3159 obscurum
630 3104 680 3159 est
703 3103 736 3158 ct
760 3088 949 3181 approbari
974 3114 992 3156 a
1012 3089 1105 3171 Deo,
1128 3104 1160 3159 et
1213 3093 1303 3160 clunt
1319 3113 1337 3157 a
1354 3102 1457 3179 captu
1474 3087 1740 3178 imperitorum;
1761 3115 1844 3159 nam
1867 3107 1958 3162 artes
1981 3120 2104 3165 omnes
2127 3097 2204 3187 agi-

169 3193 324 3285 praecipi
344 3192 625 3262 observationem
643 3192 847 3260 coelestium
864 3203 1036 3262 motuum.
1088 3189 1161 3262 Nec
1211 3191 1344 3260 tatione
1366 3203 1539 3262 crescunt.
1591 3188 1661 3259 Sed
1685 3214 1750 3277 ego
1774 3193 1903 3287 loquor
1924 3197 1968 3265 de
1995 3193 2053 3267 bis
2078 3199 2203 3280 initiis,

170 3309 335 3385 putemus
350 3316 422 3363 esse
439 3295 533 3362 leves
550 3315 690 3378 causas,
715 3318 825 3386 quare
839 3317 904 3362 nos
919 3296 962 3362 ad
988 3288 1079 3363 hauc
1096 3295 1162 3363 do·
1211 3316 1302 3385 qnae
1327 3307 1361 3363 ct
1377 3291 1479 3362 vobis
1504 3291 1596 3361 tradi
1621 3292 1737 3364 solent
1757 3307 1793 3364 et
1816 3298 1859 3363 ad
1885 3322 1988 3368 usum
2010 3300 2203 3371 conferun-

170 3397 320 3465 ctrinam
350 3390 512 3467 hortetur
543 3395 648 3465 etiam
680 3395 802 3465 divina
827 3396 1008 3468 autoritas.
1067 3393 1157 3464 Nam
1211 3409 1279 3466 tur.
1334 3392 1453 3482 Quare
1470 3394 1707 3465 adolescentes
1721 3396 1891 3469 abiiclant
1906 3401 2114 3493 opinionem
2131 3404 2203 3472 dif-

168 3513 416 3591 praeterqnam
456 3499 553 3591 quod
592 3498 764 3568 utilitates
803 3520 949 3587 magnas
977 3497 1082 3575 affert
1114 3501 1156 3567 ad
1211 3496 1392 3580 licultatis,
1418 3497 1738 3586 etmagnoanimo
1756 3512 1788 3568 et
1803 3503 1956 3592 quadam
1973 3528 2053 3572 cum
2073 3525 2134 3596 spe
2156 3509 2202 3574 ad

168 3625 393 3672 communem
414 3600 542 3683 vitam,
569 3601 673 3669 ctiam
695 3613 815 3670 monet
837 3623 902 3669 nos
918 3594 977 3668 hic
992 3593 1156 3689 pulcher·
1211 3594 1302 3667 ltauc
1319 3612 1429 3668 artent
1452 3599 1656 3666 distendam
1680 3602 1865 3672 accedant:
1892 3607 1987 3696 quod
2012 3606 2039 3674 si
2061 3607 2202 3687 facient,

167 3705 279 3774 rimus
295 3705 385 3773 ordo
404 3715 585 3786 motuum,
612 3698 706 3770 hanc
720 3717 883 3771 naturam
906 3725 979 3769 non
1006 3700 1158 3771 extitisse
1210 3700 1339 3769 deinde
1355 3715 1387 3768 et
1403 3723 1522 3768 rernm
1540 3700 1694 3770 suavitas
1709 3702 1880 3773 detinebit
1893 3729 1972 3790 eos,
1998 3722 2032 3777 et
2046 3710 2202 3778 sentient

168 3831 270 3893 casu,
296 3808 356 3876 sed
380 3807 425 3873 ab
447 3818 589 3873 aeterna
608 3818 726 3872 mente
744 3816 857 3873 ortam
884 3826 956 3872 esse
980 3816 1013 3872 et
1029 3802 1156 3892 gnber—
1209 3802 1284 3891 ipsa
1315 3825 1434 3870 rernm
1464 3802 1553 3869 serie
1582 3802 1826 3872 dillicultatem
1861 3807 1987 3877 minui.
2041 3805 2201 3901 Exposui

168 3911 258 3982 nari.
319 3907 477 3977 Proinde
499 3906 601 3974 valde
622 3906 809 3976 confirmat
831 3905 868 3972 in
893 3906 1023 3974 animis
1045 3901 1158 3973 lione·
1209 3927 1298 3996 quae
1324 3903 1496 3972 utilitates
1521 3904 1707 3992 praecipue
1732 3908 1902 3992 petendae
1924 3909 1996 3978 sint
2014 3933 2054 3978 ex
2074 3905 2201 3982 Arith-

167 4027 237 4083 stas
257 4011 447 4102 opiniones
468 4011 513 4078 de
529 4005 605 4077 Deo
630 4021 664 4078 et
682 4011 726 4076 de
742 4007 978 4097 providentia.
1033 4003 1155 4098 ltaque
1210 4005 1356 4086 raetica,
1390 4002 1462 4069 dlxi
1486 4002 1592 4070 etiam
1617 4006 1661 4071 de
1686 4005 1864 4082 facultate.
1915 4007 2090 4103 Reliquae
2117 4029 2201 4086 sunt

169 4139 210 4182 cx
226 4108 454 4204 Philosophis
477 4110 545 4180 soli
564 4106 734 4201 Epicurei
756 4111 900 4179 fuerunt
916 4105 1045 4192 ἄθεοι,
1073 4108 1155 4201 quia
1209 4105 1299 4174 aliae
1320 4104 1508 4187 utilitates,
1540 4105 1600 4172 sed
1625 4105 1867 4189 obscuriores,
1901 4113 2097 4206 dequibus
2124 4140 2200 4187 non

168 4211 255 4284 haec
276 4216 428 4288 illustria
449 4215 494 4282 dc
517 4210 594 4282 Deo
617 4212 835 4294 testimonia,
872 4210 1054 4294 videlicet,
1080 4234 1156 4278 cer·
1209 4208 1320 4276 multa
1339 4207 1468 4276 dicam.
1522 4205 1759 4275 Verissimum
1778 4224 1845 4295 est,
1867 4221 2200 4290 caeterasartesfe·

167 4318 319 4387 tissimus
340 4331 501 4388 motuum
527 4315 635 4404 leges,
661 4327 695 4383 et
713 4314 911 4384 mirabilem
931 4307 1153 4381 harmoniam
1207 4310 1311 4380 cilius
1337 4308 1492 4399 percipi,
1528 4309 1669 4398 cognita
1704 4304 1950 4390 Aritltmetice.
2010 4315 2075 4388 Est
2100 4321 2198 4392 enim

167 4420 323 4512 aspicere
350 4421 554 4490 noluerunt.
607 4413 717 4487 Decet
745 4417 854 4507 igitur
885 4417 977 4486 bona
1013 4414 1154 4504 ingenia
1207 4407 1442 4482 Aritltmetlca
1466 4410 1561 4480 inter
1585 4412 1718 4502 primas
1740 4429 1850 4497 artes,
1878 4444 1969 4512 quae
1984 4423 2085 4493 docet
2102 4424 2199 4494 diiu-

166 4519 258 4592 lmuc
279 4516 564 4592 honestissimam
592 4519 791 4588 doctrinam
815 4542 953 4601 amare,
980 4530 1013 4587 et
1039 4528 1160 4610 quan·‘
1207 4516 1324 4583 dicare
1343 4538 1382 4583 ac
1399 4512 1611 4582 distribuere
1627 4540 1739 4584 untuu
1757 4532 1789 4586 ct
1810 4522 1940 4605 mtrlta3
1968 4527 2122 4594 ostendit
2138 4550 2200 4597 or-

164 4640 243 4698 tum
267 4625 343 4693 beri
366 4637 497 4717 potest,
524 4621 658 4714 aliquid
681 4645 809 4713 operae
831 4622 869 4690 iu
892 4633 1068 4690 tantarum
1098 4643 1155 4687 re·
1206 4620 1325 4686 dinem
1344 4640 1481 4695 rerucu,
1508 4631 1540 4684 et
1561 4631 1684 4686 monet
1704 4620 1848 4690 confusa
1866 4625 2062 4696 evolvenda
2076 4641 2109 4698 et
2124 4628 2199 4698 dis-

164 4751 246 4799 rum
273 4727 543 4822 inquisitionem
577 4722 762 4796 collocare.
820 4721 874 4794 Ac
907 4720 1010 4791 facile
1041 4721 1152 4791 multa
1206 4723 1379 4790 cernenda
1409 4740 1494 4786 esse.
1554 4713 1651 4786 Haec
1677 4734 1760 4789 sunt
1784 4721 1886 4793 initia
1914 4728 2199 4800 ratiocinationis

164 4831 360 4923 percipient
392 4825 449 4915 hi,
496 4826 561 4921 qui
590 4825 816 4896 mediocriter
849 4824 887 4895 in
920 4819 1153 4894 Arithmetica
1206 4822 1243 4890 in
1263 4819 1481 4892 bominibus.
1535 4815 1619 4887 ldeo
1634 4820 1748 4910 prima
1765 4839 1816 4894 cst
1834 4850 2066 4899 numerorum
2091 4832 2200 4904 intel·
2268 4828 2272 4833 ²

164 4934 339 5007 exercitati
356 4946 450 5004 sunt.
1205 4922 1370 5014 ligantia,
1398 4922 1506 5016 ithue
1520 4922 1669 4991 sensisse
1685 4925 1815 5014 opinor
1829 4922 2090 5024 Pythagoram,
2117 4960 2196 5004 cum

267 5035 392 5110 Redeo
414 5034 525 5125 igitur
545 5034 590 5104 ad
607 5023 887 5107 Aritlrmeticen‚
913 5027 1082 5120 quoniam
1109 5028 1154 5095 de
1205 5025 1376 5108 definivit,
1397 5038 1552 5094 mentem
1563 5046 1636 5093 esse
1647 5049 1852 5116 numerum3
1880 5031 2196 5122 significavitenim

164 5161 203 5207 ea
219 5140 409 5230 praecipue
430 5136 547 5206 dicere
569 5154 766 5227 coeperam.
816 5128 1010 5222 Postquam
1034 5142 1151 5199 autem
1205 5128 1360 5199 animam
1384 5150 1459 5196 esse
1480 5126 1799 5221 ratiocinatricem,
1825 5157 1915 5226 quae
1936 5137 2108 5209 discernit
2129 5163 2197 5222 res,

142 5241 333 5313 ,utilitates
365 5237 660 5322 commemoravi,
706 5255 797 5328 quae
824 5231 970 5326 quidem
1003 5231 1153 5301 minime
1206 5247 1239 5303 et
1257 5229 1421 5300 ordinem
1441 5229 1702 5301 animadvertit.
1735 5229 1832 5303 Haec
1845 5251 1928 5307 sunt
1943 5239 2094 5310 maxime
2112 5264 2196 5332 pro·

162 5358 245 5413 tunt
270 5345 458 5425 obscurae,
484 5340 640 5410 breviter
663 5337 799 5431 aliquid
816 5333 1057 5405 adiiciendum
1083 5358 1151 5427 pu·
1204 5334 1282 5427 pria
1309 5331 1441 5416 menti,
1480 5344 1515 5401 et
1545 5347 1627 5402 sunt
1657 5333 1790 5424 primae
1824 5341 1954 5411 mentis
1987 5342 2196 5412 functiones.

161 5447 235 5515 tavi
253 5449 297 5516 de
319 5445 498 5516 facilitate.
550 5439 633 5514 Scio
655 5437 826 5522 deterreri
844 5435 1083 5509 adolescentes
1107 5436 1154 5507 ab
1204 5436 1325 5527 Quare
1341 5447 1423 5527 apte
1438 5432 1619 5522 delinivit,
1644 5450 1800 5510 mentem
1818 5463 2112 5524 esseuumerum,
2138 5445 2197 5514 vi-

207 5553 388 5620 lllrutnru.
413 5551 520 5620 Orrrt.
544 5537 629 5617 Vox..
658 5545 724 5614 xl.
1534 5533 1582 5607 19

295 1309 368 1391 Quo
385 1316 469 1376 cibus
486 1328 574 1377 vocat
589 1329 677 1400 etque
696 1320 805 1376 inritet
822 1330 943 1375 euntem

248 1410 398 1477 Flammea
415 1440 469 1499 per
485 1423 604 1479 coelum
617 1433 786 1500 pascentem
802 1439 928 1508 corpore
944 1421 1064 1498 possim.
