4732 6030
801 305 961 390 DECL.
1012 304 1088 388 DE
1117 302 1342 386 toartttlt
1372 306 1528 389 DUCD
1560 308 1682 393 SAX.
2180 326 2258 406 224

335 489 468 567 Extant
483 494 521 563 in
536 485 728 584 praeceptis
740 485 895 580 politicis
909 485 1043 557 multae
1054 484 1220 575 gravissi·
1267 483 1476 578 amplissimi
1499 485 1638 559 ordinis
1664 487 1825 559 oratione
1853 488 1987 584 levem,
2018 493 2082 587 qni
2104 498 2262 571 acerbis·

233 621 312 670 mae
336 595 545 677 sententiae,
570 613 661 685 qnae
682 584 875 682 probibent
897 610 970 657 non
989 587 1217 656 necessariam
1267 586 1355 656 sime
1370 588 1492 677 lugent
1504 587 1687 660 interitum
1700 587 1890 684 Principis,
1913 607 2110 689 etpropter
2123 613 2261 688 gratam

233 702 350 791 legum
365 694 608 766 mutationem.
649 689 721 764 Sed
734 690 880 761 recitare
899 690 1001 781 plura
1018 688 1218 760 testimonia
1268 689 1475 758 memoriam
1496 689 1639 762 virtutis
1667 703 1701 761 et
1729 693 1900 766 bonitatis
1924 696 2018 783 eius,
2048 712 2085 769 ct
2112 715 2261 795 propter

234 803 380 889 longum
397 807 503 879 esset,
522 806 661 866 tantum
678 792 960 863 commemorabo
973 814 1085 861 unum
1102 792 1220 883 quod·
1267 787 1422 882 Reipub.
1441 789 1616 881 pericula,
1641 815 1730 899 quae
1752 789 1820 865 hoc
1841 797 2011 895 extincto,
2036 800 2099 894 qui
2119 824 2280 899 semper·

233 905 314 973 dam
338 898 553 990 exemplum,
582 897 677 989 quod
701 907 793 964 extat
812 893 907 984 apud
930 887 1217 963 Demosthenem.
1268 892 1364 982 pacis
1378 891 1582 978 autorfuit,
1606 893 1811 987 impendent
1834 898 2006 988 plurima3
2040 903 2140 975 nulla
2163 906 2259 976 enim

231 1000 356 1073 Locris
378 1000 426 1070 ait
454 999 564 1089 legem
591 997 717 1081 fuisse,
751 1019 797 1065 ne
817 1006 878 1063 aut
902 1007 1102 1085 praesentes
1126 994 1219 1083 leges
1268 992 1382 1063 oratio
1404 991 1563 1079 ‚inveniri
1585 1007 1647 1064 aut
1667 1019 1732 1086 par
1752 1000 1990 1089 magnitudini
2006 1004 2142 1074 doloris
2160 1007 2263 1077 istius

233 1104 506 1195 abrogarentur,
540 1113 599 1169 aut
631 1122 745 1167 novae
770 1099 964 1180 ferrentur3
996 1096 1057 1165 sed
1081 1094 1112 1163 si
1140 1094 1219 1188 quis
1270 1105 1398 1184 potest,
1423 1095 1742 1188 autquaeanimos
1759 1114 1888 1170 alanta
1905 1105 2079 1176 moestitia
2098 1107 2264 1179 videatur

176 1202 187 1212 '
229 1219 321 1276 esset
340 1217 400 1273 aut
416 1204 647 1291 abrogatums
662 1200 827 1292 aliquam,
851 1213 912 1267 aut
929 1219 1057 1268 novam
1074 1197 1221 1279 laturus,
1268 1208 1495 1280 revocatura,
1527 1219 1597 1288 qua
1614 1197 1756 1290 quidem
1781 1223 1844 1290 rgo
1868 1227 2010 1298 quoque
2033 1230 2123 1298 pene
2141 1209 2263 1279 exani-

231 1318 446 1398 proponeret
467 1318 565 1373 suam
587 1303 798 1372 sententiam
822 1299 981 1390 publice,
1012 1311 1109 1368 stans
1126 1297 1219 1366 collo
1269 1320 1358 1376 mor.
1410 1294 1480 1366 Sed
1503 1296 1674 1390 quoniam
1695 1301 1738 1368 ad
1764 1305 1935 1393 populum
1960 1307 2073 1377 oratio
2095 1303 2263 1401 babetur,

231 1410 365 1479 inserto
390 1407 427 1474 in
454 1406 644 1499 laqueum,
670 1416 712 1473 ut
731 1401 762 1472 si
789 1401 844 1469 lex
868 1399 1053 1491 placuisset
1075 1399 1221 1491 populo,
1270 1398 1614 1469 commonefacienda
1638 1400 1743 1470 nobis
1758 1418 1815 1474 est
1835 1405 2044 1493 multitudo,
2070 1425 2110 1480 ut
2126 1435 2264 1483 memo-

232 1510 472 1582 dimitteretur
494 1520 598 1576 autor
618 1507 732 1574 laxato
750 1504 893 1594 laqueo:
928 1500 984 1572 sin
1006 1514 1122 1570 autem
1146 1500 1221 1569 dis-
1269 1501 1359 1568 riam
1385 1499 1527 1569 virtutis
1558 1523 1599 1568 ac
1630 1502 1887 1576 beneficiorum
1913 1509 2056 1580 extincti
2084 1510 2263 1605 Principis

231 1611 430 1703 plicuisset,
469 1610 595 1701 laqueo
625 1606 814 1677 constricto
838 1628 920 1673 mox
942 1602 1222 1691 strangularetur
1271 1613 1470 1685 conservet,
1501 1624 1611 1693 eaque
1634 1602 1674 1671 in
1695 1626 1734 1672 re
1755 1605 1920 1696 pietatem
1943 1624 1976 1679 et
1998 1615 2262 1701 gratitudinem,

232 1727 346 1785 autor.
409 1705 509 1781 Nihil
531 1722 583 1777 est
608 1706 777 1779 incertius
796 1704 920 1796 populi
949 1704 1110 1782 iudiciis,
1139 1702 1220 1770 ideo
1269 1725 1376 1795 quam
1395 1697 1493 1771 Deus
1514 1702 1697 1795 praecipue
1723 1706 1823 1780 iubet
1851 1712 1999 1781 reddere
2023 1713 2260 1807 Principibus,

231 1816 336 1886 annis
348 1812 530 1896 ducentis,
556 1833 660 1879 nemo
677 1819 847 1878 ausnsest
866 1804 986 1874 subire
1000 1799 1106 1872 huius
1124 1804 1221 1872 iudi·
1270 1817 1429 1894 praestet.
1483 1801 1584 1890 Quae
1605 1805 1701 1873 enim
1725 1807 1963 1897 ingratitudo,
1988 1839 2077 1908 quae
2098 1817 2259 1907 impietas

233 1918 279 1988 cii
306 1915 523 2009 periculum,
560 1935 625 1980 nec
649 1910 725 1979 ulla
749 1931 841 1975 110v³
867 1908 923 1975 lex
950 1905 1128 1997 proposita
1156 1918 1220 1981 est,
1270 1904 1340 1972 dici
1359 1903 1472 1972 maior
1485 1905 1614 1994 possit,
1639 1931 1744 1999 quam
1761 1911 1842 1978 talis
1859 1913 1928 1981 viri
1944 1915 2090 1987 interitu
2106 1942 2179 1988 non
2195 1921 2259 1988 ad-

230 2032 501 2113 praeterunam:
528 2012 694 2086 Utambo
710 2009 804 2080 oculi
820 2006 1059 2077 effoderentur
1074 2005 1143 2091 isti,
1159 2005 1221 2098 qui
1270 2003 1353 2073 lici?
1386 2003 1486 2074 cuius
1508 2018 1627 2077 extant
1646 2008 1685 2075 in
1705 2011 1909 2082 universam
1924 2013 2053 2110 Remp.
2070 2019 2181 2089 multa
2203 2021 2261 2089 iu·

231 2119 388 2192 unoculo
416 2116 594 2187 effodisset
624 2136 738 2183 unum
761 2110 865 2179 illum
887 2109 1043 2182 oculum.
1095 2106 1221 2176 Videte
1271 2106 1387 2194 gentia
1412 2107 1598 2193 beneficia,
1633 2133 1704 2202 quo
1731 2113 1879 2200 amisso,
1910 2141 2000 2210 quae
2029 2134 2264 2211 tempestates,

224 322 304 402 22³

109 2206 112 2217 ’
233 2234 367 2316 quanta
406 2219 591 2288 severitate
631 2227 767 2284 veteres
811 2211 1058 2300 legumlatores
1098 2232 1221 2279 cavere
1271 2231 1361 2300 quae
1381 2208 1596 2279 mutationes
1615 2234 1736 2281 rerum
1757 2211 2160 2306 impendeant„horret
2183 2223 2263 2292 ani·

231 2320 434 2394 temerarias
452 2320 567 2408 legum
583 2315 798 2386 mutationes
812 2313 1014 2384 voluerunt.
1059 2309 1222 2381 Providit
1271 2332 1350 2378 mus
1387 2309 1516 2380 dicere.
1587 2309 1709 2405 ltaque
1757 2330 1797 2387 ut
1841 2320 2046 2392 memoriam
2087 2324 2262 2395 virtutum

234 2427 329 2495 idem
346 2422 472 2491 callide
485 2419 686 2515 Lycurgus,
711 2416 773 2509 qni
787 2437 867 2483 cum
882 2429 1071 2502 exponeret
1085 2413 1222 2481 civibus
1271 2435 1311 2478 ac
1351 2410 1560 2481 meritorum
1595 2414 1670 2483 eius
1703 2438 1966 2506 conservemus,
2009 2427 2182 2516 quaedam
2221 2451 2264 2495 ex

233 2549 275 2598 se
292 2524 535 2596 consulturum
559 2518 744 2589 oraculum
762 2517 806 2585 de
824 2515 962 2602 legibus
977 2513 1221 2604 promulgatis,
1272 2510 1382 2600 ipsius
1406 2506 1555 2582 historia
1576 2528 1732 2605 repetam
1756 2519 1929 2607 breviter,
1962 2525 2139 2615 impedior
2165 2528 2259 2596 enim

233 2653 273 2699 ac
290 2638 421 2718 peteret
437 2638 477 2695 ut
492 2622 739 2692 iusiurandum
755 2618 899 2701 darent,
924 2638 960 2683 se
976 2616 1117 2685 interim
1136 2618 1221 2684 dum
1271 2613 1395 2681 dolore
1429 2627 1463 2683 et
1494 2608 1704 2708 lachrymis,
1737 2644 1808 2712 quo
1835 2623 1954 2691 minus
1986 2629 2116 2714 possim
2149 2629 2262 2697 multa

234 2731 386 2812 abesset,
422 2726 761 2794 nonimmutaturos
782 2740 855 2787 esse
876 2717 978 2805 leges.
1030 2716 1222 2789 Discedens
1272 2714 1399 2786 dicere.
1456 2710 1558 2783 Nibil
1591 2713 1650 2786 bic
1682 2721 1887 2809 degeneris
1914 2726 2098 2797 nobilitate
2125 2729 2260 2808 dicam,

233 2830 363 2922 igitur,
395 2837 546 2896 nonest
571 2845 750 2901 reversus,
783 2831 826 2891 ut
853 2833 1023 2911 perpetuo
1049 2820 1222 2905 obligatos
1272 2838 1341 2908 qua
1374 2813 1548 2887 Saxoniae
1580 2814 1701 2890 Duces
1732 2824 1931 2894 abundant:
1969 2822 2063 2896 nibil
2095 2829 2138 2898 de
2171 2831 2262 2898 ado-

232 2933 406 3021 religione
420 2923 608 2997 iuramenti
624 2935 768 2995 teneret.
821 2919 873 2991 lta
889 2923 1108 2991 duraverunt
1130 2921 1223 3007 leges
1272 2917 1457 2988 lescentiae
1488 2920 1634 3005 studiis,
1670 2946 1874 3017 quanquam
1909 2921 1995 2997 haec
2027 2929 2067 2997 in
2096 2930 2163 3002 ino
2195 2924 2263 3000 ha.

234 3035 319 3103 illae
349 3050 463 3101 annos
485 3026 707 3121 quingentos.
757 3021 855 3093 Haec
883 3037 988 3116 atque
1011 3024 1080 3092 alia
1110 3021 1222 3090 multa

236 3159 257 3205 a
280 3134 393 3202 doctis
416 3143 683 3222 proponuntur,
716 3150 763 3195 ne
785 3127 862 3195 iura
887 3148 971 3193 vero
994 3124 1144 3195 consilio
1166 3147 1224 3191 re·

236 3248 355 3328 cepta,
387 3246 515 3300 temere
540 3242 732 3300 mutentur.
792 3224 984 3317 Praecipue
1008 3252 1091 3297 vero
1115 3222 1223 3296 Chri-

235 3338 369 3410 stianos
391 3335 489 3402 decet
513 3353 655 3407 cavere,
683 3351 758 3396 non
783 3327 993 3397 necessarias
1013 3327 1222 3418 disputatio·

235 3461 316 3524 nes,
340 3459 420 3506 cum
436 3445 578 3526 propter
591 3429 706 3501 Deum
722 3428 859 3518 legibus
875 3441 910 3498 et
922 3431 1106 3499 universae
1131 3428 1223 3517 poli-

236 3542 306 3613 tiae
328 3535 561 3608 rererentiam
582 3533 746 3604 debeant.
796 3527 870 3599 Nec
892 3530 1061 3610 dubium,
1087 3529 1176 3623 quin
1193 3527 1223 3597 si

237 3642 459 3714 amitteretur
482 3632 569 3706 haer
600 3634 736 3704 erudita
763 3631 852 3703 iuris
874 3633 1057 3717 doctriua,
1094 3651 1222 3719 magna

237 3741 397 3815 conlusio
424 3752 460 3809 et
482 3736 658 3807 barbaries
678 3736 714 3802 in
740 3733 882 3803 iudiciis
903 3746 939 3803 et
955 3734 1113 3803 moribus
1126 3757 1224 3802 sccu-

238 3860 317 3919 tura
332 3855 439 3925 essct,
461 3864 568 3934 quam
583 3831 827 3929 ut'probibeat
839 3832 953 3922 Deus,
978 3837 1041 3931 qui
1055 3851 1108 3907 est
1122 3849 1224 3905 autor

236 3947 325 4023 boni
341 3957 451 4018 status
465 3940 625 4035 politici,
645 3953 741 4034 opto.
793 3935 889 4008 Dixi.

239 4143 1225 4180 *aa-W

1061 4326 1110 4367 err.
1133 4305 1226 4368 1532.

1047 4392 1222 4420 Μ

256 4307 324 4381 No.
338 4303 400 4376 29.

244 4401 417 4435 w

437 4504 513 4590 De
542 4499 717 4585 [nonne
748 4497 879 4583 Duce
908 4495 1027 4585 Sox.

309 4683 390 4755 Apud
409 4681 485 4735 Crat.
504 4674 576 4802 biryl.
593 4693 621 4745 p.
632 4675 684 4728 45⁵
697 4694 774 4746 sqq,
799 4673 828 4727 in
843 4673 994 4755 Deolsmrt.
1013 4671 1046 4724 T.
1061 4670 1096 4725 ll.
1108 4689 1138 4740 p.
1150 4671 1227 4742 599„

344 4754 372 4808 in
386 4753 503 4808 Scrrsst.
540 4784 549 4802 .
564 4745 599 4801 li.
611 4764 638 4818 p.
648 4744 707 4797 589.
719 4755 746 4798 ct
759 4740 969 4814 apudllrcbard.
982 4740 1015 4797 Τ.
1024 4741 1059 4795 ll.
1072 4757 1100 4812 p.
1113 4742 1175 4795 674.

265 4920 392 4990 Oratio
417 4906 594 5007 funebris
615 4909 658 4977 in
679 4912 839 4976 mortem
864 4905 1059 4974 loannis
1079 4903 1202 4973 Ducis

514 5014 724 5097 saxoniae,
756 5004 852 5079 Phil.
869 5004 962 5077 Met.

239 5149 444 5261 Postquam
471 5159 632 5249 Principi
657 5157 790 5247 optime
817 5158 863 5227 de
892 5155 1057 5225 universa
1083 5149 1225 5246 Repub.

1272 3019 1358 3087 bent
1383 3019 1545 3087 eximiam
1570 3022 1709 3091 landem
1736 3019 1930 3097 modestiae
1949 3041 2053 3122 atque
2074 3032 2263 3101 continen-

1272 3120 1360 3204 tiae,
1386 3116 1478 3215 nibil
1501 3122 1616 3191 dicam
1639 3123 1683 3191 de
1707 3127 1846 3220 reliquo
1866 3129 1958 3200 vitae
1976 3155 2097 3216 cursu,
2123 3145 2262 3204 tantum

1272 3222 1363 3289 illud
1383 3234 1521 3311 tempus
1542 3223 1730 3312 attingam,
1755 3251 1826 3320 quo
1851 3229 1940 3300 rexit
1964 3227 2059 3300 hunc
2075 3231 2264 3317 Ducatum,

1271 3324 1379 3391 fratre
1400 3322 1582 3393 Friderico
1608 3322 1812 3396 Clarissimo
1835 3324 2003 3422 Principe
2032 3347 2191 3422 mortuo;
2225 3337 2264 3405 id

1273 3424 1368 3492 enim
1387 3423 1600 3515 multiplices
1618 3420 1744 3496 habuit
1760 3451 1879 3514 casus,
1901 3430 2088 3525 inquibus
2110 3438 2262 3529 perspici

1271 3522 1382 3597 Ducis
1398 3523 1541 3594 loannis
1557 3525 1667 3617 pietas
1689 3551 1768 3619 erga
1784 3528 1919 3618 Deum,
1943 3537 2154 3622 constantia,
2183 3563 2262 3607 mo-

1272 3627 1422 3711 deratio,
1448 3627 1605 3697 studium
1622 3629 1729 3720 pacis,
1756 3644 1789 3701 et
1804 3624 1960 3704 cacierae
1974 3635 2119 3707 virtutes
2133 3637 2261 3728 dignae

1273 3731 1369 3799 bono
1386 3725 1554 3819 Principe
1577 3746 1735 3820 possunt.
1785 3730 1838 3802 Ac
1857 3736 2012 3827 primum
2035 3737 2145 3822 illud,
2169 3762 2264 3834 quac

1271 3824 1461 3920 trophaea,
1488 3853 1575 3921 quas
1597 3832 1848 3920 gratulationes
1868 3853 2040 3924 meretur,
2065 3842 2161 3933 quod
2185 3855 2265 3912 tur-

1273 3930 1519 4003 bulentissimo
1546 3944 1704 4023 tempore
1725 3936 1916 4026 praestitit,
1948 3952 1987 4009 ut
2009 3934 2075 4010 hae
2102 3943 2265 4033 regiones

1274 4044 1389 4105 essent
1402 4033 1617 4125 tranquillae
1632 4048 1667 4105 et
1689 4050 1848 4128 pacatae,
1874 4064 1952 4108 cum
1970 4041 2113 4135 quidem
2136 4068 2266 4139 perpe-

1273 4151 1336 4208 tuo
1364 4135 1577 4205 molirentur
1603 4159 1677 4206 non
1705 4138 1806 4229 pauci
1828 4140 1962 4210 bellum
1982 4144 2169 4229 adversum
2188 4170 2268 4237 nos,

1275 4235 1405 4308 horum
1429 4250 1575 4307 conatus
1607 4239 1762 4327 profecto
1784 4240 1956 4312 divinitus
1988 4248 2138 4337 repressi
2166 4264 2264 4324 sunt.

1276 4339 1345 4410 Sed
1358 4353 1478 4410 tamen
1493 4338 1530 4406 id
1546 4363 1688 4433 quoque
1701 4339 1878 4433 Principis
1893 4345 2047 4416 officium
2063 4365 2130 4434 est,
2155 4375 2266 4444 quem
2303 4374 2307 4381 ·

1274 4439 1371 4510 Deus
1393 4439 1568 4532 propitius
1591 4442 1688 4516 texit.
1737 4440 1876 4513 Deinde
1898 4448 2007 4516 multa
2033 4449 2071 4517 in
2100 4447 2156 4521 his
2179 4454 2267 4543 ipsis

1276 4544 1381 4610 rebus
1403 4542 1591 4611 valuerunt
1614 4543 1689 4611 eius
1711 4546 1897 4631 autoritas,
1930 4553 2145 4634 moderatio,
2180 4553 2269 4623 dili·

1277 4643 1409 4731 gentia,
1441 4665 1531 4734 quac
1555 4656 1776 4716 extorserunt
1797 4648 1983 4741 aliquoties
2004 4676 2101 4723 arma
2124 4658 2168 4724 de
2189 4682 2268 4726 mtr-

1278 4743 1382 4811 nibus
1396 4743 1621 4834 quorundam
1637 4747 1865 4836 cupidorum,
1892 4747 1984 4819 nihil
2001 4755 2095 4823 enim
2111 4759 2269 4831 atrocius

1278 4847 1403 4915 dicam.
1455 4839 1501 4910 Et
1518 4866 1623 4934 quam
1648 4847 1718 4916 late
1741 4863 1856 4940 pateat
1873 4845 1940 4921 boc
1960 4854 2189 4945 beneficium,
2212 4861 2270 4930 fa·

1277 4946 1342 5014 cile
1359 4943 1507 5012 iudicari
1524 4957 1655 5034 potest,
1680 4950 1762 5042 qnia
1783 4973 1823 5019 ea
1841 4976 1942 5022 causa
1960 4979 2067 5048 quam
2088 4962 2270 5051 tuebatur,

1278 5071 1351 5116 nou
1371 5048 1413 5115 ad
1439 5046 1717 5141 unamaliquam
1741 5065 1897 5139 gentem,
1924 5059 1983 5124 sed
2001 5060 2045 5126 ad
2062 5062 2267 5134 universam

1278 5146 1506 5218 Germaniam
1533 5151 1695 5237 pertinet.
1746 5151 1785 5222 Si
1801 5155 1895 5246 quod
1917 5159 2097 5230 exarsisset
2121 5164 2271 5253 bellum,

237 5271 367 5342 merito
381 5264 449 5337 hoe
464 5277 679 5355 postremum
697 5282 736 5327 ac
749 5259 907 5328 debitum
922 5255 1077 5327 officium
1092 5254 1229 5345 persol-
1277 5244 1371 5318 haud
1394 5250 1502 5351 drrbie
1524 5252 1683 5320 futurum
1710 5267 1802 5338 erat,
1828 5270 1868 5325 ut
1890 5258 2172 5334 inflammaretur
2192 5281 2269 5338 tota

237 5375 394 5443 rendum
426 5367 512 5449 luit,
539 5375 584 5432 ut
612 5355 718 5449 Reip.
743 5372 1025 5449 parentaremus,
1060 5379 1136 5423 non
1159 5350 1227 5425 hoc
1278 5349 1485 5424 Germania.
1546 5349 1667 5444 ltaque
1697 5354 1783 5421 dum
1817 5380 1936 5448 pacem
1972 5363 2070 5430 domi
2101 5368 2271 5454 retinuit,

239 5470 328 5542 mihi
345 5496 466 5560 sumn,
493 5479 532 5537 nt
547 5485 721 5533 summam
738 5460 956 5544 moesticiam
971 5470 1170 5552 procerum,
1193 5468 1228 5526 et
1277 5455 1469 5545 praestitit,
1500 5466 1539 5522 ut
1564 5453 1738 5544 plurimae
1758 5457 1846 5527 aliae
1869 5463 2031 5533 nationes
2052 5471 2269 5563 tranquillae
