4732 6030
171 304 271 383 soor
680 289 839 370 unca.
878 289 953 367 nn
985 288 1287 369 carmena
1318 287 1674 371 rnoaennsa.
2093 301 2196 377 1003
2285 320 2288 324 -

157 481 198 549 in
215 476 315 549 ltalia
337 471 482 565 privatis
500 467 645 551 audite,
670 464 855 536 sententiis
870 464 1150 557 etscriptiseum
1204 461 1307 536 lubet
1322 463 1429 553 igitur
1444 465 1823 561 scribereCapnionem
1839 470 1923 563 qnid
1942 470 2083 545 sentiat.
2125 470 2200 543 Hic

157 580 409 657 defenderent,
434 597 510 641 non
529 572 606 638 leve
628 569 751 639 odium
777 569 945 637 adversus
960 563 1152 636 monachos
1203 566 1243 634 in
1268 564 1330 635 illo
1348 590 1412 635 suo
1429 562 1572 638 hortulo
1589 567 1813 660 Stutgardiae
1828 571 1988 656 latitans,
2015 596 2063 641 ne
2081 576 2199 666 suspi-

159 702 343 752 aecensum
371 689 441 753 est,
475 673 572 765 quod
601 682 719 761 postea
749 670 854 738 etiam
882 664 1050 737 nonnihil
1074 691 1154 735 mo·
1205 667 1278 735 rari
1301 668 1444 761 quidem
1467 671 1600 759 potuit,
1634 674 1814 764 quomodo
1837 667 1924 742 haee
1947 696 2003 741 res
2024 674 2199 766 instructa

158 781 271 861 menti
293 777 433 856 attulit,
455 788 496 844 ut
514 773 652 842 avidius
667 771 910 860 exciperentur
924 769 1052 860 scripta
1067 791 1153 836 eun·
1205 781 1306 843 esset.
1356 765 1404 837 Et
1427 782 1543 841 tamen
1565 785 1724 842 metuens
1740 767 1900 862 linguae,
1924 775 2070 846 nolebat
2085 777 2199 847 libros

159 896 214 952 tra
235 877 525 971 superstitiones,
551 896 641 968 quae
663 873 766 942 nervi
788 872 933 942 fuerunt
954 871 1054 960 regni
1076 892 1154 938 ιιιο-
1206 869 1452 960 grammatieos
1481 885 1515 941 et
1537 874 1692 943 medicos
1716 876 1873 945 interire.
1935 873 2068 946 Scribit
2085 875 2197 966 igitur

159 983 298 1055 nastici.
1206 971 1416 1040 sententiam
1454 971 1558 1060 louge
1597 975 1784 1048 mitiorem.
1857 974 2037 1047 Discernit
2075 979 2195 1054 libros.

1206 1070 1345 1163 Scripta
1365 1072 1577 1143 nominatim
1593 1090 1715 1146 eontra
1730 1071 1913 1147 Christum
1929 1079 2028 1149 iuhet
2043 1079 2199 1160 abolere,

1207 1196 1317 1265 eaque
1338 1176 1411 1241 suis
1431 1174 1544 1244 titulis
1563 1178 1734 1249 nominat.
1785 1176 2044 1250 Grammaticos
2065 1204 2151 1250 vero
2165 1198 2201 1252 et

1208 1275 1358 1344 aliarum
1389 1270 1615 1345 honestarum
1645 1279 1773 1348 artium
1800 1280 1912 1350 libros
1930 1282 2031 1351 iubet
2056 1307 2202 1353 conser-

1208 1398 1312 1458 vare,
1345 1398 1389 1443 ne
1411 1375 1533 1465 lingua
1555 1381 1748 1450 necessaria
1768 1376 1945 1450 Ecclesiae
1970 1383 2113 1471 penitus
2138 1387 2202 1453 de·

165 1533 368 1628 Stephanus
383 1547 417 1603 et
433 1530 495 1602 alii
512 1531 616 1600 multi
634 1530 808 1600 interlecti
825 1543 920 1602 sunt.
948 1526 1018 1599 Nee
1029 1530 1157 1598 desunt
1207 1477 1331 1544 leam*
1373 1473 1502 1547 ceum
1518 1479 1727 1550 “udum''
1743 1479 2203 1570 ¹¹¹¹g¹¹³³dhlb²¹¹d⁰⁸e⁸⁸²o

165 1639 296 1707 similia
326 1634 483 1725 exempla
508 1633 545 1699 in
567 1631 664 1700 civili
683 1630 956 1720 gubernatione,
991 1642 1032 1700 ut
1054 1628 1157 1700 Pala·
1208 1575 1306 1697 1¹³.oe
1322 1578 1754 1700 ⁸⁰⁰¹i¹¹iiapeq⁰i⁰fi⁰m
1770 1580 1977 1703 Imperamfi
1991 1586 2102 1675 ’ΜΨ
2116 1589 2201 1679 9¹³·

165 1739 298 1816 medis,
327 1734 501 1811 Socratis,
527 1725 722 1801 Phocionis
743 1732 917 1803 interitus.
970 1729 1018 1801 Et
1038 1744 1156 1800 tamen
1210 1693 1355 1758 ‘um’
1387 1677 1472 1748 hhn
1498 1704 1538 1750 ¹¹¹
1565 1704 1700 1751 mmm
1721 1680 2061 1754 ffl⁰⁰⁰f⁰fd¹²¹¹³¹¹¹
2082 1701 2202 1757 “³ssss-

231 1839 240 1856 .
575 1834 584 1850 .
883 1830 899 1854 ..
1003 1827 1010 1855 ι
1123 1834 1140 1852 .
1210 1779 1295 1863 lati,
1323 1777 1461 1849 ludaeis
1484 1782 1920 1876 restituuntur,jet'·elusa
1942 1787 2199 1859 fraudedisce-

166 1853 297 1908 ventas
317 1848 436 1927 postea
457 1845 620 1921 emergat,
645 1846 686 1903 ut
700 1835 846 1902 drcrtur:
874 1858 955 1932 ayss
970 1829 1009 1904 tle
1027 1830 1062 1912 ἐς
1077 1856 1159 1928 puae
1210 1882 1263 1950 dit
1276 1880 1485 1975 inquisitor,
1510 1896 1551 1953 ut
1566 1874 1692 1954 comis
1707 1881 1821 1955 him·
1850 1912 1854 1921 .

166 1935 237 2031 τὴν
260 1929 441 2030 ἀλήθειαν
460 1927 613 2029 χρόνος,
649 1958 751 2025 saepe
772 1949 890 2005 autem
912 1930 1158 2031 sycophantae

169 2040 271 2135 quasi
296 2038 412 2121 venti,
437 2059 580 2125 magnas
602 2036 640 2103 in
662 2034 804 2126 Repub.
823 2050 1045 2127 tempestates
1065 2033 1159 2104 erci—
1312 2080 1417 2152 Tunc
1450 2098 1569 2154 amem
1597 2081 1773 2158 monacho
1801 2087 1907 2157 furiis
1928 2105 2103 2163 mmm
2124 2107 2201 2164 mo

165 2154 268 2260 Ψ»,
287 2150 517 2255 ‘luaej'ffim
544 2138 761 2255 “ustaiknei
778 2151 813 2206 εἰ
835 2137 1079 2258 ὥῗωξω
1101 2159 1160 2204 ¹¹¹
1209 2186 1293 2254 selle
1314 2185 1430 2254 dolor.
1482 2183 1589 2256 Lecto
1615 2188 1724 2276 igitur
1743 2185 1940 2281 Capuionis
1962 2194 2111 2285 scripto,
2145 2220 2202 2265 ea-

168 2242 286 2313 5¹¹¹¹³⁵
307 2240 476 2309 ‘mcum‘
528 2236 582 2307 De
601 2233 658 2308 h¹⁸
677 2238 781 2305 '⁰³¹¹‘
796 2239 937 2308 brem
955 2241 1052 2321 ‘¹¹⁶⁰‘
1078 2260 1160 2331 ‘³⁰¹⁸
1212 2286 1390 2355 lumniose
1404 2288 1556 2376 excerpit
1571 2287 1683 2368 dicta,
1710 2301 1744 2359 et
1758 2302 1833 2375 arte
1847 2293 2033 2382 depravat,
2059 2308 2093 2365 et
2109 2298 2205 2368 edita

1212 2388 1322 2457 atroci
1344 2387 1593 2457 criminatione
1612 2402 1751 2460 accusat
1766 2387 1987 2484 Capuionem
2010 2391 2206 2469 haereseos.

1212 2487 1420 2578 Mogttntiae
1441 2491 1633 2578 corrogatis
1655 2491 1792 2584 aliquot
1807 2514 1890 2563 suae
1903 2495 2065 2565 factionis
2081 2493 2201 2565 homi-

1213 2592 1337 2674 nibus,
1369 2591 1546 2660 comburit
1568 2591 1702 2687 librum
1727 2589 1928 2686 Capuionis.
1991 2594 2088 2665 Haec
2109 2598 2201 2668 belli

1213 2692 1310 2760 illius
1332 2691 1433 2760 initia
1455 2690 1610 2762 fuerunt.
1675 2690 1797 2763 Postea
1819 2688 1955 2785 Capnio
1979 2695 2201 2768 luculentam

1213 2793 1410 2863 orationem
1428 2790 1595 2862 Latinam
1618 2794 1663 2862 ad
1688 2791 1936 2886 imperatorem
1964 2797 2090 2868 edidit.
2148 2797 2203 2870 'Et

1214 2893 1464 2985 provocatione
1480 2896 1525 2963 ad
1543 2894 1674 2965 iudicia
1687 2893 1863 2984 legitima,
1887 2908 1923 2965 et
1936 2898 1977 2965 ad
1988 2895 2200 2968 Pontificem

1215 3019 1251 3064 se
1276 2994 1447 3064 defendit.
1498 2992 1663 3066 Pontifex
1683 2997 1848 3090 episeopo
1872 2995 2031 3090 Spirensi
2051 3001 2199 3069 manda-

1090 3098 1095 3107 '
1125 3150 1129 3155 .
1214 3096 1286 3181 vit,
1316 3108 1359 3166 ut
1387 3098 1662 3166 controversiam
1688 3113 1925 3188 cognosceret.
1982 3096 2052 3170 Hic
2074 3101 2206 3190 delegit

277 3194 364 3267 Fuit
402 3196 443 3262 in
468 3194 557 3265 urbe
584 3193 734 3268 Colonia
763 3194 961 3293 Agrippina
991 3203 1163 3294 impostor
1214 3197 1349 3268 iudices
1369 3197 1465 3266 viros
1485 3197 1714 3287 sapienteset
1734 3200 1910 3282 eruditos,
1936 3196 2205 3287 Sualbacbium,

174 3299 322 3394 quidam
343 3293 514 3381 ludaeos,
541 3297 604 3388 qui
626 3300 821 3379 simulabat*
836 3326 873 3371 se
894 3305 1059 3394 amplecti
1078 3304 1164 3374 reli·
1216 3293 1412 3382 Tenebras,
1444 3309 1478 3369 et
1499 3294 1699 3389 Theologos
1719 3296 1949 3389 Capitonem,
1976 3315 2013 3373 θῑ
2033 3300 2205 3374 lodocum

174 3402 318 3490 gionem
335 3393 596 3482 Christianam,
629 3413 663 3468 et
684 3400 870 3469 familiaris
894 3418 968 3473 erat
988 3399 1164 3472 monacho
1217 3397 1383 3482 Gallum,
1407 3392 1582 3489 hospitem
1599 3396 1755 3471 Erasmi.
1800 3397 1850 3469 Hi
1869 3424 1952 3472 cum
1973 3405 2208 3494 pronuncias-

175 3498 400 3593 inquisitori,
439 3512 480 3568 ut
508 3500 736 3580 nominant,
758 3497 990 3587 Hochstrato,
1027 3518 1062 3575 et
1089 3504 1165 3573 eius
1217 3509 1295 3568 aeut
1315 3514 1380 3588 pro
1395 3495 1597 3592 Capuione,
1617 3495 1784 3572 monachi
1799 3522 1920 3572 rursus
1934 3506 1980 3573 ad
1996 3503 2206 3576 Pontificem

175 3599 307 3674 amicis.
358 3595 425 3667 His
450 3600 605 3670 ostendit
624 3625 788 3689 magnam
810 3605 996 3694 pecuniam
1017 3597 1166 3677 honena
1216 3613 1420 3692 provocant.
1477 3597 1614 3693 Capnio
1638 3599 1775 3674 Romae
1797 3602 1910 3674 multo
1932 3607 2208 3695 praestantiores

177 3702 293 3795 specie
317 3712 351 3768 et
373 3699 449 3769 sine
470 3702 771 3792 magno-negocio
792 3701 1034 3797 ludaeiseripi
1051 3729 1165 3798 posse,
1216 3697 1342 3772 habuit
1369 3713 1554 3791 patronos,
1590 3727 1695 3797 quam
1724 3704 1763 3771 in
1790 3700 1995 3776 Germania.
2067 3706 2207 3778 iudicio

176 3805 207 3875 si
231 3802 387 3872 edictum
411 3797 606 3893 imperator
629 3819 822 3895 proponat,
844 3821 885 3877 ut
909 3803 1032 3877 ludaei
1053 3808 1166 3879 libros
1216 3815 1376 3894 praeerat
1392 3800 1593 3873 Cardinalis
1610 3801 1803 3874 Grimanus
1819 3805 1975 3878 Venetus
1996 3808 2205 3877 excellenter

177 3901 701 3991 omnesadierantineuriam,
725 3905 843 3976 insuu
860 3907 1168 4001 quisqueoppido‚
1218 3906 1342 3972 doctus
1361 3903 1401 3971 ln
1417 3901 1566 3991 Latina,
1597 3901 1754 3990 Graeca,
1786 3903 1950 3979 etlihrea
1973 3908 2099 3996 lingua.
2152 3903 2207 3978 Et

176 4020 218 4079 ut
248 4007 294 4079 ab
323 4003 596 4096 inquisitoribus
623 4007 752 4075 caeteri
772 4008 1019 4099 libri·praeter
1036 4008 1167 4096 Biblia,
1218 4000 1277 4075 hic
1289 3997 1453 4073 adhibuit
1467 4001 1612 4076 Petrum
1623 4003 1849 4092 Calatinum,
1873 4010 1970 4079 cuius
1983 4020 2101 4079 extant
2116 4009 2210 4078 scri-

176 4124 346 4201 tanquam
376 4104 568 4195 perniciosi
588 4101 808 4179 Christianae
833 4109 999 4200 religioni
1021 4113 1168 4182 combu-
1218 4119 1290 4197 pta.
1349 4103 1506 4177 Multum
1541 4107 1647 4177 etiam
1677 4109 1772 4197 apud
1801 4104 1895 4180 hunc
1922 4107 2142 4178 cardinalem
2175 4125 2211 4181 et

176 4224 316 4283 rantur.
369 4204 443 4280 Nec
472 4206 510 4275 id
538 4209 630 4278 serio
660 4210 833 4299 impostor
853 4210 913 4280 ille
934 4213 990 4302 agi
1013 4213 1168 4297 volebat,
1219 4207 1314 4297 apud
1328 4205 1416 4276 alios
1431 4208 1568 4278 valebat
1585 4209 1773 4279 autoritate
1784 4233 1887 4280 senex
1899 4209 2061 4280 eruditus
2076 4224 2111 4282 et
2126 4233 2210 4280 sua-

178 4313 240 4385 sed
266 4309 415 4381 ludaeos
443 4308 574 4380 sciebat
595 4310 713 4378 statim
736 4334 865 4400 magna
886 4313 1035 4403 pecunia
1055 4315 1168 4383 libros
1220 4308 1274 4375 vis
1303 4321 1406 4391 natus
1434 4307 1473 4377 in
1503 4309 1635 4401 oppido
1658 4309 1844 4404 Mysorum
1865 4310 2033 4401 Friberga
2057 4309 2212 4382 lacobus

177 4415 422 4504 redempturos
446 4432 529 4484 esse.
581 4407 636 4486 Eo
658 4411 767 4501 igitur
781 4436 857 4481 rem
872 4414 1000 4483 deduci
1018 4415 1169 4500 volebat,
1220 4405 1495 4499 Questemberg,
1528 4411 1589 4503 qui
1617 4432 1753 4479 summa
1776 4412 1846 4481 fide
1865 4414 2031 4484 tuebatur
2050 4408 2213 4503 Capuio-

178 4531 221 4593 ut
241 4512 363 4587 Iudaei
384 4512 570 4606 pecuniam
595 4512 782 4598 offerrent,
806 4507 899 4581 hanc
920 4515 1085 4604 praedam
1109 4539 1169 4585 ca.
1220 4532 1314 4594 nem.
1351 4507 2214 4586 CommendavitetErasmushanccausamLeoni

207 4620 303 4692 tabat
337 4614 568 4685 dividendam
605 4614 698 4683 inter
737 4614 966 4707 inquisitores
992 4629 1027 4685 et
1055 4616 1168 4684 socios
1220 4624 1255 4681 et
1276 4611 1474 4703 praecipuis
1491 4611 1743 4684 cardinalibus.
1794 4613 1935 4687 Interea
1948 4615 2047 4686 lectis
2060 4616 2100 4692 in
2117 4613 2216 4686 Ger-

178 4647 288 4798 huius
313 4717 464 4789 consilii.
514 4713 590 4784 Hos
613 4716 720 4786 luisse
741 4718 856 4786 fontes
877 4715 1012 4806 negotii
1032 4730 1167 4787 eertum
1219 4711 1337 4781 mania
1352 4710 1707 4805 scriptisCapnionis,
1733 4716 2109 4797 multiealumniarnm
2126 4717 2215 4788 odiu

265 1131 385 1203 Multa
414 1142 497 1199 sunt
526 1141 644 1197 autem
671 1125 827 1212 insignia
848 1124 1005 1217 exempla
1026 1124 1065 1193 in
1087 1118 1154 1193 hac

162 1233 324 1308 historia.
376 1228 545 1322 inprimis
568 1229 605 1296 in
621 1223 778 1297 Ecclesia
800 1221 868 1297 hoc
892 1227 996 1297 crebo
1016 1225 1155 1308 accidit,

161 1352 205 1409 nt
222 1336 305 1405 iusti
322 1347 356 1403 et
369 1334 461 1403 bene
477 1328 613 1408 meriti,
638 1329 825 1397 calumniis
842 1325 1072 1397 circumventi
1090 1351 1155 1417 op-

163 1437 384 1530 primantur,
423 1445 464 1502 ut
489 1430 582 1499 filius
610 1428 699 1513 Dei,
730 1424 947 1520 Prophetae,
979 1426 1157 1519 Apostoli,

169 2357 290 2414 nostra
314 2354 408 2410 aetas
423 2340 583 2410 abundat
596 2340 783 2430 exemplis,
807 2354 848 2409 ut
862 2352 978 2410 autem
996 2335 1089 2408 nihil
1103 2338 1161 2406 di-

169 2469 247 2515 cam
268 2436 444 2523 atrocius,
476 2448 557 2511 cum
580 2439 713 2510 iniuste
733 2453 982 2531 oppugnarent
1004 2439 1160 2531 Capuio-

170 2570 253 2614 nem
276 2537 462 2625 monaehi,
495 2557 535 2612 ut
557 2541 736 2611 Socratem
759 2540 919 2636 Anytus,
945 2554 980 2612 et
1002 2539 1163 2625 Melitus,

170 2658 336 2716 texerunt
365 2665 448 2711 eum
477 2655 594 2711 tamen
624 2656 767 2733 propter
797 2643 1035 2713 eruditionem
1058 2644 1161 2712 multi

169 2746 259 2816 boni
281 2759 314 2813 et
334 2742 450 2823 docti,
475 2764 627 2834 qnorum
652 2743 821 2812 autoritas
835 2746 1023 2836 impedivit
1035 2768 1161 2814 mona·

173 2842 324 2916 chorum
346 2845 483 2913 furores
505 2844 599 2933 apud
617 2840 868 2934 Imperatorem
892 2859 926 2915 et
941 2843 1163 2918 Pontificem.

171 2946 223 3017 Ut
248 2960 365 3016 autem
386 2942 547 3013 iuniores
560 2943 673 3012 sciant
688 2969 777 3037 qnae
791 2945 900 3017 fuerit
914 2947 1163 3032 controversia,

173 3048 289 3117 dicam
305 3067 406 3117 veras
422 3044 622 3141 occasiones
636 3045 711 3115 eius
727 3047 835 3127 rixae.
900 3064 904 3069 ·

181 4839 243 4899 est.
300 4818 431 4892 Petunt
450 4819 560 4909 igitur
581 4812 748 4887 monachi
770 4818 923 4887 edictum
946 4818 990 4887 ab
1011 4814 1169 4909 Impera·
1220 4809 1441 4894 amonachis
1464 4815 1552 4882 liunt
1573 4814 1773 4902 alieniores.
1833 4814 1881 4903 Et
1902 4818 2004 4911 quasi
2025 4818 2216 4890 classicum

182 4942 276 5012 tere,
300 4937 334 4995 et
358 4921 566 5014 religionem
588 4931 807 5010 praetexunt.
857 4913 989 4989 Editur
1003 4920 1169 5005 edictum,
1220 4916 1369 4986 canebat
1389 4938 1453 4984 suo
1469 4915 1638 4986 sodalicio
1653 4915 1852 5003 Huttenus,
1877 4915 1937 4989 hie
1952 4914 2122 4992 monaehi
2136 4945 2218 4992 ma·

185 5043 221 5102 et
238 5026 511 5100 Francoiordiae
535 5022 619 5091 libri
640 5022 679 5089 iu
702 5019 836 5090 curiam
857 5033 1048 5109 gestantur.
1106 5017 1170 5089 In·
1220 5016 1271 5106 gis
1288 5018 1393 5087 etiam
1413 5015 1530 5085 furere
1545 5031 1730 5107 ceperunt,
1757 5020 1995 5094 vociferantur
2011 5022 2051 5091 in
2066 5023 2219 5094 concio-

185 5146 280 5204 terea
296 5140 336 5201 ut
354 5128 457 5198 multi
476 5137 560 5196 sunt
578 5120 717 5204 ludaei,
743 5145 818 5192 non
841 5122 955 5212 ignari
971 5122 1168 5192 communis
1220 5118 1326 5188 nibus
1343 5129 1463 5186 eontra
1480 5114 1720 5211 Capuionem,
1745 5115 1933 5194 Erasmum
1950 5136 1987 5195 et
1997 5120 2219 5210 Huttenum,

186 5234 297 5316 ritae,
328 5216 366 5301 in
394 5230 472 5301 aula
499 5222 726 5316 imperatoria
754 5247 837 5293 suos
866 5223 970 5292 etiam
1001 5236 1169 5315 patronos
1220 5221 1331 5289 edunt
1355 5217 1530 5310 picturas,
1562 5221 1725 5291 futilibus
1746 5224 1962 5313 argumentis
1985 5242 2223 5317 propugnant

190 5336 340 5417 adeunt,
362 5331 423 5427 qui
443 5353 481 5403 re
502 5353 544 5398 eo
559 5328 758 5407 adducunt,
785 5339 825 5395 ut
840 5323 1036 5416 Imperator
1050 5324 1170 5395 scisci·
1220 5344 1299 5391 suas
1313 5322 1596 5410 superstitiones,
1621 5344 1711 5416 quae
1724 5340 1808 5397 sunt
1821 5325 1970 5417 aucupia
1985 5326 2092 5420 impii
2106 5352 2224 5423 quae-
2267 5407 2270 5410 ,

193 5450 325 5510 teretur
363 5431 491 5507 iudicia
537 5429 759 5501 eruditorum
797 5426 837 5499 in
881 5428 1003 5520 lingua
1040 5421 1187 5514 Ebrea„
1221 5435 1313 5510 stus,
1346 5423 1501 5516 denique
1528 5422 1659 5495 malam
1681 5436 1832 5498 eausam
1844 5426 2049 5500 stultissime
2071 5433 2225 5529 agendo
