4732 6030
514 282 675 360 utcu
705 281 780 359 DE
812 279 1009 357 DICTO:
1053 271 1289 353 PROBET
1325 269 1745 362 UNUSQUISQUE
1771 292 1855 350 arc.
2130 272 2205 349 0⁵4
2259 268 2266 279 '

162 289 239 366 863

266 461 365 532 Talis
388 484 469 531 cum
499 459 626 541 luerit,
658 471 692 528 et
714 456 760 527 sit
784 456 996 526 conscientia
1022 465 1155 534 nostra,
1176 452 1181 527 Ι
1204 446 1382 518 monibus.
1435 441 1487 512 Ac
1505 446 1549 513 de
1564 444 1787 514 excusatione
1802 459 2007 515 nostrorum
2030 446 2201 518 consilio·
2274 478 2278 487 ·

163 591 237 636 non
253 563 438 633 obiicimus
452 560 713 631 invocationem
724 554 804 643 Dei,
829 573 863 627 et
879 558 1056 649 supplices
1072 579 1154 624 ora·
1204 571 1285 617 rum
1312 561 1347 616 et
1372 559 1512 616 nostrae
1544 545 1738 615 voluntatis
1773 546 1858 615 alibi
1892 548 1994 636 plura
2030 547 2198 621 dicemus.

163 691 261 751 mus,
285 680 327 736 ut
344 665 476 734 exitum
491 662 631 733 consilii
649 661 763 730 nostri
786 675 882 748 regat
905 660 978 750 ipse
989 713 1000 744 ‚
1034 672 1067 728 et
1088 679 1154 726 nos
1204 647 1278 718 Vos
1294 673 1377 718 vero
1396 648 1457 742 qui
1473 672 1492 717 a
1509 647 1827 718 deliberationibus
1848 648 2000 738 publicis
2023 650 2198 728 abfuistis,

163 771 354 860 gubernet,
395 780 429 836 et
456 760 646 858 prohibeat
666 760 904 833 Ecclesiarum
929 759 1154 830 dilaceratio-
1203 764 1237 818 et
1263 752 1300 818 in
1325 750 1475 820 statione
1498 764 1612 819 vestra
1636 751 1805 833 manetis,
1831 750 2052 818 manifestam
2076 752 2198 820 deleu-

162 895 236 944 nes.
296 868 357 938 sic
379 866 512 936 Paulus
533 867 684 935 iniustae
710 864 950 934 criminationi
973 885 1153 954 opponere
1201 853 1338 921 tionem
1366 847 1521 930 habetis,
1561 875 1624 919 cur
1650 875 1724 918 non
1759 852 1895 921 abiecto
1929 851 2125 922 ministerio
2158 854 2195 920 in

162 977 281 1056 docet,
307 970 542 1038 conscientiae
553 967 740 1051 iudicium,
766 991 846 1035 cum
863 965 994 1058 inquit:
1022 964 1153 1034 Probet
1203 952 1343 1042 templis
1373 953 1605 1023 solitudinem
1630 952 1782 1035 faciatis,
1823 954 1907 1045 quia
1932 953 2113 1022 vocationi
2136 977 2199 1046 pa-

161 1071 408 1166 nnusquisque
433 1094 537 1140 suum
557 1091 664 1161 opus,
691 1082 725 1137 et
741 1069 791 1138 sic
806 1069 901 1159 apud
915 1090 989 1137 sese
1001 1066 1150 1155 gloriam
1201 1058 1351 1125 rendum
1371 1069 1440 1136 est,
1467 1054 1572 1124 etiam
1589 1053 1619 1122 si
1636 1078 1705 1146 qua
1721 1055 1912 1125 difficultas
1926 1055 2110 1125 toleranda
2135 1067 2196 1134 est,

162 1171 327 1255 habebit,
354 1196 428 1242 non
451 1173 496 1241 ah
518 1171 615 1255 aliis,
647 1171 684 1239 id
709 1182 779 1249 est,
815 1170 980 1261 inspiciat
1002 1169 1152 1260 quisque

161 1301 223 1346 sua
243 1274 391 1345 consilio
410 1288 445 1343 et
460 1274 570 1362 facta,
596 1286 630 1342 et
646 1284 761 1355 curet,
787 1285 827 1341 ut
849 1274 942 1341 bona
969 1270 1151 1339 conscien-

162 1379 211 1448 tia
233 1391 416 1465 regantur,
444 1374 551 1462 Quod
576 1398 656 1442 cum
680 1375 727 1441 ita
748 1373 850 1454 lacit,
877 1369 1053 1463 habetque
1076 1393 1151 1439 non

160 1504 289 1548 vanam
305 1476 585 1568 persuasionem,
612 1478 673 1544 sed
692 1498 810 1544 veram
828 1473 1062 1545 conscientiae
1087 1496 1150 1561 ap-

160 1581 420 1672 probationem,
443 1572 509 1647 hac
524 1578 635 1665 gloria
652 1601 690 1644 se
705 1580 871 1645 adversus
885 1575 1016 1645 iudicia
1033 1569 1151 1644 horni-

162 1707 249 1751 num
276 1695 432 1764 tueatur,
465 1704 530 1749 nec
551 1680 703 1769 pendeat
726 1702 766 1747 ex
791 1679 945 1747 aliorum
969 1677 1151 1766 applausu,

161 1808 224 1852 uec
259 1782 447 1853 calumniis
475 1781 624 1864 fractus,
673 1804 772 1851 suam
796 1782 982 1850 stationem
1005 1780 1150 1846 deserat.

159 1881 262 1955 Esset
278 1885 427 1954 omnino
442 1882 643 1973 plausibile,
668 1882 698 1949 si
715 1881 854 1950 rabiose
871 1880 1152 1950 conviciaremur

158 1986 474 2076 gubernatoribus,
500 1996 536 2053 et
552 1985 798 2053 minitarernur
813 1983 863 2051 eis
880 1981 1079 2050 seditiones.

264 2120 366 2189 llanc
399 2119 458 2187 isti
481 2115 656 2186 libertatis
682 2129 870 2184 assertores
897 2114 1056 2183 dicerent
1079 2137 1150 2183 esse

159 2223 406 2292 fortitudinem
429 2232 465 2290 et
486 2218 718 2288 constantiam
742 2212 967 2307 propheticae
989 2216 1149 2285 similem.

160 2323 230 2395 Sed
248 2324 357 2412 magis
370 2336 510 2391 nostrae
525 2319 760 2389 conscientiae
774 2318 916 2402 iudicia,
932 2341 1037 2410 quam
1054 2318 1150 2388 illius

159 2421 290 2496 theatri
304 2425 448 2515 plausus
463 2446 661 2515 sequamur.

263 2556 508 2630 Retineudum
535 2570 586 2625 est
610 2555 882 2623 fundamentum
906 2567 943 2623 et
968 2552 1151 2624 doctrinae

161 2662 344 2752 puritatis,
370 2674 423 2746 et,
448 2657 540 2729 utin
559 2680 684 2747 magna
700 2654 932 2747 imperiorum
953 2668 988 2724 et
1009 2653 1153 2744 opinio-

161 2787 248 2832 num
263 2762 470 2833 conlusione
485 2761 696 2839 cavendum,
722 2781 766 2826 ne
782 2757 932 2827 maiores
950 2755 1152 2847 dissipatio-

162 2888 225 2933 nes
248 2865 351 2948 fiant,
396 2886 441 2931 ne
468 2861 601 2927 maiora
628 2857 773 2924 dissidia
799 2861 1005 2945 dogmatum
1028 2882 1152 2927 accen-

161 2968 310 3050 dantur,
336 2979 369 3033 et
388 2974 540 3029 moestae
554 2955 732 3027 Ecclesiae
746 2958 939 3039 fovendae,
964 2959 1152 3027 consolan-

161 3071 248 3148 dae,
272 3062 548 3142 consociandae,
574 3082 648 3126 uon
665 3057 879 3126 deserendae
893 3071 986 3128 sunt.

264 3193 339 3264 llas
356 3193 510 3263 rationes
524 3215 605 3261 cum
627 3185 797 3259 hactenus
824 3190 966 3281 quidem
990 3192 1049 3280 pio
1075 3206 1150 3262 stu·

162 3299 223 3368 dio
240 3298 350 3366 secuti
364 3296 491 3377 simus,
516 3314 696 3385 speramus
707 3288 784 3361 Deo
801 3292 1001 3363 voluntates
1015 3307 1153 3363 nostras

162 3399 328 3490 probari,
350 3397 554 3489 praesertim
578 3418 658 3464 cum
681 3394 756 3482 ipse
774 3393 878 3476 sciat,
904 3419 993 3486 quae
1013 3397 1056 3462 de
1073 3418 1151 3484 gra-

162 3501 322 3571 vioribus
337 3498 587 3570 controversiis
601 3496 795 3566 certamina
811 3496 1055 3565 sustineamus.
1134 3534 1140 3547 ι

264 3635 372 3723 Quod
391 3659 474 3704 vero
491 3631 642 3701 sauciari
666 3629 805 3721 aliquos
827 3631 1002 3698 scandalis
1022 3626 1152 3697 horum

163 3738 374 3810 timidorum
389 3735 619 3806 consiliorum
636 3731 781 3813 dicunt,
807 3731 911 3798 video
930 3730 1062 3799 multos
1079 3752 1152 3798 non

162 3844 205 3909 de
220 3841 401 3920 doctrina,
427 3840 487 3906 sed
505 3837 549 3905 de
572 3833 734 3902 libertate
761 3854 930 3922 pugnare.
987 3827 1064 3901 Etsi
1088 3855 1153 3899 au-

160 3959 231 4013 tem
248 3937 288 4009 hi
306 3964 447 4034 quoque
465 3935 654 4007 dissimiles
669 3946 773 4016 sunt,
800 3944 836 4003 et
858 3933 1060 4025 aliquorum
1086 3934 1151 4001 do·

162 4046 238 4111 lore
253 4066 417 4126 moveor,
442 4055 560 4111 tamen
580 4048 723 4128 propter
739 4030 804 4102 hos
828 4057 901 4102 non
922 4036 1082 4102 facienda
1101 4046 1153 4102 est

163 4143 305 4211 vastitas
337 4160 370 4215 et
405 4142 559 4213 solitudo
593 4138 631 4206 in
664 4151 718 4207 tot
754 4135 939 4226 regionum
974 4133 1153 4207 Ecclesiis.

164 4243 335 4313 Videmus
363 4267 507 4334 magnas
536 4261 709 4311 essenon
741 4239 856 4307 solum
881 4238 1096 4307 iudiciorum
1119 4250 1153 4306 et

162 4345 373 4437 opinionum
398 4345 634 4427 diversitates,
675 4342 735 4408 sed
759 4339 872 4409 multo
892 4340 1004 4428 magis
1024 4339 1154 4407 volun-

163 4461 296 4530 tatum,
323 4459 356 4515 et
372 4441 596 4516 vehementes
611 4445 762 4536 impetus
778 4443 820 4511 ad
837 4440 1008 4510 factiones
1024 4441 1154 4510 conlir-

166 4552 322 4619 mandas.

268 4664 345 4735 Hos
362 4663 507 4733 affectus
522 4686 763 4733 removeamus
781 4661 826 4732 ab
846 4654 902 4729 his
926 4656 1154 4730 deliberatio-

165 4770 290 4855 nibus,
317 4781 352 4837 et
368 4786 597 4859 quaeramus,
621 4778 659 4832 ut
669 4761 799 4834 Paulus
815 4761 951 4857 inquit,
978 4785 1051 4831 non
1067 4761 1154 4854 quid

165 4873 269 4941 nobis
284 4869 478 4960 gloriosum
493 4880 553 4936 aut
569 4862 657 4934 utile
675 4864 737 4948 sit,
769 4867 828 4933 sed
851 4864 937 4957 qnid
963 4863 1156 4933 moestissi-

166 4974 235 5042 mis
254 4968 423 5043 Ecclesiis
451 4968 577 5059 prosit,
610 4966 697 5059 quid
716 4967 760 5033 ad
785 4966 968 5035 doctrinae
992 4980 1026 5036 et
1048 4965 1157 5034 disci-

165 5074 283 5165 plinae
307 5070 610 5141 conservationem
642 5086 675 5137 et
704 5068 748 5136 ad
784 5069 951 5136 tuendam
974 5067 1157 5137 literarum

165 5174 421 5268 possessionem
437 5174 619 5242 conducat.

261 5311 357 5382 llaec
372 5334 454 5379 cum
470 5307 641 5377 mediocri
655 5328 739 5374 cura
753 5302 875 5371 secisse
889 5327 954 5373 nos
971 5327 1027 5375 res
1040 5320 1157 5377 osteu-

166 5417 244 5501 dat,
269 5414 389 5485 minus
409 5433 594 5483 movemur
609 5404 798 5479 hominum
815 5405 1067 5477 maledicorum
1083 5432 1158 5478 ser-

1201 1159 1308 1226 modo
1323 1157 1415 1226 absit
1432 1156 1605 1247 impietas.

1303 1303 1380 1375 Hac
1405 1306 1646 1377 consolatione
1672 1309 1809 1377 munite
1834 1322 1994 1398 pectora,
2026 1332 2091 1377 uec
2116 1332 2196 1379 sau·
2255 1388 2260 1395 ¹

1201 1409 1289 1477 ciari
1318 1408 1455 1477 animos
1484 1407 1568 1477 ullis
1595 1408 1783 1477 calumniis
1814 1409 1937 1490 sinite,
1971 1434 2060 1501 quae
2091 1411 2195 1481 etiam
2296 1448 2301 1453 -

1200 1510 1377 1599 speciosae
1393 1523 1486 1594 sunt,
1508 1524 1625 1580 tamen
1642 1511 1690 1580 ita
1707 1512 1918 1598 cogitabitis,
1941 1511 2106 1581 mirificas
2123 1535 2197 1581 esse

1200 1612 1405 1706 praestigias
1421 1612 1460 1679 in
1474 1611 1739 1695 calumniando,
1759 1635 1824 1681 nec
1841 1613 1912 1680 clici
1928 1630 1987 1683 aut
2004 1613 2081 1682 fieri
2096 1614 2197 1706 quic-

1202 1739 1307 1805 quam
1326 1728 1395 1782 tam
1413 1725 1505 1780 recte
1522 1736 1643 1802 posse,
1669 1716 1765 1805 quod
1785 1737 1859 1782 non
1877 1713 2113 1805 plausibiliter
2133 1718 2196 1783 de·

1202 1816 1342 1905 pravari
1369 1813 1494 1903 possit:
1531 1828 1566 1884 et
1587 1808 1654 1882 hoc
1677 1815 1817 1884 saeculo
1842 1810 1928 1884 haec
1949 1839 2006 1884 ars
2033 1817 2197 1908 inprimis

1201 1915 1356 1998 excellit,
1384 1928 1417 1984 et
1440 1915 1581 1983 landem
1599 1910 1707 1985 habet
1722 1917 1926 2006 sapientiae.
1979 1915 2049 1987 Sed
2066 1918 2197 1989 verita-

1200 2017 1246 2086 tis
1260 2017 1374 2085 oratio
1388 2015 1536 2106 simplex
1552 2031 1613 2086 est.

1293 2165 1514 2260 Aequiescite
1531 2167 1640 2257 igitur
1656 2167 1695 2234 in
1714 2161 1777 2235 hac
1793 2166 1977 2257 perspicua
1993 2180 2026 2235 et
2044 2167 2197 2259 simplici
2218 2206 2223 2215 ·

1201 2270 1463 2352 consolatione,
1489 2270 1583 2361 quod
1600 2293 1675 2338 nou
1697 2270 1911 2338 deserendae
1932 2270 2004 2339 sint
2018 2266 2196 2339 Ecclesiae

1202 2384 1346 2464 propter
1360 2366 1426 2439 hos
1443 2370 1532 2441 ritus
1548 2371 1655 2441 nobis
1672 2371 1832 2443 usitatos.

1297 2520 1355 2593 Ad
1375 2517 1467 2590 hanc
1485 2534 1601 2590 autem
1617 2522 1896 2592 consolationem
1913 2523 2068 2612 adiungo
2084 2536 2117 2592 et
2132 2517 2197 2592 has

1202 2622 1482 2698 adhortationes.
1549 2619 1639 2691 Cum
1669 2647 1858 2693 aerumnae
1880 2647 1946 2694 nos
1969 2637 2040 2693 tam
2066 2624 2197 2696 multae

1203 2738 1404 2808 exerceant,
1448 2724 1557 2793 simus
1586 2748 1651 2793 nos
1675 2724 1836 2795 inomni
1858 2725 1929 2796 vita
1952 2724 2197 2810 modestiores,

1202 2831 1249 2902 sit
1268 2829 1383 2899 maior
1406 2826 1574 2896 sedulitas
1597 2827 1635 2893 in
1668 2827 1836 2898 discendo
1871 2842 1905 2898 et
1935 2829 2114 2911 docendo,
2157 2841 2197 2897 ut

1203 2931 1313 3021 magis
1343 2927 1544 3016 intelligant
1571 2952 1716 3013 omnes,
1756 2953 1838 2997 vere
1868 2954 1887 2997 a
1920 2929 2025 2998 nobis
2052 2929 2197 3000 retineri

1204 3032 1400 3104 doctrinam
1432 3029 1686 3120 incorruptam.
1752 3028 1808 3100 Sit
1831 3044 1865 3099 et
1890 3028 2043 3121 precatio
2068 3032 2209 3100 arden-·

1203 3136 1291 3218 tior,
1318 3133 1356 3200 in
1379 3155 1449 3224 qua
1465 3127 1542 3200 Deo
1565 3143 1599 3200 et
1625 3135 1826 3201 universam
1844 3126 2057 3215 Ecclesiam,
2080 3146 2114 3202 et
2134 3154 2198 3201 vos

1204 3238 1320 3328 ipsos,
1346 3246 1380 3302 et
1391 3246 1523 3302 vestras
1540 3233 1709 3316 familias,
1735 3232 1912 3321 coniuges,
1939 3246 1972 3302 et
1988 3257 2116 3324 parvos
2133 3255 2198 3301 na-

1203 3353 1258 3409 tos
1287 3335 1379 3404 veris
1410 3330 1600 3421 gemitibus
1627 3333 1901 3416 commendetis,
1935 3335 2018 3427 quia
2043 3334 2198 3403 certissi-

1203 3462 1300 3507 mum
1324 3449 1391 3517 est,
1417 3429 1612 3503 Ecclesiam
1636 3460 1709 3503 non
1732 3435 1816 3504 solis
1840 3430 2005 3503 humanis
2028 3434 2198 3517 consiliis,

1204 3542 1263 3608 sed
1292 3534 1480 3628 praecipue
1503 3557 1524 3602 a
1547 3532 1624 3604 Deo
1646 3535 1779 3604 servari
1801 3549 1835 3604 et
1858 3535 2066 3624 gubernari,
2108 3537 2198 3608 sicut

1203 3640 1373 3707 immensa
1403 3634 1644 3705 misericordia
1669 3633 1768 3706 Deus
1793 3660 1870 3704 eam
1902 3637 2077 3721 restituit,
2117 3664 2197 3708 cum
2263 3680 2267 3689 ·

1205 3737 1320 3808 Adam
1353 3749 1387 3804 et
1413 3732 1512 3804 Heva
1542 3750 1620 3823 post
1651 3738 1811 3827 lapsum,
1852 3739 1988 3807 nullius
2018 3752 2198 3809 creaturae

1203 3865 1289 3931 ope,
1316 3862 1355 3907 ex
1373 3837 1416 3904 iis
1433 3836 1603 3920 miseriis,
1628 3837 1758 3929 quibus
1781 3839 1939 3928 oppressi
1961 3852 2081 3924 erant,
2108 3840 2198 3909 libe·

1203 3940 1275 4009 rari
1294 3951 1468 4030 poteraut.
1523 3934 1569 4007 Et
1585 3940 1679 4028 apud
1698 3936 1851 4008 Hoseam
1867 3940 1956 4010 dicit
1968 3937 2080 4009 Dens:
2109 3939 2197 4011 Per·

1204 4041 1292 4110 ditio
1320 4053 1380 4109 tua
1409 4034 1518 4108 lsrael
1545 4063 1586 4107 ex
1613 4052 1647 4108 te
1673 4054 1741 4122 est,
1777 4067 1797 4113 a
1824 4066 1880 4111 me
1906 4066 1990 4112 vero
2025 4042 2197 4112 auxilium

1204 4158 1316 4213 tuum.

1306 4290 1360 4360 Te
1376 4290 1484 4380 igitur
1498 4289 1725 4381 omnipotens
1739 4289 1854 4377 Deus,
1878 4305 2019 4363 aeterne
2040 4308 2074 4362 et
2092 4297 2198 4364 unice

1205 4408 1303 4484 pater
1323 4392 1470 4464 Domini
1491 4392 1604 4463 nostri
1630 4391 1708 4463 lesu
1732 4392 1880 4479 Christi,
1921 4394 2086 4465 conditor
2109 4397 2197 4465 coeli

1205 4511 1240 4566 et
1256 4509 1387 4578 terrae,
1414 4507 1449 4563 et
1468 4487 1675 4579 homiuum,
1708 4510 1743 4565 et
1757 4492 1936 4566 Ecclesiae
1961 4510 2042 4566 tuae
2064 4499 2198 4585 angeli·

1205 4623 1265 4669 cae
1282 4614 1317 4668 et
1332 4591 1528 4678 humanae,
1553 4620 1625 4665 una
1641 4620 1720 4665 curn
1739 4596 1812 4666 lilio
1827 4611 1891 4668 tuo
1905 4594 2063 4666 Domino
2077 4613 2198 4670 nostro

1208 4699 1286 4769 lesu
1303 4692 1465 4778 Christo,
1486 4697 1651 4765 crucifixo
1665 4721 1730 4788 pro
1746 4698 1850 4767 nobis
1866 4710 1900 4767 et
1914 4699 2139 4784 resuscitato,
2164 4716 2200 4773 ct

1206 4799 1344 4892 Spiritu
1359 4808 1480 4866 sancto
1497 4809 1573 4881 tuo,
1599 4820 1743 4867 oramus
1757 4798 1796 4867 in
1812 4795 1868 4868 his
1885 4799 1994 4869 tantis
2009 4805 2199 4888 aerumnis,

1207 4916 1247 4971 ut
1263 4913 1408 4990 propter
1431 4897 1544 4967 filium
1567 4913 1667 4968 tuum
1684 4896 1881 4971 Dominum
1905 4915 2066 4972 nostrum
2082 4902 2198 4976 lesum

1206 4999 1390 5074 Christum
1431 5000 1545 5070 nostri
1579 5001 1797 5088 miserearis,
1843 5018 1877 5074 et
1902 5002 2039 5093 Spiritu
2078 5020 2197 5078 sancto

1207 5102 1404 5174 Ecclesiam
1419 5103 1486 5173 tibi
1501 5116 1670 5195 perpetuo
1686 5104 1779 5176 inter
1795 5129 1861 5176 nos
1884 5107 2049 5195 colligas,
2084 5124 2117 5180 et
2143 5132 2201 5178 re·

1208 5231 1286 5295 gas,
1318 5219 1352 5276 et
1375 5227 1506 5376 pIpenas
1530 5206 1700 5278 immensa
1717 5209 1959 5279 misericordia
1974 5223 2035 5279 tua
2048 5210 2199 5299 mitiges,

1210 5306 1339 5381 Amen.
1425 5307 1485 5379 ixi.

1516 5505 1601 5583 st*
