4732 6030
252 259 326 335 ιω
733 246 894 335 unct.
925 244 1002 323 un
1034 214 1273 326 sruuus
1298 246 1793 332 anonnscnurnu.
2212 263 2288 340 sss

248 430 463 507 lescentibns
484 426 642 509 ostendi,
673 446 780 516 quam
803 445 900 492 nunc
925 421 1082 514 primum
1104 423 1243 506 llorere,
1294 423 1471 517 simulque
1496 438 1531 496 et
1552 425 1680 496 llorere
1696 438 1732 497 et
1751 425 1965 499 intercidere
1980 429 2115 516 solent,
2140 431 2189 504 ita
2206 458 2287 505 eum

250 550 313 610 aut
334 535 462 607 rubere
484 527 663 618 coeperint
684 526 738 593 illi
763 526 917 611 fructus,
949 528 1103 594 necdum
1125 536 1242 594 matu·
1293 540 1377 596 sunt
1411 527 1616 597 labefactata
1657 528 1808 598 immani
1845 529 2008 602 barbarie
2040 555 2081 603 ac
2115 536 2289 622 vastitate,

249 639 407 721 ruerint;
440 646 475 701 et
496 629 657 712 moneri,
689 652 760 720 quo
784 627 901 706 cultu,
936 627 1067 719 quibus
1088 626 1185 695 auris
1208 636 1242 694 et
1293 629 1413 698 omnia
1440 629 1578 698 involvi
1600 653 1740 700 necesse
1758 645 1822 705 est.
1881 629 1966 721 Quo
1989 634 2123 705 maiore
2143 660 2229 708 cura
2252 653 2288 712 et

250 741 397 820 solibus,
415 747 532 824 etqua
548 730 795 800 benedictione
810 729 932 797 divina
949 724 1065 797 adhuc
1079 728 1125 798 sit
1141 750 1242 817 opus,
1292 732 1521 801 contentione
1543 731 1640 800 viros
1654 727 1822 802 honestos
1841 727 1898 803 his
1912 737 2156 826 praesentibus
2170 742 2288 823 malis,
2346 813 2348 816 Α

240 833 290 916 ,ιιι
318 838 401 907 laeti
432 859 472 903 ac
502 833 634 903 maturi
669 834 824 924 talesque
852 832 987 900 fructus
1018 831 1242 921 proveniant,
1293 857 1454 926 quaeque
1483 828 1540 902 his
1560 833 1658 904 haud
1680 834 1786 925 paulu
1814 836 1977 924 graviora
1999 838 2204 931 impendere
2229 844 2288 912 vi-

249 942 379 1039 qnibus
393 935 554 1025 Respub.
577 949 612 1004 et
627 931 783 1003 Ecclesia
799 933 928 1001 deinde
947 934 1137 1003 salubriter
1160 935 1241 1022 po‘s-
1293 939 1441 1019 dentur,
1466 935 1566 1004 omni
1580 958 1707 1024 genere
1724 937 1962 1009 remediorum
1977 964 2160 1011 occurrere
2176 946 2289 1019 decet.

250 1047 298 1116 sit
336 1042 401 1111 uti.
464 1036 544 1106 Hoc
577 1036 736 1106 efficiunt
764 1034 946 1120 examina,
986 1058 1078 1127 quae
1113 1036 1242 1126 cuique
1293 1035 1367 1106 Nec
1391 1036 1517 1106 leviter
1539 1032 1626 1107 haec
1648 1038 1809 1108 examina
1829 1041 1873 1110 ad
1899 1041 2123 1131 disciplinam
2149 1047 2290 1116 eondu-

250 1165 435 1243 quousque
456 1161 660 1232 progressus
682 1139 746 1222 sit,
773 1149 807 1206 et
830 1136 917 1229 quid
935 1136 1017 1207 'viae
1043 1130 1160 1206 adhuc
1183 1159 1241 1204 re-
1293 1151 1399 1223 cunt,
1439 1139 1619 1209 licentiam
1643 1152 1846 1232 temporum
1876 1139 2048 1213 nonnihil
2076 1147 2289 1237 reprimunt,

249 1261 334 1327 stet,
360 1244 570 1325 ostendunt,
593 1264 638 1309 ne
662 1264 698 1308 se
719 1239 791 1308 iam
814 1251 943 1308 metam
968 1261 1149 1329 superasse
1172 1261 1241 1327 pu·
1294 1240 1454 1310 discendi
1471 1264 1592 1310 curam
1610 1256 1758 1330 augent,
1784 1257 1819 1314 et
1835 1257 1927 1315 certa
1943 1245 2020 1335 lege
2036 1261 2142 1339 atque
2158 1249 2286 1322 ordine

248 1363 344 1433 tent,
367 1371 448 1416 cum
464 1345 609 1414 vixdum
624 1342 730 1434 septis
745 1340 975 1415 excurrerint.
1026 1338 1117 1410 Cum
1133 1339 1242 1428 igitur
1293 1342 1410 1413 studia
1434 1343 1653 1433 gubernant,
1679 1357 1786 1437 atque
1807 1347 1851 1415 ad
1875 1371 1915 1416 ea
1938 1348 2105 1418 discenda
2127 1352 2287 1441 adigunt,

250 1446 424 1549 quaedam
454 1446 647 1516 modestiae
677 1468 718 1512 ac
748 1443 957 1534 disciplinae
979 1443 1124 1511 officina·
1148 1454 1242 1525 sunt,
1294 1444 1425 1537 quibus
1448 1443 1574 1534 religio
1596 1469 1783 1540 moresque
1806 1447 1912 1528 boni,
1944 1473 1984 1518 ac
2007 1473 2090 1521 vera
2114 1466 2149 1524 et
2171 1453 2286 1524 solida

250 1571 327 1628 tum
341 1575 425 1620 vero
444 1549 550 1618 etiam
566 1549 610 1617 ad
626 1539 846 1630 κοινωνίαν,
871 1539 1016 1628 horest,
1041 1542 1240 1614 studiorum
1294 1545 1456 1616 doctrina
1471 1547 1684 1621 continetur.
1735 1546 1827 1618 Nam
1852 1572 1998 1643 eaquae
2017 1553 2064 1621 ad
2086 1549 2184 1624 bunc
2206 1579 2287 1645 grs-
2327 1561 2331 1568 '

250 1651 608 1728 communicationem
641 1660 801 1717 mutuam
826 1660 932 1739 atque
957 1646 995 1714 in
1027 1646 1240 1715 conferendo
1293 1649 1378 1717 dum
1395 1648 1532 1718 institui
1547 1649 1663 1720 solent
1677 1650 1849 1735 examina,
1874 1654 2078 1725 nonsolum
2095 1653 2287 1727 Gramma.

250 1773 285 1831 et
313 1753 543 1845 disceptando
579 1750 782 1821 facilitatem
815 1744 1144 1841 humanitatemque
1177 1747 1241 1815 ad·
1293 1750 1383 1820 ticae
1411 1762 1445 1819 et
1467 1747 1681 1821 Dialecticae
1705 1751 1867 1822 exercitia
1896 1768 1999 1838 sunt,
2026 1757 2088 1831 sed
2109 1752 2286 1851 quaedam

128 1853 129 1856 ¹
250 1858 459 1932 suefaciunt.
511 1852 666 1942 Quidam
700 1853 797 1919 euim
831 1851 871 1918 in
904 1846 961 1919 his
996 1849 1242 1938 congressibus
1294 1852 1399 1921 etiam
1426 1845 1625 1944 κατήχησις
1662 1853 1913 1926 ecclesiasticae
1944 1858 2136 1930 doctrinae.
2195 1856 2287 1930 Exi-

250 1962 362 2051 magis
376 1972 460 2029 sunt
473 1953 714 2025 intractabiles
728 1978 768 2022 ac
786 1953 929 2037 morosi,
955 1976 1061 2044 quam
1079 1946 1241 2019 homines
1294 1966 1427 2042 guntur
1438 1952 1533 2021 enim
1550 1955 1751 2025 rudimenta
1775 1956 1915 2046 pietatis
1928 1958 1973 2029 ab
1990 1961 2284 2043 adolescentibus,

253 2063 435 2134 doctrinae
451 2058 576 2128 studiis
593 2056 749 2125 excultos
767 2057 876 2124 decet.
911 2050 986 2123 Alii
1005 2077 1112 2143 porro
1129 2051 1242 2121 subli-
1293 2067 1328 2124 et
1345 2054 1375 2123 si
1393 2077 1484 2148 quae
1500 2078 1627 2146 parum
1644 2059 1829 2127 commode
1843 2059 2033 2151 opiniones
2052 2064 2096 2132 de
2112 2063 2284 2153 religione

251 2165 308 2235 mi.
321 2161 519 2251 arrogantia
537 2158 680 2229 subnixi
696 2180 816 2240 suam,
847 2155 962 2248 siqua
979 2169 1042 2239 est,
1068 2154 1242 2224 eruditio·
1294 2157 1383 2225 sorte
1415 2177 1599 2247 perperam
1622 2152 1829 2245 haeserunt,
1855 2161 1983 2232 animis
2003 2165 2209 2236 evelluntur
2231 2179 2287 2236 at-

252 2288 414 2337 nemeen
430 2260 569 2352 Regum
580 2242 766 2328 Persarum
781 2252 945 2351 mysteria
963 2258 1090 2341 celant,
1117 2269 1152 2326 et
1167 2256 1241 2325 sola
1294 2282 1363 2351 que
1385 2259 1553 2328 adversus
1575 2259 1708 2329 multos
1733 2260 1859 2331 noxios
1877 2286 2015 2334 errores
2038 2280 2179 2358 pectora
2205 2291 2286 2338 mn-

252 2369 434 2438 maiestate
460 2388 500 2433 ac
525 2361 681 2432 tenebris
704 2367 817 2431 tutam
845 2374 1009 2444 censent,
1043 2383 1124 2428 cum
1148 2352 1242 2426 nihil
1293 2361 1457 2431 niuntur.
1510 2359 1617 2448 Quod
1651 2385 1758 2452 quam
1790 2387 1917 2454 operae
1943 2366 2101 2457 precium
2132 2369 2195 2454 sit,
2229 2364 2286 2439 his

251 2482 436 2563 promant,
462 2458 556 2534 nihil
572 2463 765 2555 quidquam
782 2462 826 2549 de
844 2485 909 2530 suu
925 2461 964 2530 in
984 2461 1142 2531 medium
1158 2484 1241 2552 pro·
1294 2462 1498 2553 praesertim
1526 2463 1748 2554 temporibus
1769 2488 1844 2536 non
1864 2467 1947 2536 satis
1968 2469 2042 2538 dici
2062 2483 2189 2561 potest.
2243 2468 2287 2541 ln

250 2573 385 2652 ierant,
410 2590 491 2637 cum
507 2565 650 2634 nemine
665 2563 941 2638 communicent.
992 2560 1069 2632 llos
1090 2562 1121 2632 si
1136 2585 1242 2656 excu·
1295 2559 1361 2633 hac
1381 2563 1477 2633 enim
1499 2577 1597 2641 tanta
1621 2566 1807 2637 securitate
1829 2562 2015 2639 bominum
2037 2586 2072 2643 et
2092 2572 2231 2642 incuria
2244 2597 2285 2644 ac

203 2675 208 2685 '
252 2674 337 2756 tias,
368 2667 529 2738 invenias
554 2667 753 2759 plerunque
776 2664 918 2749 inanes,
950 2679 985 2736 et
1005 2659 1073 2735 boc
1099 2678 1150 2734 est
1178 2687 1241 2733 cur
1295 2666 1507 2755 negligentia
1534 2667 1733 2756 religionis,
1767 2691 1906 2738 necesse
1930 2683 1982 2740 est
2005 2666 2098 2742 hanc
2126 2686 2285 2743 teneram

253 2771 448 2846 examinari
475 2783 580 2862 atque
604 2767 719 2839 excuti
746 2779 931 2858 tantopere
958 2768 1127 2856 fugitant3
1165 2789 1242 2834 me·
1293 2781 1443 2839 aetatem
1459 2793 1599 2862 quoque
1614 2768 1711 2839 velut
1724 2769 1865 2860 publica
1878 2771 2088 2860 contagione
2105 2772 2284 2853 inlectam,

251 2873 481 2952 tuuntenim,
507 2895 553 2939 ne
569 2872 613 2940 de
628 2893 692 2940 sua
707 2869 894 2940 autoritate
908 2883 968 2939 aut
984 2870 1241 2940 existimatione
1293 2870 1499 2962 profanam,
1532 2895 1573 2940 ac
1597 2870 1736 2962 pietatis
1759 2883 2041 2943 contemnentem
2063 2874 2159 2963 lieri3
2194 2900 2285 2969 quae

251 2977 454 3072 plusculum
472 2974 655 3057 amittant,
681 2972 711 3040 si
733 2995 769 3040 se
786 2971 958 3063 aperiant·
977 3005 979 3008 ⁴
1008 2969 1077 3040 His
1094 2971 1241 3063 permit·
1295 2996 1375 3042 cum
1392 2971 1438 3041 sit
1453 2972 1684 3042 seminarium
1699 2970 1877 3045 Ecclesiae
1898 2997 1938 3044 ac
1952 2971 2176 3068 Rerumpub.
2194 2978 2284 3047 etin

252 3095 369 3152 tamus
394 3092 434 3148 ut
459 3076 611 3146 aliorum
634 3073 805 3165 opinione
827 3074 947 3164 magni
970 3074 1136 3168 doctique
1160 3074 1260 3158 sint,‘
1294 3069 1362 3144 boc
1378 3088 1522 3144 veterno
1542 3069 1650 3145 huius
1666 3073 1776 3146 seculi
1793 3087 1963 3168 tantoque
1980 3087 2185 3169 contemptu
2198 3079 2286 3148 reli-

253 3204 316 3252 sua
329 3178 474 3247 maximi
487 3201 527 3245 ac
541 3176 734 3247 doctissimi
756 3189 914 3246 tumeant
928 3201 1033 3270 quam
1051 3176 1182 3261 velint,
1207 3190 1242 3246 et
1294 3175 1409 3266 gionis
1432 3189 1641 3260 succrescat,
1671 3175 1757 3245 satis
1777 3177 1940 3266 adparet,
1966 3201 2071 3270 quam
2095 3173 2287 3252 horribiles

252 3283 315 3354 vel·
333 3303 440 3350 ranae
460 3275 652 3366 Aesopieae
679 3276 837 3366 exemplo
856 3300 940 3347 cum
960 3278 1071 3349 tauris
1097 3290 1243 3362 certent,
1296 3279 1463 3348 tenebrae
1480 3301 1520 3345 ac
1533 3278 1677 3347 vastitas
1694 3289 1852 3366 posteros
1867 3291 2010 3349 nostrus
2028 3279 2074 3349 sit
2089 3296 2286 3372 exceptura.

253 3389 367 3458 donec
393 3383 438 3451 ad
464 3403 640 3449 summum
664 3378 780 3446 inllati
806 3392 960 3468 crepent.
1011 3378 1086 3466 Qui
1113 3381 1242 3451 rectius
1293 3377 1384 3450 Cum
1399 3378 1553 3470 alioqui,
1575 3378 1875 3471 quemadmodum
1889 3381 2024 3451 semina
2038 3382 2232 3473 acplantae
2247 3386 2286 3454 in

253 3500 370 3558 mente
385 3483 566 3566 valebunt,
584 3475 623 3549 hi
638 3504 712 3549 non
729 3502 845 3550 errare
861 3481 971 3570 magis
988 3482 1118 3567 volent,
1135 3506 1240 3576 quam
1294 3481 1452 3570 singulos
1480 3502 1595 3549 annos
1627 3481 1839 3568 degenerare
1868 3482 2000 3568 solent,
2032 3483 2105 3553 sato
2129 3489 2286 3577 quodam

254 3591 347 3659 viam
365 3584 502 3668 doceri,
528 3597 631 3676 atque
648 3582 808 3652 examina
830 3595 864 3652 et
879 3583 964 3653 istos
982 3607 1187 3673 congressus
1203 3598 1243 3654 ut
1291 3582 1415 3653 'omnia
1437 3604 1598 3653 successu
1621 3594 1821 3677 temporum
1844 3583 1882 3652 in
1902 3583 2003 3676 peius
2025 3579 2205 3667 trahente,
2233 3587 2286 3658 ita

224 3689 504 3764 ,saluberrimos
536 3684 662 3754 studiis
694 3698 799 3777 atque
830 3685 1039 3754 utilissimos
1069 3688 1242 3777 magnifa-
1295 3680 1458 3754 homines
1488 3708 1629 3777 quoque
1657 3684 1876 3772 singularum
1907 3698 2059 3756 aetatum
2092 3688 2289 3760 deteriores

251 3794 357 3878 cient,
382 3791 549 3883 quodque
565 3800 734 3878 poterunt
748 3788 792 3855 de
807 3810 870 3856 suo
889 3812 1030 3881 quoque
1044 3790 1088 3857 ad
1106 3813 1146 3859 ca
1162 3802 1241 3859 tan·
1295 3787 1402 3883 nasci,
1428 3811 1468 3856 ac
1483 3808 1653 3875 sempera
1669 3786 1860 3876 superioris
1875 3788 1983 3858 seculi
1998 3787 2140 3877 ingenio
2156 3789 2191 3860 et
2205 3815 2287 3862 mo·

251 3919 358 3991 quam
374 3894 418 3962 ad
433 3891 579 3985 aliquod
603 3910 770 3981 magnum
792 3890 975 3981 publicum
998 3891 1135 3961 bonum
1157 3916 1242 3961 con·
1294 3889 1394 3959 ribus
1411 3889 1515 3976 louge
1530 3888 1741 3977 degenerare
1756 3889 1949 3960 videamus.
2002 3888 2123 3977 Quare
2136 3904 2177 3963 ut
2192 3894 2289 3983 agri-

251 4001 377 4070 lerent.
1295 3992 1392 4061 colae
1415 4005 1490 4061 arte
1513 4014 1553 4059 ac
1576 3990 1779 4080 diligentia,
1811 3992 2113 4084 dumquotaunis
2134 3996 2288 4067 maxima

354 4095 519 4166 Diximus
532 4094 577 4161 de
597 4093 799 4161 examinum
820 4093 974 4164 utilitate
998 4109 1031 4167 et
1047 4096 1076 4166 si
1092 4121 1130 4167 ea
1144 4110 1240 4189 tanta
1296 4117 1454 4188 quaeque
1468 4115 1578 4162 mann
1589 4093 1726 4182 legunt,
1745 4092 1800 4160 illi
1814 4092 1990 4164 seminum
2006 4095 2196 4166 mutationi
2211 4120 2288 4167 ωο-

253 4214 374 4274 ettam
390 4195 576 4286 multiplex
597 4208 665 4277 est,
692 4208 732 4264 nt
755 4217 821 4262 nec
845 4194 883 4261 in
904 4190 970 4264 bac
990 4198 1159 4287 temporis
1177 4222 1242 4267 an·
1295 4197 1372 4265 deri
1386 4197 1544 4279 student,
1571 4195 1619 4263 ita
1632 4194 1727 4262 viros
1742 4188 1908 4264 honestos
1926 4219 2084 4289 quosque
2106 4222 2188 4268 cum
2203 4222 2287 4270 sno-

253 4301 387 4395 gustia,
412 4320 527 4390 neque
543 4319 563 4364 a
578 4319 634 4362 me
657 4289 804 4364 homine
820 4297 864 4363 ad
886 4296 1076 4366 dicendum
1096 4299 1243 4368 minime
1296 4323 1374 4369 rum
1397 4311 1599 4386 temporum
1621 4294 1718 4364 vitiis
1740 4318 1896 4385 pugnare
1914 4311 2070 4389 oportet,
2097 4303 2195 4394 quod
2217 4300 2287 4370 nisi

252 4409 427 4476 instructo
445 4398 528 4467 satis
545 4397 815 4465 commemorari
831 4397 954 4486 possit.
1005 4397 1144 4468 Nostris
1159 4424 1242 4469 vero
1294 4401 1375 4485 liat,
1408 4398 1528 4495 omnia
1553 4397 1654 4466 brevi
1679 4395 1719 4464 in
1740 4421 1903 4489 praeceps
1930 4400 2067 4471 ruitura
2091 4403 2286 4477 videamus.

253 4501 473 4595 temporibus
489 4500 654 4569 iuventus
672 4492 728 4566 his
742 4495 889 4593 τριβαῖς
904 4499 1015 4591 magis
1033 4499 1137 4569 etiam
1154 4526 1243 4593 opus
1295 4498 1354 4571 Ad
1378 4502 1531 4571 eundem
1560 4499 1716 4591 modum
1731 4498 1802 4567 nisi
1827 4500 1911 4570 totis
1935 4501 2073 4572 viribus
2102 4505 2287 4576 resistatur

253 4606 377 4691 habet,
402 4604 498 4699 quod
520 4596 606 4670 haec
622 4614 733 4681 aetas,
758 4615 797 4671 ut
818 4600 897 4670 aliis
914 4601 953 4672 in
970 4604 1076 4673 rebus
1091 4627 1109 4670 a
1126 4603 1241 4693 legum
1295 4597 1425 4672 horum
1440 4615 1639 4690 temporum
1656 4601 1889 4690 negligentiae
1904 4617 2010 4695 atque
2025 4605 2188 4693 inertiae,
2208 4630 2287 4677 me-

254 4708 406 4781 vinculis
438 4707 549 4775 libera
576 4703 654 4772 vult
680 4726 774 4787 esse,
805 4717 840 4773 et
866 4706 978 4794 magis
1003 4729 1109 4799 quam
1137 4708 1242 4774 credo
1295 4692 1468 4774 luendum
1483 4716 1545 4785 est,
1570 4700 1616 4770 ne
1632 4704 1675 4771 ad
1691 4718 1851 4793 posterus
1865 4727 1989 4793 magna
2007 4731 2048 4776 ex
2064 4722 2163 4800 parte
2177 4723 2212 4780 et
2227 4732 2287 4780 re·

252 4807 401 4884 antebac
423 4809 515 4893 nlla,
536 4820 724 4876 contumax
748 4829 788 4873 ac
810 4807 903 4876 freni
930 4808 1118 4896 impatiens
1144 4808 1242 4877 ordi·
1294 4805 1437 4896 ligionis
1461 4803 1643 4884 doctrina,
1674 4819 1708 4875 et
1735 4819 1889 4874 caeterae
1911 4831 2053 4901 qnoque
2074 4812 2288 4903 disciplinae

252 4917 378 5008 nisque
402 4925 437 4982 et
458 4909 666 5000 disciplinae
687 4907 922 5000 contemptrix
947 4923 1015 4994 est,
1040 4909 1090 4979 ita
1113 4910 1242 4980 artium
1293 4908 1367 4978 sint
1390 4906 1606 4978 interiturae.
1658 4905 1748 4977 Nam
1772 4903 1946 4994 Ecclesia,
1980 4935 2054 4980 non
2076 4912 2147 4982 iam
2167 4914 2288 4983 dicam

252 5039 395 5112 quoque
409 5024 590 5104 praecepta
604 5011 737 5102 respuit
750 5027 859 5104 atque,
870 5011 1114 5101 adspematur.
1141 5011 1243 5100 Quo·
1294 5013 1338 5081 de
1361 5008 1516 5078 alumnis
1533 5009 1589 5076 vel
1605 5007 1807 5100 discipulis,
1833 5006 2005 5081 Doctores
2022 5029 2115 5086 certe
2139 5038 2216 5087 non
2233 5028 2288 5087 est

251 5145 332 5192 rum
348 5131 469 5187 utrum
485 5114 670 5184 nocentius
686 5115 749 5198 sit,
773 5109 868 5183 haud
890 5113 992 5182 facile
1008 5115 1104 5184 dictu
1126 5114 1243 5198 suerit,
1281 5108 1478 5191 -babitura,
1505 5124 1540 5180 et
1554 5111 1812 5201 dispensatores
1827 5114 2075 5206 mysteriorum
2094 5118 2179 5211 Dei,
2203 5142 2287 5190 cnm

251 5247 332 5296 cum
347 5221 496 5289 alterum
510 5213 892 5305 Rerumpub.alterum
907 5216 1036 5285 artium
1052 5239 1091 5285 ac
1107 5216 1241 5287 doctri·
1293 5216 1341 5284 ita
1357 5213 1556 5303 negligatur
1574 5213 1673 5282 verbi
1692 5211 1807 5281 divini
1823 5217 1996 5291 tractatio.
2039 5216 2180 5291 Deinde
2197 5243 2289 5314 qua·

230 5350 318 5397 nae
339 5321 481 5392 ruinam
507 5310 636 5389 trahat.
697 5315 799 5404 Quae
820 5318 913 5403 duo,
944 5340 1072 5409 nempe
1092 5318 1185 5408 leges
1208 5331 1243 5387 et
1293 5318 1362 5386 lem
1386 5331 1550 5407 putemus
1570 5314 1733 5383 militiam
1760 5315 1796 5384 iu
1821 5319 2062 5408 superioribus
2086 5322 2289 5414 disciplinis

187 5499 190 5504 .
249 5428 432 5508 doctrina,
454 5434 493 5492 ut
509 5419 650 5490 foedere
667 5421 822 5512 quodam
844 5420 989 5492 interse
1011 5422 1132 5493 iuncta
1150 5433 1243 5505 sunt,
1279 5421 1470 5510 vfuturam,
1494 5442 1573 5488 curn
1588 5417 1628 5486 in
1644 5410 1699 5484 his
1713 5417 1909 5509 primarum
1924 5422 2054 5494 artium
2070 5425 2289 5498 rudimentis
