<?xml version="1.0" encoding="UTF-8"?>
<!DOCTYPE html PUBLIC "-//W3C//DTD XHTML 1.0 Transitional//EN"
    "http://www.w3.org/TR/xhtml1/DTD/xhtml1-transitional.dtd">
<html xmlns="http://www.w3.org/1999/xhtml" xml:lang="en" lang="en">
 <head>
  <title>
</title>
<meta http-equiv="Content-Type" content="text/html;charset=utf-8" />
  <meta name='ocr-system' content='tesseract 3.04.00' />
  <meta name='ocr-capabilities' content='ocr_page ocr_carea ocr_par ocr_line ocrx_word'/>
</head>
<body>
  <div class='ocr_page' id='page_1' title='image "./philippimelanth21melagoog_0012.png"; bbox 0 0 4732 6030; ppageno 0'>
   <div class='ocr_carea' id='block_1_1' title="bbox 159 252 2201 359">
    <p class='ocr_par' dir='ltr' id='par_1_1' title="bbox 159 252 2201 359">
     <span class='ocr_line' id='line_1_1' title="bbox 159 252 2201 359; baseline -0.02 -2"><span class='ocrx_word' id='word_1_1' title='bbox 159 280 255 359; x_wconf 71' lang='lat' dir='ltr'>suat</span> <span class='ocrx_word' id='word_1_2' title='bbox 696 266 856 346; x_wconf 81' lang='lat' dir='ltr'>DECL.</span> <span class='ocrx_word' id='word_1_3' title='bbox 889 265 965 341; x_wconf 83' lang='lat' dir='ltr'>DE</span> <span class='ocrx_word' id='word_1_4' title='bbox 999 253 1372 339; x_wconf 80' lang='lat' dir='ltr'>NATlVlTATIl</span> <span class='ocrx_word' id='word_1_5' title='bbox 1403 252 1665 331; x_wconf 75' lang='lat' dir='ltr'>cnutsrt.</span> <span class='ocrx_word' id='word_1_6' title='bbox 2103 254 2201 331; x_wconf 64' lang='grc' dir='ltr'>ιω</span> 
     </span>
    </p>
   </div>
   <div class='ocr_carea' id='block_1_2' title="bbox 158 426 2201 647">
    <p class='ocr_par' dir='ltr' id='par_1_2' title="bbox 158 426 2201 647">
     <span class='ocr_line' id='line_1_2' title="bbox 158 426 2201 537; baseline -0.019 -10"><span class='ocrx_word' id='word_1_7' title='bbox 158 453 379 527; x_wconf 75' lang='lat' dir='ltr'>hortantum</span> <span class='ocrx_word' id='word_1_8' title='bbox 396 473 479 521; x_wconf 85' lang='lat' dir='ltr'>vere</span> <span class='ocrx_word' id='word_1_9' title='bbox 496 449 656 522; x_wconf 88' lang='lat' dir='ltr'>tribuere</span> <span class='ocrx_word' id='word_1_10' title='bbox 672 445 821 537; x_wconf 80' lang='lat' dir='ltr'>gloriam</span> <span class='ocrx_word' id='word_1_11' title='bbox 840 440 939 527; x_wconf 88' lang='lat' dir='ltr'>Deo,</span> <span class='ocrx_word' id='word_1_12' title='bbox 964 438 1027 534; x_wconf 89' lang='lat' dir='ltr'>qui</span> <span class='ocrx_word' id='word_1_13' title='bbox 1042 437 1156 507; x_wconf 80' lang='lat' dir='ltr'>filium</span> <span class='ocrx_word' id='word_1_14' title='bbox 1312 426 1385 499; x_wconf 91' lang='lat' dir='ltr'>Vos</span> <span class='ocrx_word' id='word_1_15' title='bbox 1412 451 1555 522; x_wconf 89' lang='lat' dir='ltr'>quoque</span> <span class='ocrx_word' id='word_1_16' title='bbox 1581 429 1820 499; x_wconf 78' lang='lat' dir='ltr'>adolescentes</span> <span class='ocrx_word' id='word_1_17' title='bbox 1846 432 1986 520; x_wconf 70' lang='lat' dir='ltr'>quoties</span> <span class='ocrx_word' id='word_1_18' title='bbox 2004 429 2118 503; x_wconf 65' lang='lat' dir='ltr'>libr-0⁸</span> <span class='ocrx_word' id='word_1_19' title='bbox 2138 454 2201 500; x_wconf 65' lang='lat' dir='ltr'>ve.</span> 
     </span>
     <span class='ocr_line' id='line_1_3' title="bbox 160 530 2201 647; baseline -0.012 -21"><span class='ocrx_word' id='word_1_20' title='bbox 160 567 364 647; x_wconf 86' lang='lat' dir='ltr'>agnoscunt.</span> <span class='ocrx_word' id='word_1_21' title='bbox 1208 546 1299 604; x_wconf 89' lang='lat' dir='ltr'>stros</span> <span class='ocrx_word' id='word_1_22' title='bbox 1320 530 1494 622; x_wconf 78' lang='lat' dir='ltr'>aspicitis,</span> <span class='ocrx_word' id='word_1_23' title='bbox 1520 530 1668 621; x_wconf 90' lang='lat' dir='ltr'>cogitate</span> <span class='ocrx_word' id='word_1_24' title='bbox 1690 532 1846 622; x_wconf 88' lang='lat' dir='ltr'>primum</span> <span class='ocrx_word' id='word_1_25' title='bbox 1867 536 1912 605; x_wconf 91' lang='lat' dir='ltr'>de</span> <span class='ocrx_word' id='word_1_26' title='bbox 1935 534 2009 605; x_wconf 88' lang='lat' dir='ltr'>lilio</span> <span class='ocrx_word' id='word_1_27' title='bbox 2024 534 2112 620; x_wconf 88' lang='lat' dir='ltr'>Dei,</span> <span class='ocrx_word' id='word_1_28' title='bbox 2137 534 2201 627; x_wconf 84' lang='lat' dir='ltr'>qui</span> 
     </span>
    </p>
   </div>
   <div class='ocr_carea' id='block_1_3' title="bbox 1126 628 2201 733">
    <p class='ocr_par' dir='ltr' id='par_1_3' title="bbox 1126 628 2201 733">
     <span class='ocr_line' id='line_1_4' title="bbox 1126 628 2201 733; baseline 0.002 -29"><span class='ocrx_word' id='word_1_29' title='bbox 1126 686 1136 704; x_wconf 91' lang='lat'>.</span> <span class='ocrx_word' id='word_1_30' title='bbox 1209 649 1262 706; x_wconf 90' lang='lat' dir='ltr'>est</span> <span class='ocrx_word' id='word_1_31' title='bbox 1284 628 1392 733; x_wconf 74' lang='grc' dir='ltr'><strong><em>λόγος</em></strong></span> <span class='ocrx_word' id='word_1_32' title='bbox 1414 647 1449 704; x_wconf 91' lang='lat' dir='ltr'>et</span> <span class='ocrx_word' id='word_1_33' title='bbox 1466 634 1549 702; x_wconf 90' lang='lat' dir='ltr'>fons</span> <span class='ocrx_word' id='word_1_34' title='bbox 1571 633 1782 725; x_wconf 79' lang='lat' dir='ltr'>sapientiae,</span> <span class='ocrx_word' id='word_1_35' title='bbox 1806 647 1847 704; x_wconf 92' lang='lat' dir='ltr'>ut</span> <span class='ocrx_word' id='word_1_36' title='bbox 1861 634 1996 708; x_wconf 90' lang='lat' dir='ltr'>aeterni</span> <span class='ocrx_word' id='word_1_37' title='bbox 2011 637 2122 729; x_wconf 90' lang='lat' dir='ltr'>patris</span> <span class='ocrx_word' id='word_1_38' title='bbox 2135 658 2201 706; x_wconf 89' lang='lat' dir='ltr'>vo·</span> 
     </span>
    </p>
   </div>
   <div class='ocr_carea' id='block_1_4' title="bbox 261 687 2288 831">
    <p class='ocr_par' dir='ltr' id='par_1_4' title="bbox 261 687 2288 831">
     <span class='ocr_line' id='line_1_5' title="bbox 261 687 2288 831; baseline 0.011 -45"><span class='ocrx_word' id='word_1_39' title='bbox 261 697 560 789; x_wconf 69' lang='lat' dir='ltr'>Add¹¹¹1¹¹¹¹¹8⁸¹¹</span> <span class='ocrx_word' id='word_1_40' title='bbox 578 710 613 768; x_wconf 71' lang='lat'>¹¹</span> <span class='ocrx_word' id='word_1_41' title='bbox 631 720 752 791; x_wconf 59' lang='lat' dir='ltr'><strong>Pacem</strong></span> <span class='ocrx_word' id='word_1_42' title='bbox 771 687 1156 763; x_wconf 63' lang='lat' dir='ltr'>³d¹⁰¹reh¹¹⁰⁰D⁰m¹&#39;</span> <span class='ocrx_word' id='word_1_43' title='bbox 1208 740 1381 808; x_wconf 89' lang='lat' dir='ltr'>luntatem</span> <span class='ocrx_word' id='word_1_44' title='bbox 1397 761 1439 806; x_wconf 85' lang='lat' dir='ltr'>ex</span> <span class='ocrx_word' id='word_1_45' title='bbox 1454 736 1535 806; x_wconf 92' lang='lat' dir='ltr'>sinu</span> <span class='ocrx_word' id='word_1_46' title='bbox 1551 737 1626 806; x_wconf 88' lang='lat' dir='ltr'>eius</span> <span class='ocrx_word' id='word_1_47' title='bbox 1639 736 1799 826; x_wconf 87' lang='lat' dir='ltr'>protulit.</span> <span class='ocrx_word' id='word_1_48' title='bbox 1852 736 1909 809; x_wconf 84' lang='lat' dir='ltr'>Ad</span> <span class='ocrx_word' id='word_1_49' title='bbox 1929 734 2035 811; x_wconf 91' lang='lat' dir='ltr'>huius</span> <span class='ocrx_word' id='word_1_50' title='bbox 2050 740 2201 831; x_wconf 91' lang='lat' dir='ltr'>gloriam</span> <span class='ocrx_word' id='word_1_51' title='bbox 2282 756 2288 773; x_wconf 74' lang='grc'><em>“</em></span> 
     </span>
    </p>
   </div>
   <div class='ocr_carea' id='block_1_5' title="bbox 162 794 2201 924">
    <p class='ocr_par' dir='ltr' id='par_1_5' title="bbox 162 794 2201 924">
     <span class='ocr_line' id='line_1_6' title="bbox 162 794 2201 924; baseline 0.004 -23"><span class='ocrx_word' id='word_1_52' title='bbox 162 832 250 879; x_wconf 87' lang='lat'>¹¹¹¹¹¹¹</span> <span class='ocrx_word' id='word_1_53' title='bbox 273 805 394 898; x_wconf 70' lang='lat' dir='ltr'>8¹n⁰¹¹</span> <span class='ocrx_word' id='word_1_54' title='bbox 418 798 588 874; x_wconf 74' lang='lat'>¹¹¹¹¹¹¹³¹¹⁰·</span> <span class='ocrx_word' id='word_1_55' title='bbox 640 795 836 888; x_wconf 64' lang='lat' dir='ltr'><strong>Ogmum</strong></span> <span class='ocrx_word' id='word_1_56' title='bbox 856 808 890 866; x_wconf 49' lang='grc' dir='ltr'>οἱ</span> <span class='ocrx_word' id='word_1_57' title='bbox 904 794 1007 864; x_wconf 69' lang='lat'>‘¹⁰¹⁶‘</span> <span class='ocrx_word' id='word_1_58' title='bbox 1025 813 1155 908; x_wconf 61' lang='lat' dir='ltr'>n⁰m⁰¹l</span> <span class='ocrx_word' id='word_1_59' title='bbox 1208 821 1404 911; x_wconf 85' lang='lat' dir='ltr'>ornandam</span> <span class='ocrx_word' id='word_1_60' title='bbox 1437 838 1553 910; x_wconf 88' lang='lat' dir='ltr'>studia</span> <span class='ocrx_word' id='word_1_61' title='bbox 1582 838 1727 924; x_wconf 79' lang='lat' dir='ltr'>referte,</span> <span class='ocrx_word' id='word_1_62' title='bbox 1760 851 1794 908; x_wconf 90' lang='lat' dir='ltr'>et</span> <span class='ocrx_word' id='word_1_63' title='bbox 1817 855 1930 911; x_wconf 86' lang='lat' dir='ltr'>vestra</span> <span class='ocrx_word' id='word_1_64' title='bbox 1954 841 2201 914; x_wconf 76' lang='lat' dir='ltr'>moderatione</span> 
     </span>
    </p>
   </div>
   <div class='ocr_carea' id='block_1_6' title="bbox 160 896 2201 1035">
    <p class='ocr_par' dir='ltr' id='par_1_6' title="bbox 160 896 2201 1035">
     <span class='ocr_line' id='line_1_7' title="bbox 160 896 2201 1035; baseline 0.009 -42"><span class='ocrx_word' id='word_1_65' title='bbox 160 909 256 1005; x_wconf 74' lang='lat' dir='ltr'>P³⁰¹⁵</span> <span class='ocrx_word' id='word_1_66' title='bbox 288 905 536 1001; x_wconf 70' lang='lat' dir='ltr'>P¹⁰d¹¹¹¹¹¹¹¹¹⁵·</span> <span class='ocrx_word' id='word_1_67' title='bbox 606 901 675 972; x_wconf 68' lang='lat'>3⁰¹¹</span> <span class='ocrx_word' id='word_1_68' title='bbox 699 896 855 970; x_wconf 59' lang='lat' dir='ltr'>Ecdesia</span> <span class='ocrx_word' id='word_1_69' title='bbox 879 897 1035 968; x_wconf 65' lang='lat' dir='ltr'>⁸¹¹b¹⁰⁰¹³</span> <span class='ocrx_word' id='word_1_70' title='bbox 1059 917 1155 962; x_wconf 65' lang='lat'>“¹¹⁰¹</span> <span class='ocrx_word' id='word_1_71' title='bbox 1207 943 1274 1015; x_wconf 90' lang='lat' dir='ltr'>Dei</span> <span class='ocrx_word' id='word_1_72' title='bbox 1306 964 1471 1026; x_wconf 90' lang='lat' dir='ltr'>munera,</span> <span class='ocrx_word' id='word_1_73' title='bbox 1504 965 1641 1034; x_wconf 88' lang='lat' dir='ltr'>pacem,</span> <span class='ocrx_word' id='word_1_74' title='bbox 1675 942 1968 1035; x_wconf 88' lang='lat' dir='ltr'>tranquillitatem</span> <span class='ocrx_word' id='word_1_75' title='bbox 1997 946 2201 1016; x_wconf 88' lang='lat' dir='ltr'>animorum</span> 
     </span>
    </p>
   </div>
   <div class='ocr_carea' id='block_1_7' title="bbox 159 1002 2200 1205">
    <p class='ocr_par' dir='ltr' id='par_1_7' title="bbox 159 1002 2200 1205">
     <span class='ocr_line' id='line_1_8' title="bbox 159 1002 2200 1205; baseline -0.02 -52"><span class='ocrx_word' id='word_1_76' title='bbox 159 1002 1155 1205; x_wconf 47' lang='grc' dir='ltr'>ἕέςέθωὶχῃζῗζ[ἑᾞῖῑηὶᾞξξΓρέἓῃίῐῐὲζίἒὲωθῑρέἓξὲἳῗ</span> <span class='ocrx_word' id='word_1_77' title='bbox 1207 1044 1247 1116; x_wconf 91' lang='lat' dir='ltr'>in</span> <span class='ocrx_word' id='word_1_78' title='bbox 1269 1045 1372 1114; x_wconf 89' lang='lat' dir='ltr'>vohis</span> <span class='ocrx_word' id='word_1_79' title='bbox 1388 1058 1422 1113; x_wconf 88' lang='lat' dir='ltr'>et</span> <span class='ocrx_word' id='word_1_80' title='bbox 1440 1043 1537 1124; x_wconf 92' lang='lat' dir='ltr'>aliis,</span> <span class='ocrx_word' id='word_1_81' title='bbox 1563 1058 1598 1115; x_wconf 90' lang='lat' dir='ltr'>et</span> <span class='ocrx_word' id='word_1_82' title='bbox 1612 1045 1838 1113; x_wconf 79' lang='lat' dir='ltr'>concordiam</span> <span class='ocrx_word' id='word_1_83' title='bbox 1857 1047 2026 1117; x_wconf 90' lang='lat' dir='ltr'>omnibus</span> <span class='ocrx_word' id='word_1_84' title='bbox 2039 1042 2200 1117; x_wconf 80' lang='lat' dir='ltr'>honestis</span> 
     </span>
    </p>
   </div>
   <div class='ocr_carea' id='block_1_8' title="bbox 160 1143 2201 1409">
    <p class='ocr_par' dir='ltr' id='par_1_8' title="bbox 160 1143 2201 1409">
     <span class='ocr_line' id='line_1_9' title="bbox 410 1143 2200 1233; baseline -0.003 -12"><span class='ocrx_word' id='word_1_85' title='bbox 410 1213 417 1227; x_wconf 89' lang='lat'>.</span> <span class='ocrx_word' id='word_1_86' title='bbox 452 1211 460 1225; x_wconf 85' lang='lat'>.</span> <span class='ocrx_word' id='word_1_87' title='bbox 661 1209 670 1223; x_wconf 84' lang='lat'>.</span> <span class='ocrx_word' id='word_1_88' title='bbox 996 1202 1004 1218; x_wconf 94' lang='lat'>.</span> <span class='ocrx_word' id='word_1_89' title='bbox 1208 1147 1333 1216; x_wconf 84' lang='lat' dir='ltr'>officiis</span> <span class='ocrx_word' id='word_1_90' title='bbox 1364 1146 1465 1229; x_wconf 89' lang='lat' dir='ltr'>alite,</span> <span class='ocrx_word' id='word_1_91' title='bbox 1498 1168 1563 1214; x_wconf 90' lang='lat' dir='ltr'>nec</span> <span class='ocrx_word' id='word_1_92' title='bbox 1583 1143 1799 1215; x_wconf 82' lang='lat' dir='ltr'>contemnite</span> <span class='ocrx_word' id='word_1_93' title='bbox 1819 1148 1932 1218; x_wconf 86' lang='lat' dir='ltr'>filium</span> <span class='ocrx_word' id='word_1_94' title='bbox 1953 1145 2108 1233; x_wconf 52' lang='lat' dir='ltr'>Dei,&#39;et</span> <span class='ocrx_word' id='word_1_95' title='bbox 2130 1143 2200 1217; x_wconf 92' lang='lat' dir='ltr'>hoc</span> 
     </span>
     <span class='ocr_line' id='line_1_10' title="bbox 160 1201 2190 1321; baseline -0.012 -35"><span class='ocrx_word' id='word_1_96' title='bbox 160 1228 257 1286; x_wconf 90' lang='lat' dir='ltr'>tuam</span> <span class='ocrx_word' id='word_1_97' title='bbox 276 1212 571 1304; x_wconf 80' lang='lat' dir='ltr'>tranquillitatem</span> <span class='ocrx_word' id='word_1_98' title='bbox 587 1204 751 1276; x_wconf 78' lang='lat' dir='ltr'>habitura</span> <span class='ocrx_word' id='word_1_99' title='bbox 767 1220 838 1279; x_wconf 69' lang='lat' dir='ltr'>est:</span> <span class='ocrx_word' id='word_1_100' title='bbox 876 1203 979 1273; x_wconf 90' lang='lat' dir='ltr'>Nunc</span> <span class='ocrx_word' id='word_1_101' title='bbox 994 1201 1030 1270; x_wconf 78' lang='lat' dir='ltr'>ad</span> <span class='ocrx_word' id='word_1_102' title='bbox 1045 1212 1155 1318; x_wconf 76' lang='lat' dir='ltr'>tenet,</span> <span class='ocrx_word' id='word_1_103' title='bbox 1207 1249 1457 1319; x_wconf 60' lang='lat' dir='ltr'>admirandum</span> <span class='ocrx_word' id='word_1_104' title='bbox 1483 1247 1609 1316; x_wconf 63' lang='lat' dir='ltr'><strong>foedus</strong></span> <span class='ocrx_word' id='word_1_105' title='bbox 1632 1247 1775 1315; x_wconf 61' lang='lat' dir='ltr'>divinae</span> <span class='ocrx_word' id='word_1_106' title='bbox 1799 1244 2190 1321; x_wconf 52' lang='lat' dir='ltr'>ethumanaenamme</span> 
     </span>
     <span class='ocr_line' id='line_1_11' title="bbox 160 1302 2201 1409; baseline -0.02 -23"><span class='ocrx_word' id='word_1_107' title='bbox 160 1318 256 1409; x_wconf 90' lang='lat' dir='ltr'>quod</span> <span class='ocrx_word' id='word_1_108' title='bbox 279 1329 331 1384; x_wconf 89' lang='lat' dir='ltr'>est</span> <span class='ocrx_word' id='word_1_109' title='bbox 356 1313 602 1404; x_wconf 89' lang='lat' dir='ltr'>praecipuum,</span> <span class='ocrx_word' id='word_1_110' title='bbox 636 1310 700 1378; x_wconf 89' lang='lat' dir='ltr'>scit</span> <span class='ocrx_word' id='word_1_111' title='bbox 725 1332 845 1400; x_wconf 88' lang='lat' dir='ltr'>pacem</span> <span class='ocrx_word' id='word_1_112' title='bbox 870 1304 946 1375; x_wconf 91' lang='lat' dir='ltr'>Deo</span> <span class='ocrx_word' id='word_1_113' title='bbox 969 1305 1154 1373; x_wconf 83' lang='lat' dir='ltr'>nobiscum</span> <span class='ocrx_word' id='word_1_114' title='bbox 2191 1302 2201 1330; x_wconf 69' lang='lat' dir='ltr'><em>v</em></span> 
     </span>
    </p>
   </div>
   <div class='ocr_carea' id='block_1_9' title="bbox 162 1346 2201 1542">
    <p class='ocr_par' dir='ltr' id='par_1_9' title="bbox 162 1346 2201 1542">
     <span class='ocr_line' id='line_1_12' title="bbox 282 1346 2201 1483; baseline -0.029 -21"><span class='ocrx_word' id='word_1_115' title='bbox 282 1411 307 1483; x_wconf 80' lang='lat' dir='ltr'>h</span> <span class='ocrx_word' id='word_1_116' title='bbox 471 1416 479 1430; x_wconf 92' lang='lat'><strong>·</strong></span> <span class='ocrx_word' id='word_1_117' title='bbox 674 1412 682 1428; x_wconf 94' lang='lat'><strong>·</strong></span> <span class='ocrx_word' id='word_1_118' title='bbox 784 1407 850 1478; x_wconf 82' lang='lat' dir='ltr'>D·</span> <span class='ocrx_word' id='word_1_119' title='bbox 901 1409 912 1475; x_wconf 71' lang='grc' dir='ltr'>Ι</span> <span class='ocrx_word' id='word_1_120' title='bbox 956 1419 1048 1475; x_wconf 47' lang='lat' dir='ltr'>alam</span> <span class='ocrx_word' id='word_1_121' title='bbox 1072 1426 1145 1472; x_wconf 57' lang='lat' dir='ltr'>esse</span> <span class='ocrx_word' id='word_1_122' title='bbox 1208 1375 1272 1421; x_wconf 90' lang='lat' dir='ltr'>nec</span> <span class='ocrx_word' id='word_1_123' title='bbox 1287 1347 1526 1441; x_wconf 88' lang='lat' dir='ltr'>aspernamini</span> <span class='ocrx_word' id='word_1_124' title='bbox 1542 1348 1656 1467; x_wconf 76' lang='lat' dir='ltr'>minas</span> <span class='ocrx_word' id='word_1_125' title='bbox 1673 1349 1710 1416; x_wconf 94' lang='lat' dir='ltr'>in</span> <span class='ocrx_word' id='word_1_126' title='bbox 1725 1346 1886 1431; x_wconf 77' lang='lat' dir='ltr'>Psalmo,</span> <span class='ocrx_word' id='word_1_127' title='bbox 1911 1351 1948 1418; x_wconf 93' lang='lat' dir='ltr'>in</span> <span class='ocrx_word' id='word_1_128' title='bbox 1964 1352 2095 1444; x_wconf 66' lang='lat' dir='ltr'>quibus</span> <span class='ocrx_word' id='word_1_129' title='bbox 2110 1351 2201 1421; x_wconf 68' lang='lat' dir='ltr'>diei.</span> 
     </span>
     <span class='ocr_line' id='line_1_13' title="bbox 162 1426 2199 1542; baseline -0.027 29"><span class='ocrx_word' id='word_1_130' title='bbox 162 1441 254 1496; x_wconf 48' lang='lat' dir='ltr'>esse,</span> <span class='ocrx_word' id='word_1_131' title='bbox 310 1442 349 1485; x_wconf 63' lang='lat' dir='ltr'>oc</span> <span class='ocrx_word' id='word_1_132' title='bbox 374 1428 442 1498; x_wconf 47' lang='grc' dir='ltr'>ω’</span> <span class='ocrx_word' id='word_1_133' title='bbox 470 1426 647 1502; x_wconf 49' lang='lat' dir='ltr'><strong>mgentem</strong></span> <span class='ocrx_word' id='word_1_134' title='bbox 673 1434 761 1479; x_wconf 58' lang='lat' dir='ltr'>mm</span> <span class='ocrx_word' id='word_1_135' title='bbox 821 1434 851 1478; x_wconf 53' lang='grc' dir='ltr'>θ’</span> <span class='ocrx_word' id='word_1_136' title='bbox 878 1432 953 1498; x_wconf 60' lang='lat' dir='ltr'>pac</span> <span class='ocrx_word' id='word_1_137' title='bbox 1135 1456 1156 1520; x_wconf 86' lang='lat'>·&#39;</span> <span class='ocrx_word' id='word_1_138' title='bbox 1208 1467 1282 1524; x_wconf 91' lang='lat' dir='ltr'>tur:</span> <span class='ocrx_word' id='word_1_139' title='bbox 1310 1450 1417 1520; x_wconf 85' lang='lat' dir='ltr'>Brevi</span> <span class='ocrx_word' id='word_1_140' title='bbox 1440 1451 1541 1518; x_wconf 84' lang='lat' dir='ltr'>furor</span> <span class='ocrx_word' id='word_1_141' title='bbox 1560 1473 1634 1520; x_wconf 84' lang='lat' dir='ltr'>erus</span> <span class='ocrx_word' id='word_1_142' title='bbox 1656 1452 1872 1532; x_wconf 87' lang='lat' dir='ltr'>exardescet,</span> <span class='ocrx_word' id='word_1_143' title='bbox 1898 1475 1963 1521; x_wconf 91' lang='lat' dir='ltr'>nec</span> <span class='ocrx_word' id='word_1_144' title='bbox 1980 1451 2199 1542; x_wconf 89' lang='lat' dir='ltr'>Angelorum</span> 
     </span>
    </p>
   </div>
   <div class='ocr_carea' id='block_1_10' title="bbox 159 1501 2202 1745">
    <p class='ocr_par' dir='ltr' id='par_1_10' title="bbox 159 1501 2202 1745">
     <span class='ocr_line' id='line_1_14' title="bbox 161 1501 2201 1633; baseline -0.007 3"><span class='ocrx_word' id='word_1_145' title='bbox 161 1519 339 1588; x_wconf 56' lang='lat' dir='ltr'>sublatum</span> <span class='ocrx_word' id='word_1_146' title='bbox 372 1541 444 1586; x_wconf 65' lang='lat'>⁹⁵⁵⁸</span> <span class='ocrx_word' id='word_1_147' title='bbox 474 1514 662 1584; x_wconf 50' lang='lat' dir='ltr'>dimdium</span> <span class='ocrx_word' id='word_1_148' title='bbox 684 1510 751 1631; x_wconf 63' lang='lat' dir='ltr'>Del</span> <span class='ocrx_word' id='word_1_149' title='bbox 775 1527 809 1582; x_wconf 49' lang='grc' dir='ltr'>εἰ</span> <span class='ocrx_word' id='word_1_150' title='bbox 833 1501 1156 1626; x_wconf 60' lang='lat' dir='ltr'>3⁰⁰⁰¹i⁸.h¹¹m³⁰¹’</span> <span class='ocrx_word' id='word_1_151' title='bbox 1202 1569 1242 1627; x_wconf 80' lang='lat' dir='ltr'>et</span> <span class='ocrx_word' id='word_1_152' title='bbox 1270 1554 1456 1625; x_wconf 85' lang='lat' dir='ltr'>universae</span> <span class='ocrx_word' id='word_1_153' title='bbox 1477 1548 1656 1623; x_wconf 81' lang='lat' dir='ltr'>Ecclesiae</span> <span class='ocrx_word' id='word_1_154' title='bbox 1686 1567 1772 1623; x_wconf 88' lang='lat' dir='ltr'>vota·</span> <span class='ocrx_word' id='word_1_155' title='bbox 1798 1567 1833 1633; x_wconf 82' lang='lat' dir='ltr'>et</span> <span class='ocrx_word' id='word_1_156' title='bbox 1861 1553 1992 1625; x_wconf 89' lang='lat' dir='ltr'>iudicia</span> <span class='ocrx_word' id='word_1_157' title='bbox 2013 1554 2106 1625; x_wconf 89' lang='lat' dir='ltr'>levia</span> <span class='ocrx_word' id='word_1_158' title='bbox 2128 1578 2201 1624; x_wconf 88' lang='lat' dir='ltr'>esse</span> 
     </span>
     <span class='ocr_line' id='line_1_15' title="bbox 159 1606 2202 1745; baseline -0.005 -10"><span class='ocrx_word' id='word_1_159' title='bbox 159 1620 269 1710; x_wconf 60' lang='lat' dir='ltr'>recipi</span> <span class='ocrx_word' id='word_1_160' title='bbox 293 1621 331 1686; x_wconf 59' lang='lat'>¹¹¹</span> <span class='ocrx_word' id='word_1_161' title='bbox 353 1619 500 1709; x_wconf 54' lang='lat' dir='ltr'>gratiam</span> <span class='ocrx_word' id='word_1_162' title='bbox 520 1639 659 1698; x_wconf 66' lang='lat' dir='ltr'>⁰m¹¹²⁸’</span> <span class='ocrx_word' id='word_1_163' title='bbox 687 1632 748 1706; x_wconf 57' lang='grc' dir='ltr'>φη</span> <span class='ocrx_word' id='word_1_164' title='bbox 767 1616 811 1683; x_wconf 62' lang='lat' dir='ltr'>ad</span> <span class='ocrx_word' id='word_1_165' title='bbox 827 1606 925 1682; x_wconf 66' lang='lat' dir='ltr'>hunc</span> <span class='ocrx_word' id='word_1_166' title='bbox 941 1610 1053 1679; x_wconf 66' lang='lat' dir='ltr'>mmm</span> <span class='ocrx_word' id='word_1_167' title='bbox 1070 1628 1156 1676; x_wconf 55' lang='grc' dir='ltr'>Μ’</span> <span class='ocrx_word' id='word_1_168' title='bbox 1209 1658 1337 1727; x_wconf 88' lang='lat' dir='ltr'>ducite.</span> <span class='ocrx_word' id='word_1_169' title='bbox 1379 1626 1436 1724; x_wconf 69' lang='lat' dir='ltr'>&#39;tii</span> <span class='ocrx_word' id='word_1_170' title='bbox 1452 1628 1514 1722; x_wconf 86' lang='lat' dir='ltr'>vos</span> <span class='ocrx_word' id='word_1_171' title='bbox 1530 1626 1719 1724; x_wconf 90' lang='lat' dir='ltr'>hortantur</span> <span class='ocrx_word' id='word_1_172' title='bbox 1733 1666 1773 1724; x_wconf 92' lang='lat' dir='ltr'>ut</span> <span class='ocrx_word' id='word_1_173' title='bbox 1786 1653 1902 1726; x_wconf 89' lang='lat' dir='ltr'>Deum</span> <span class='ocrx_word' id='word_1_174' title='bbox 1919 1657 2135 1745; x_wconf 90' lang='lat' dir='ltr'>agnoscatis,</span> <span class='ocrx_word' id='word_1_175' title='bbox 2161 1671 2202 1725; x_wconf 90' lang='lat' dir='ltr'>ut</span> 
     </span>
    </p>
   </div>
   <div class='ocr_carea' id='block_1_11' title="bbox 160 1722 2205 3475">
    <p class='ocr_par' dir='ltr' id='par_1_11' title="bbox 160 1722 2202 1844">
     <span class='ocr_line' id='line_1_16' title="bbox 160 1722 2202 1844; baseline 0 -18"><span class='ocrx_word' id='word_1_176' title='bbox 160 1722 314 1810; x_wconf 65' lang='lat' dir='ltr'><strong>fugium·</strong></span> <span class='ocrx_word' id='word_1_177' title='bbox 1208 1759 1322 1828; x_wconf 85' lang='lat' dir='ltr'>lilium</span> <span class='ocrx_word' id='word_1_178' title='bbox 1349 1757 1426 1826; x_wconf 87' lang='lat' dir='ltr'>cius</span> <span class='ocrx_word' id='word_1_179' title='bbox 1447 1755 1728 1844; x_wconf 88' lang='lat' dir='ltr'>amplectamini,</span> <span class='ocrx_word' id='word_1_180' title='bbox 1763 1771 1802 1826; x_wconf 91' lang='lat' dir='ltr'>ut</span> <span class='ocrx_word' id='word_1_181' title='bbox 1824 1757 1929 1827; x_wconf 88' lang='lat' dir='ltr'>saluti</span> <span class='ocrx_word' id='word_1_182' title='bbox 1953 1771 2089 1829; x_wconf 89' lang='lat' dir='ltr'>vestrae</span> <span class='ocrx_word' id='word_1_183' title='bbox 2115 1782 2202 1828; x_wconf 89' lang='lat' dir='ltr'>con·</span> 
     </span>
    </p>

    <p class='ocr_par' dir='ltr' id='par_1_12' title="bbox 160 1855 2205 3475">
     <span class='ocr_line' id='line_1_17' title="bbox 263 1855 2202 1956; baseline -0.002 -23"><span class='ocrx_word' id='word_1_184' title='bbox 263 1864 336 1934; x_wconf 89' lang='lat' dir='ltr'>Nec</span> <span class='ocrx_word' id='word_1_185' title='bbox 356 1889 475 1956; x_wconf 83' lang='lat' dir='ltr'>pacem</span> <span class='ocrx_word' id='word_1_186' title='bbox 495 1878 655 1946; x_wconf 86' lang='lat' dir='ltr'>tantum,</span> <span class='ocrx_word' id='word_1_187' title='bbox 680 1865 739 1930; x_wconf 88' lang='lat' dir='ltr'>sed</span> <span class='ocrx_word' id='word_1_188' title='bbox 759 1877 793 1932; x_wconf 88' lang='lat' dir='ltr'>et</span> <span class='ocrx_word' id='word_1_189' title='bbox 808 1860 980 1931; x_wconf 89' lang='lat' dir='ltr'>laeticiam</span> <span class='ocrx_word' id='word_1_190' title='bbox 997 1855 1157 1927; x_wconf 89' lang='lat' dir='ltr'>homini·</span> <span class='ocrx_word' id='word_1_191' title='bbox 1208 1860 1342 1930; x_wconf 81' lang='lat' dir='ltr'>aulatis.</span> <span class='ocrx_word' id='word_1_192' title='bbox 1394 1855 1491 1925; x_wconf 88' lang='lat' dir='ltr'>Haec</span> <span class='ocrx_word' id='word_1_193' title='bbox 1513 1858 1614 1926; x_wconf 88' lang='lat' dir='ltr'>vobis</span> <span class='ocrx_word' id='word_1_194' title='bbox 1636 1858 1822 1949; x_wconf 86' lang='lat' dir='ltr'>praecipue</span> <span class='ocrx_word' id='word_1_195' title='bbox 1843 1860 2048 1930; x_wconf 89' lang='lat' dir='ltr'>meditanda</span> <span class='ocrx_word' id='word_1_196' title='bbox 2066 1861 2202 1931; x_wconf 92' lang='lat' dir='ltr'>suntin</span> 
     </span>
     <span class='ocr_line' id='line_1_18' title="bbox 160 1957 2202 2051; baseline -0.004 -13"><span class='ocrx_word' id='word_1_197' title='bbox 160 1969 227 2038; x_wconf 90' lang='lat' dir='ltr'>bus</span> <span class='ocrx_word' id='word_1_198' title='bbox 242 1962 369 2044; x_wconf 77' lang='lat' dir='ltr'>adfert,</span> <span class='ocrx_word' id='word_1_199' title='bbox 396 1961 464 2034; x_wconf 92' lang='lat' dir='ltr'>hoc</span> <span class='ocrx_word' id='word_1_200' title='bbox 480 1980 541 2049; x_wconf 90' lang='lat' dir='ltr'>cst,</span> <span class='ocrx_word' id='word_1_201' title='bbox 568 1979 607 2034; x_wconf 92' lang='lat' dir='ltr'>ut</span> <span class='ocrx_word' id='word_1_202' title='bbox 623 1964 697 2034; x_wconf 89' lang='lat' dir='ltr'>Deo</span> <span class='ocrx_word' id='word_1_203' title='bbox 714 1964 783 2030; x_wconf 84' lang='lat' dir='ltr'>iarn</span> <span class='ocrx_word' id='word_1_204' title='bbox 799 1963 1028 2043; x_wconf 83' lang='lat' dir='ltr'>delectentur,</span> <span class='ocrx_word' id='word_1_205' title='bbox 1054 1961 1156 2051; x_wconf 87' lang='lat' dir='ltr'>cique</span> <span class='ocrx_word' id='word_1_206' title='bbox 1210 1957 1263 2029; x_wconf 90' lang='lat' dir='ltr'>his</span> <span class='ocrx_word' id='word_1_207' title='bbox 1285 1960 1401 2039; x_wconf 83' lang='lat' dir='ltr'>feriis,</span> <span class='ocrx_word' id='word_1_208' title='bbox 1429 1983 1518 2051; x_wconf 87' lang='lat' dir='ltr'>quae</span> <span class='ocrx_word' id='word_1_209' title='bbox 1542 1959 1724 2029; x_wconf 88' lang='lat' dir='ltr'>institutae</span> <span class='ocrx_word' id='word_1_210' title='bbox 1744 1976 1847 2048; x_wconf 86' lang='lat' dir='ltr'>sunt,</span> <span class='ocrx_word' id='word_1_211' title='bbox 1874 1963 2030 2051; x_wconf 89' lang='lat' dir='ltr'>primum</span> <span class='ocrx_word' id='word_1_212' title='bbox 2049 1962 2202 2033; x_wconf 90' lang='lat' dir='ltr'>docendi</span> 
     </span>
     <span class='ocr_line' id='line_1_19' title="bbox 160 2059 2202 2155; baseline -0.001 -18"><span class='ocrx_word' id='word_1_213' title='bbox 160 2068 245 2138; x_wconf 90' lang='lat' dir='ltr'>laeti</span> <span class='ocrx_word' id='word_1_214' title='bbox 263 2068 301 2133; x_wconf 95' lang='lat' dir='ltr'>in</span> <span class='ocrx_word' id='word_1_215' title='bbox 317 2067 480 2155; x_wconf 88' lang='lat' dir='ltr'>gentibus</span> <span class='ocrx_word' id='word_1_216' title='bbox 496 2066 625 2134; x_wconf 88' lang='lat' dir='ltr'>animis</span> <span class='ocrx_word' id='word_1_217' title='bbox 641 2067 893 2153; x_wconf 86' lang='lat' dir='ltr'>obtemperent.</span> <span class='ocrx_word' id='word_1_218' title='bbox 945 2060 1041 2131; x_wconf 91' lang='lat' dir='ltr'>Haec</span> <span class='ocrx_word' id='word_1_219' title='bbox 1055 2061 1156 2130; x_wconf 89' lang='lat' dir='ltr'>laeti·</span> <span class='ocrx_word' id='word_1_220' title='bbox 1209 2062 1332 2155; x_wconf 92' lang='lat' dir='ltr'>populi</span> <span class='ocrx_word' id='word_1_221' title='bbox 1348 2084 1469 2145; x_wconf 88' lang='lat' dir='ltr'>causa,</span> <span class='ocrx_word' id='word_1_222' title='bbox 1496 2061 1624 2130; x_wconf 91' lang='lat' dir='ltr'>deinde</span> <span class='ocrx_word' id='word_1_223' title='bbox 1637 2075 1676 2131; x_wconf 90' lang='lat' dir='ltr'>ut</span> <span class='ocrx_word' id='word_1_224' title='bbox 1690 2061 1796 2131; x_wconf 92' lang='lat' dir='ltr'>simul</span> <span class='ocrx_word' id='word_1_225' title='bbox 1808 2059 1967 2133; x_wconf 85' lang='lat' dir='ltr'>Ecclesia</span> <span class='ocrx_word' id='word_1_226' title='bbox 1979 2066 2109 2154; x_wconf 82' lang='lat' dir='ltr'>gratias</span> <span class='ocrx_word' id='word_1_227' title='bbox 2122 2077 2202 2154; x_wconf 92' lang='lat' dir='ltr'>agat</span> 
     </span>
     <span class='ocr_line' id='line_1_20' title="bbox 162 2159 2202 2259; baseline -0.001 -20"><span class='ocrx_word' id='word_1_228' title='bbox 162 2170 216 2239; x_wconf 92' lang='lat' dir='ltr'>cia</span> <span class='ocrx_word' id='word_1_229' title='bbox 229 2191 326 2237; x_wconf 90' lang='lat' dir='ltr'>nunc</span> <span class='ocrx_word' id='word_1_230' title='bbox 341 2167 483 2258; x_wconf 91' lang='lat' dir='ltr'>quidem</span> <span class='ocrx_word' id='word_1_231' title='bbox 502 2167 621 2256; x_wconf 89' lang='lat' dir='ltr'>impiis</span> <span class='ocrx_word' id='word_1_232' title='bbox 638 2161 838 2233; x_wconf 88' lang='lat' dir='ltr'>inchoanda</span> <span class='ocrx_word' id='word_1_233' title='bbox 856 2176 926 2246; x_wconf 90' lang='lat' dir='ltr'>est,</span> <span class='ocrx_word' id='word_1_234' title='bbox 951 2163 1011 2232; x_wconf 86' lang='lat' dir='ltr'>sed</span> <span class='ocrx_word' id='word_1_235' title='bbox 1028 2163 1066 2230; x_wconf 90' lang='lat' dir='ltr'>in</span> <span class='ocrx_word' id='word_1_236' title='bbox 1084 2163 1155 2232; x_wconf 90' lang='lat' dir='ltr'>vita</span> <span class='ocrx_word' id='word_1_237' title='bbox 1208 2168 1274 2234; x_wconf 92' lang='lat' dir='ltr'>deo</span> <span class='ocrx_word' id='word_1_238' title='bbox 1287 2178 1428 2232; x_wconf 90' lang='lat' dir='ltr'>aeterno</span> <span class='ocrx_word' id='word_1_239' title='bbox 1444 2163 1535 2253; x_wconf 91' lang='lat' dir='ltr'>patri</span> <span class='ocrx_word' id='word_1_240' title='bbox 1551 2163 1690 2232; x_wconf 90' lang='lat' dir='ltr'>domini</span> <span class='ocrx_word' id='word_1_241' title='bbox 1705 2165 1818 2234; x_wconf 86' lang='lat' dir='ltr'>nostri</span> <span class='ocrx_word' id='word_1_242' title='bbox 1831 2165 1911 2237; x_wconf 92' lang='lat' dir='ltr'>Iesu</span> <span class='ocrx_word' id='word_1_243' title='bbox 1926 2159 2078 2252; x_wconf 86' lang='lat' dir='ltr'>Christi,</span> <span class='ocrx_word' id='word_1_244' title='bbox 2105 2167 2202 2259; x_wconf 91' lang='lat' dir='ltr'>quod</span> 
     </span>
     <span class='ocr_line' id='line_1_21' title="bbox 161 2261 2202 2359; baseline -0.001 -19"><span class='ocrx_word' id='word_1_245' title='bbox 161 2281 303 2340; x_wconf 90' lang='lat' dir='ltr'>aeterna</span> <span class='ocrx_word' id='word_1_246' title='bbox 330 2269 396 2336; x_wconf 90' lang='lat' dir='ltr'>erit</span> <span class='ocrx_word' id='word_1_247' title='bbox 418 2270 565 2359; x_wconf 89' lang='lat' dir='ltr'>integra.</span> <span class='ocrx_word' id='word_1_248' title='bbox 617 2266 700 2336; x_wconf 91' lang='lat' dir='ltr'>Non</span> <span class='ocrx_word' id='word_1_249' title='bbox 722 2267 941 2335; x_wconf 87' lang='lat' dir='ltr'>delectantur</span> <span class='ocrx_word' id='word_1_250' title='bbox 958 2263 1035 2336; x_wconf 89' lang='lat' dir='ltr'>Deo</span> <span class='ocrx_word' id='word_1_251' title='bbox 1053 2261 1155 2344; x_wconf 92' lang='lat' dir='ltr'>Cain,</span> <span class='ocrx_word' id='word_1_252' title='bbox 1207 2267 1320 2335; x_wconf 86' lang='lat' dir='ltr'>filium</span> <span class='ocrx_word' id='word_1_253' title='bbox 1354 2265 1566 2354; x_wconf 91' lang='lat' dir='ltr'>placatorem</span> <span class='ocrx_word' id='word_1_254' title='bbox 1600 2265 1804 2350; x_wconf 90' lang='lat' dir='ltr'>constituit,</span> <span class='ocrx_word' id='word_1_255' title='bbox 1852 2281 1888 2338; x_wconf 91' lang='lat' dir='ltr'>et</span> <span class='ocrx_word' id='word_1_256' title='bbox 1917 2281 2015 2338; x_wconf 90' lang='lat' dir='ltr'>tauto</span> <span class='ocrx_word' id='word_1_257' title='bbox 2047 2269 2202 2347; x_wconf 80' lang='lat' dir='ltr'>foedere,</span> 
     </span>
     <span class='ocr_line' id='line_1_22' title="bbox 163 2364 2202 2462; baseline -0 -21"><span class='ocrx_word' id='word_1_258' title='bbox 163 2370 267 2454; x_wconf 85' lang='lat' dir='ltr'>Saul,</span> <span class='ocrx_word' id='word_1_259' title='bbox 301 2384 333 2439; x_wconf 94' lang='lat' dir='ltr'>et</span> <span class='ocrx_word' id='word_1_260' title='bbox 357 2370 506 2453; x_wconf 89' lang='lat' dir='ltr'>similes,</span> <span class='ocrx_word' id='word_1_261' title='bbox 542 2369 604 2462; x_wconf 88' lang='lat' dir='ltr'>qui</span> <span class='ocrx_word' id='word_1_262' title='bbox 629 2391 758 2460; x_wconf 91' lang='lat' dir='ltr'>poenas</span> <span class='ocrx_word' id='word_1_263' title='bbox 779 2368 956 2448; x_wconf 89' lang='lat' dir='ltr'>sentiunt,</span> <span class='ocrx_word' id='word_1_264' title='bbox 985 2370 1046 2436; x_wconf 88' lang='lat' dir='ltr'>sed</span> <span class='ocrx_word' id='word_1_265' title='bbox 1072 2365 1155 2436; x_wconf 86' lang='lat' dir='ltr'>laeti</span> <span class='ocrx_word' id='word_1_266' title='bbox 1208 2367 1372 2436; x_wconf 88' lang='lat' dir='ltr'>videlicet</span> <span class='ocrx_word' id='word_1_267' title='bbox 1393 2367 1646 2437; x_wconf 90' lang='lat' dir='ltr'>coniunctione</span> <span class='ocrx_word' id='word_1_268' title='bbox 1669 2368 1811 2438; x_wconf 90' lang='lat' dir='ltr'>divinae</span> <span class='ocrx_word' id='word_1_269' title='bbox 1835 2382 1869 2439; x_wconf 89' lang='lat' dir='ltr'>et</span> <span class='ocrx_word' id='word_1_270' title='bbox 1892 2364 2068 2440; x_wconf 90' lang='lat' dir='ltr'>humanae</span> <span class='ocrx_word' id='word_1_271' title='bbox 2092 2384 2202 2441; x_wconf 92' lang='lat' dir='ltr'>natu-</span> 
     </span>
     <span class='ocr_line' id='line_1_23' title="bbox 162 2466 2201 2562; baseline 0 -22"><span class='ocrx_word' id='word_1_272' title='bbox 162 2475 295 2541; x_wconf 87' lang='lat' dir='ltr'>adcunt</span> <span class='ocrx_word' id='word_1_273' title='bbox 319 2472 510 2542; x_wconf 86' lang='lat' dir='ltr'>certamina</span> <span class='ocrx_word' id='word_1_274' title='bbox 535 2486 568 2540; x_wconf 92' lang='lat' dir='ltr'>et</span> <span class='ocrx_word' id='word_1_275' title='bbox 591 2470 764 2561; x_wconf 88' lang='lat' dir='ltr'>supplicia</span> <span class='ocrx_word' id='word_1_276' title='bbox 789 2468 1006 2552; x_wconf 88' lang='lat' dir='ltr'>Hieremias,</span> <span class='ocrx_word' id='word_1_277' title='bbox 1031 2466 1155 2559; x_wconf 90' lang='lat' dir='ltr'>Bapti-</span> <span class='ocrx_word' id='word_1_278' title='bbox 1208 2495 1267 2538; x_wconf 89' lang='lat' dir='ltr'>rae</span> <span class='ocrx_word' id='word_1_279' title='bbox 1282 2481 1483 2559; x_wconf 88' lang='lat' dir='ltr'>pactusest,</span> <span class='ocrx_word' id='word_1_280' title='bbox 1509 2492 1545 2536; x_wconf 87' lang='lat' dir='ltr'>se</span> <span class='ocrx_word' id='word_1_281' title='bbox 1562 2468 1650 2536; x_wconf 91' lang='lat' dir='ltr'>velle</span> <span class='ocrx_word' id='word_1_282' title='bbox 1665 2469 1769 2539; x_wconf 91' lang='lat' dir='ltr'>nobis</span> <span class='ocrx_word' id='word_1_283' title='bbox 1784 2469 1984 2562; x_wconf 90' lang='lat' dir='ltr'>propicium</span> <span class='ocrx_word' id='word_1_284' title='bbox 1999 2494 2089 2556; x_wconf 89' lang='lat' dir='ltr'>esse,</span> <span class='ocrx_word' id='word_1_285' title='bbox 2117 2495 2201 2541; x_wconf 91' lang='lat' dir='ltr'>nos-</span> 
     </span>
     <span class='ocr_line' id='line_1_24' title="bbox 164 2565 2201 2664; baseline -0.001 -21"><span class='ocrx_word' id='word_1_286' title='bbox 164 2588 234 2656; x_wconf 91' lang='lat' dir='ltr'>sta,</span> <span class='ocrx_word' id='word_1_287' title='bbox 261 2570 403 2644; x_wconf 90' lang='lat' dir='ltr'>Paulus.</span> <span class='ocrx_word' id='word_1_288' title='bbox 456 2571 506 2640; x_wconf 91' lang='lat' dir='ltr'>Hi</span> <span class='ocrx_word' id='word_1_289' title='bbox 530 2573 625 2642; x_wconf 91' lang='lat' dir='ltr'>enim</span> <span class='ocrx_word' id='word_1_290' title='bbox 650 2586 779 2643; x_wconf 89' lang='lat' dir='ltr'>norant</span> <span class='ocrx_word' id='word_1_291' title='bbox 801 2597 837 2640; x_wconf 87' lang='lat' dir='ltr'>se</span> <span class='ocrx_word' id='word_1_292' title='bbox 859 2594 963 2640; x_wconf 92' lang='lat' dir='ltr'>curae</span> <span class='ocrx_word' id='word_1_293' title='bbox 979 2594 1051 2638; x_wconf 88' lang='lat' dir='ltr'>esse</span> <span class='ocrx_word' id='word_1_294' title='bbox 1065 2567 1156 2654; x_wconf 89' lang='lat' dir='ltr'>Deo,</span> <span class='ocrx_word' id='word_1_295' title='bbox 1208 2596 1276 2664; x_wconf 88' lang='lat' dir='ltr'>que</span> <span class='ocrx_word' id='word_1_296' title='bbox 1299 2570 1337 2637; x_wconf 93' lang='lat' dir='ltr'>in</span> <span class='ocrx_word' id='word_1_297' title='bbox 1356 2565 1420 2638; x_wconf 88' lang='lat' dir='ltr'>hac</span> <span class='ocrx_word' id='word_1_298' title='bbox 1438 2570 1509 2640; x_wconf 92' lang='lat' dir='ltr'>vita</span> <span class='ocrx_word' id='word_1_299' title='bbox 1527 2593 1664 2659; x_wconf 88' lang='lat' dir='ltr'>regere,</span> <span class='ocrx_word' id='word_1_300' title='bbox 1691 2586 1724 2640; x_wconf 91' lang='lat' dir='ltr'>et</span> <span class='ocrx_word' id='word_1_301' title='bbox 1743 2586 1821 2661; x_wconf 92' lang='lat' dir='ltr'>post</span> <span class='ocrx_word' id='word_1_302' title='bbox 1839 2567 1931 2641; x_wconf 93' lang='lat' dir='ltr'>hanc</span> <span class='ocrx_word' id='word_1_303' title='bbox 1946 2573 2055 2642; x_wconf 91' lang='lat' dir='ltr'>vitam</span> <span class='ocrx_word' id='word_1_304' title='bbox 2071 2596 2201 2644; x_wconf 84' lang='lat' dir='ltr'>ornere</span> 
     </span>
     <span class='ocr_line' id='line_1_25' title="bbox 163 2668 2202 2766; baseline 0.001 -23"><span class='ocrx_word' id='word_1_305' title='bbox 163 2689 197 2743; x_wconf 92' lang='lat' dir='ltr'>et</span> <span class='ocrx_word' id='word_1_306' title='bbox 216 2688 359 2765; x_wconf 91' lang='lat' dir='ltr'>propter</span> <span class='ocrx_word' id='word_1_307' title='bbox 381 2675 492 2743; x_wconf 86' lang='lat' dir='ltr'>hlium</span> <span class='ocrx_word' id='word_1_308' title='bbox 510 2675 630 2763; x_wconf 83' lang='lat' dir='ltr'>diligi,</span> <span class='ocrx_word' id='word_1_309' title='bbox 656 2689 689 2745; x_wconf 90' lang='lat' dir='ltr'>et</span> <span class='ocrx_word' id='word_1_310' title='bbox 711 2673 915 2763; x_wconf 90' lang='lat' dir='ltr'>intelligunt</span> <span class='ocrx_word' id='word_1_311' title='bbox 931 2696 1067 2756; x_wconf 89' lang='lat' dir='ltr'>causas,</span> <span class='ocrx_word' id='word_1_312' title='bbox 1093 2697 1156 2742; x_wconf 90' lang='lat' dir='ltr'>cur</span> <span class='ocrx_word' id='word_1_313' title='bbox 1208 2672 1359 2744; x_wconf 91' lang='lat' dir='ltr'>aeternis</span> <span class='ocrx_word' id='word_1_314' title='bbox 1382 2672 1495 2743; x_wconf 90' lang='lat' dir='ltr'>bonis.</span> <span class='ocrx_word' id='word_1_315' title='bbox 1548 2668 1724 2742; x_wconf 88' lang='lat' dir='ltr'>Accedere</span> <span class='ocrx_word' id='word_1_316' title='bbox 1748 2686 1784 2743; x_wconf 90' lang='lat' dir='ltr'>et</span> <span class='ocrx_word' id='word_1_317' title='bbox 1807 2674 2070 2745; x_wconf 89' lang='lat' dir='ltr'>invocationem</span> <span class='ocrx_word' id='word_1_318' title='bbox 2094 2700 2202 2766; x_wconf 91' lang='lat' dir='ltr'>opor·</span> 
     </span>
     <span class='ocr_line' id='line_1_26' title="bbox 161 2766 2203 2867; baseline 0.001 -22"><span class='ocrx_word' id='word_1_319' title='bbox 161 2774 319 2845; x_wconf 85' lang='lat' dir='ltr'>Ecclesia</span> <span class='ocrx_word' id='word_1_320' title='bbox 348 2777 442 2846; x_wconf 90' lang='lat' dir='ltr'>cruci</span> <span class='ocrx_word' id='word_1_321' title='bbox 474 2777 628 2846; x_wconf 90' lang='lat' dir='ltr'>subiecta</span> <span class='ocrx_word' id='word_1_322' title='bbox 660 2776 714 2849; x_wconf 89' lang='lat' dir='ltr'>sit.</span> <span class='ocrx_word' id='word_1_323' title='bbox 775 2772 895 2863; x_wconf 87' lang='lat' dir='ltr'>Quare</span> <span class='ocrx_word' id='word_1_324' title='bbox 927 2798 1049 2864; x_wconf 88' lang='lat' dir='ltr'>parere</span> <span class='ocrx_word' id='word_1_325' title='bbox 1081 2798 1154 2842; x_wconf 93' lang='lat' dir='ltr'>non</span> <span class='ocrx_word' id='word_1_326' title='bbox 1208 2788 1273 2859; x_wconf 90' lang='lat' dir='ltr'>tet,</span> <span class='ocrx_word' id='word_1_327' title='bbox 1306 2766 1410 2867; x_wconf 83' lang='lat' dir='ltr'>quam</span> <span class='ocrx_word' id='word_1_328' title='bbox 1430 2771 1526 2843; x_wconf 89' lang='lat' dir='ltr'>Deus</span> <span class='ocrx_word' id='word_1_329' title='bbox 1557 2774 1709 2866; x_wconf 89' lang='lat' dir='ltr'>requirit</span> <span class='ocrx_word' id='word_1_330' title='bbox 1736 2789 1775 2844; x_wconf 90' lang='lat' dir='ltr'>ut</span> <span class='ocrx_word' id='word_1_331' title='bbox 1801 2774 2031 2867; x_wconf 89' lang='lat' dir='ltr'>praecipuum</span> <span class='ocrx_word' id='word_1_332' title='bbox 2054 2778 2203 2850; x_wconf 88' lang='lat' dir='ltr'>cultum.</span> 
     </span>
     <span class='ocr_line' id='line_1_27' title="bbox 166 2870 2202 2968; baseline 0.001 -24"><span class='ocrx_word' id='word_1_333' title='bbox 166 2896 345 2961; x_wconf 89' lang='lat' dir='ltr'>recusant,</span> <span class='ocrx_word' id='word_1_334' title='bbox 373 2893 405 2949; x_wconf 91' lang='lat' dir='ltr'>et</span> <span class='ocrx_word' id='word_1_335' title='bbox 430 2892 563 2947; x_wconf 89' lang='lat' dir='ltr'>norunt</span> <span class='ocrx_word' id='word_1_336' title='bbox 587 2878 765 2968; x_wconf 91' lang='lat' dir='ltr'>quomodo</span> <span class='ocrx_word' id='word_1_337' title='bbox 786 2876 988 2944; x_wconf 89' lang='lat' dir='ltr'>obedientia</span> <span class='ocrx_word' id='word_1_338' title='bbox 1010 2875 1154 2964; x_wconf 89' lang='lat' dir='ltr'>placeat.</span> <span class='ocrx_word' id='word_1_339' title='bbox 1209 2876 1281 2946; x_wconf 87' lang='lat' dir='ltr'>Nec</span> <span class='ocrx_word' id='word_1_340' title='bbox 1303 2899 1387 2944; x_wconf 91' lang='lat' dir='ltr'>vero</span> <span class='ocrx_word' id='word_1_341' title='bbox 1411 2875 1560 2962; x_wconf 89' lang='lat' dir='ltr'>intelligi</span> <span class='ocrx_word' id='word_1_342' title='bbox 1583 2870 1820 2964; x_wconf 86' lang='lat' dir='ltr'>Evangelium</span> <span class='ocrx_word' id='word_1_343' title='bbox 1845 2890 1977 2966; x_wconf 89' lang='lat' dir='ltr'>potest,</span> <span class='ocrx_word' id='word_1_344' title='bbox 2013 2876 2089 2947; x_wconf 86' lang='lat' dir='ltr'>siue</span> <span class='ocrx_word' id='word_1_345' title='bbox 2112 2879 2202 2948; x_wconf 91' lang='lat' dir='ltr'>assi-</span> 
     </span>
     <span class='ocr_line' id='line_1_28' title="bbox 165 2970 2203 3067; baseline 0.003 -24"><span class='ocrx_word' id='word_1_346' title='bbox 165 2975 300 3047; x_wconf 88' lang='lat' dir='ltr'>Verum</span> <span class='ocrx_word' id='word_1_347' title='bbox 318 2972 404 3047; x_wconf 89' lang='lat' dir='ltr'>haec</span> <span class='ocrx_word' id='word_1_348' title='bbox 422 2980 515 3046; x_wconf 90' lang='lat' dir='ltr'>bona</span> <span class='ocrx_word' id='word_1_349' title='bbox 532 2979 671 3056; x_wconf 90' lang='lat' dir='ltr'>omnia,</span> <span class='ocrx_word' id='word_1_350' title='bbox 696 2976 807 3064; x_wconf 92' lang='lat' dir='ltr'>gloria</span> <span class='ocrx_word' id='word_1_351' title='bbox 825 2973 891 3044; x_wconf 92' lang='lat' dir='ltr'>Dei</span> <span class='ocrx_word' id='word_1_352' title='bbox 907 2977 1077 3065; x_wconf 78' lang='lat' dir='ltr'>patefacta</span> <span class='ocrx_word' id='word_1_353' title='bbox 1094 3000 1157 3067; x_wconf 91' lang='lat' dir='ltr'>per</span> <span class='ocrx_word' id='word_1_354' title='bbox 1207 2978 1288 3047; x_wconf 88' lang='lat' dir='ltr'>duis</span> <span class='ocrx_word' id='word_1_355' title='bbox 1312 2977 1485 3046; x_wconf 87' lang='lat' dir='ltr'>exercitiis</span> <span class='ocrx_word' id='word_1_356' title='bbox 1508 2976 1754 3049; x_wconf 86' lang='lat' dir='ltr'>invocationis.</span> <span class='ocrx_word' id='word_1_357' title='bbox 1822 2974 1865 3045; x_wconf 91' lang='lat' dir='ltr'>ln</span> <span class='ocrx_word' id='word_1_358' title='bbox 1889 2970 1958 3046; x_wconf 93' lang='lat' dir='ltr'>hoc</span> <span class='ocrx_word' id='word_1_359' title='bbox 1982 3000 2066 3047; x_wconf 90' lang='lat' dir='ltr'>vero</span> <span class='ocrx_word' id='word_1_360' title='bbox 2090 2981 2203 3049; x_wconf 90' lang='lat' dir='ltr'>collo-</span> 
     </span>
     <span class='ocr_line' id='line_1_29' title="bbox 163 3076 2204 3171; baseline 0.002 -25"><span class='ocrx_word' id='word_1_361' title='bbox 163 3080 297 3162; x_wconf 86' lang='lat' dir='ltr'>filium‚</span> <span class='ocrx_word' id='word_1_362' title='bbox 322 3103 389 3168; x_wconf 81' lang='lat' dir='ltr'>pax</span> <span class='ocrx_word' id='word_1_363' title='bbox 412 3094 445 3148; x_wconf 91' lang='lat' dir='ltr'>et</span> <span class='ocrx_word' id='word_1_364' title='bbox 468 3079 606 3147; x_wconf 90' lang='lat' dir='ltr'>laeticia</span> <span class='ocrx_word' id='word_1_365' title='bbox 628 3078 738 3166; x_wconf 87' lang='lat' dir='ltr'>magis</span> <span class='ocrx_word' id='word_1_366' title='bbox 754 3076 1016 3167; x_wconf 90' lang='lat' dir='ltr'>conspicientur</span> <span class='ocrx_word' id='word_1_367' title='bbox 1030 3077 1068 3146; x_wconf 96' lang='lat' dir='ltr'>in</span> <span class='ocrx_word' id='word_1_368' title='bbox 1084 3077 1156 3148; x_wconf 95' lang='lat' dir='ltr'>vita</span> <span class='ocrx_word' id='word_1_369' title='bbox 1208 3079 1291 3171; x_wconf 90' lang='lat' dir='ltr'>quio</span> <span class='ocrx_word' id='word_1_370' title='bbox 1308 3102 1387 3146; x_wconf 91' lang='lat' dir='ltr'>cum</span> <span class='ocrx_word' id='word_1_371' title='bbox 1402 3077 1476 3146; x_wconf 91' lang='lat' dir='ltr'>Deo</span> <span class='ocrx_word' id='word_1_372' title='bbox 1492 3077 1644 3146; x_wconf 89' lang='lat' dir='ltr'>luctatur</span> <span class='ocrx_word' id='word_1_373' title='bbox 1658 3077 1743 3147; x_wconf 82' lang='lat' dir='ltr'>fides</span> <span class='ocrx_word' id='word_1_374' title='bbox 1759 3102 1838 3148; x_wconf 91' lang='lat' dir='ltr'>cum</span> <span class='ocrx_word' id='word_1_375' title='bbox 1854 3078 2098 3164; x_wconf 87' lang='lat' dir='ltr'>dubitatione,</span> <span class='ocrx_word' id='word_1_376' title='bbox 2121 3105 2204 3153; x_wconf 91' lang='lat' dir='ltr'>cum</span> 
     </span>
     <span class='ocr_line' id='line_1_30' title="bbox 162 3173 2205 3262; baseline 0.001 -12"><span class='ocrx_word' id='word_1_377' title='bbox 162 3183 404 3262; x_wconf 80' lang='lat' dir='ltr'>acterna‚&#39;sed</span> <span class='ocrx_word' id='word_1_378' title='bbox 423 3196 538 3249; x_wconf 91' lang='lat' dir='ltr'>tamen</span> <span class='ocrx_word' id='word_1_379' title='bbox 556 3176 613 3248; x_wconf 91' lang='lat' dir='ltr'>hic</span> <span class='ocrx_word' id='word_1_380' title='bbox 628 3173 788 3248; x_wconf 92' lang='lat' dir='ltr'>inchoari</span> <span class='ocrx_word' id='word_1_381' title='bbox 802 3201 941 3248; x_wconf 88' lang='lat' dir='ltr'>necesse</span> <span class='ocrx_word' id='word_1_382' title='bbox 956 3193 1018 3253; x_wconf 89' lang='lat' dir='ltr'>est.</span> <span class='ocrx_word' id='word_1_383' title='bbox 1072 3176 1155 3248; x_wconf 88' lang='lat' dir='ltr'>Ideo</span> <span class='ocrx_word' id='word_1_384' title='bbox 1208 3194 1347 3249; x_wconf 89' lang='lat' dir='ltr'>accusat</span> <span class='ocrx_word' id='word_1_385' title='bbox 1382 3201 1447 3247; x_wconf 87' lang='lat' dir='ltr'>nos</span> <span class='ocrx_word' id='word_1_386' title='bbox 1479 3173 1663 3247; x_wconf 90' lang='lat' dir='ltr'>horribilis</span> <span class='ocrx_word' id='word_1_387' title='bbox 1695 3180 1945 3251; x_wconf 85' lang='lat' dir='ltr'>immundicias</span> <span class='ocrx_word' id='word_1_388' title='bbox 1977 3195 2120 3262; x_wconf 89' lang='lat' dir='ltr'>nostra,</span> <span class='ocrx_word' id='word_1_389' title='bbox 2170 3196 2205 3253; x_wconf 91' lang='lat' dir='ltr'>et</span> 
     </span>
     <span class='ocr_line' id='line_1_31' title="bbox 163 3277 2203 3374; baseline 0.002 -25"><span class='ocrx_word' id='word_1_390' title='bbox 163 3281 268 3350; x_wconf 87' lang='lat' dir='ltr'>nobis</span> <span class='ocrx_word' id='word_1_391' title='bbox 300 3280 427 3369; x_wconf 80' lang='lat' dir='ltr'>Augeli</span> <span class='ocrx_word' id='word_1_392' title='bbox 459 3278 555 3351; x_wconf 89' lang='lat' dir='ltr'>hunc</span> <span class='ocrx_word' id='word_1_393' title='bbox 582 3277 756 3374; x_wconf 90' lang='lat' dir='ltr'>hymnum</span> <span class='ocrx_word' id='word_1_394' title='bbox 790 3281 1019 3370; x_wconf 88' lang='lat' dir='ltr'>praecinunt,</span> <span class='ocrx_word' id='word_1_395' title='bbox 1052 3305 1155 3351; x_wconf 91' lang='lat' dir='ltr'>mon·</span> <span class='ocrx_word' id='word_1_396' title='bbox 1208 3304 1307 3350; x_wconf 89' lang='lat' dir='ltr'>mens</span> <span class='ocrx_word' id='word_1_397' title='bbox 1322 3280 1456 3371; x_wconf 89' lang='lat' dir='ltr'>polluta</span> <span class='ocrx_word' id='word_1_398' title='bbox 1471 3280 1709 3369; x_wconf 89' lang='lat' dir='ltr'>lingitDeum.</span> <span class='ocrx_word' id='word_1_399' title='bbox 1761 3277 2203 3354; x_wconf 82' lang='lat' dir='ltr'>Econtraveroseoffert</span> 
     </span>
     <span class='ocr_line' id='line_1_32' title="bbox 162 3377 2204 3475; baseline 0.001 -23"><span class='ocrx_word' id='word_1_400' title='bbox 162 3395 330 3453; x_wconf 89' lang='lat' dir='ltr'>strantem</span> <span class='ocrx_word' id='word_1_401' title='bbox 352 3379 485 3452; x_wconf 89' lang='lat' dir='ltr'>Christi</span> <span class='ocrx_word' id='word_1_402' title='bbox 517 3383 685 3452; x_wconf 89' lang='lat' dir='ltr'>beneficia</span> <span class='ocrx_word' id='word_1_403' title='bbox 710 3397 743 3453; x_wconf 89' lang='lat' dir='ltr'>et</span> <span class='ocrx_word' id='word_1_404' title='bbox 762 3377 948 3472; x_wconf 90' lang='lat' dir='ltr'>Evangelii</span> <span class='ocrx_word' id='word_1_405' title='bbox 969 3407 1154 3452; x_wconf 89' lang='lat' dir='ltr'>summam.</span> <span class='ocrx_word' id='word_1_406' title='bbox 1207 3383 1301 3451; x_wconf 84' lang='lat' dir='ltr'>lilius</span> <span class='ocrx_word' id='word_1_407' title='bbox 1317 3380 1385 3451; x_wconf 90' lang='lat' dir='ltr'>Dei</span> <span class='ocrx_word' id='word_1_408' title='bbox 1406 3384 1514 3452; x_wconf 84' lang='lat' dir='ltr'>frater</span> <span class='ocrx_word' id='word_1_409' title='bbox 1534 3398 1674 3472; x_wconf 90' lang='lat' dir='ltr'>noster,</span> <span class='ocrx_word' id='word_1_410' title='bbox 1701 3407 1766 3453; x_wconf 95' lang='lat' dir='ltr'>uos</span> <span class='ocrx_word' id='word_1_411' title='bbox 1782 3398 1904 3475; x_wconf 91' lang='lat' dir='ltr'>vocat,</span> <span class='ocrx_word' id='word_1_412' title='bbox 1930 3385 2076 3470; x_wconf 87' lang='lat' dir='ltr'>invitat,</span> <span class='ocrx_word' id='word_1_413' title='bbox 2103 3386 2204 3456; x_wconf 90' lang='lat' dir='ltr'>iubet</span> 
     </span>
    </p>
   </div>
   <div class='ocr_carea' id='block_1_12' title="bbox 166 3482 2324 3580">
    <p class='ocr_par' dir='ltr' id='par_1_13' title="bbox 166 3482 2324 3580">
     <span class='ocr_line' id='line_1_33' title="bbox 166 3482 2324 3580; baseline 0 -24"><span class='ocrx_word' id='word_1_414' title='bbox 166 3483 213 3556; x_wconf 88' lang='lat' dir='ltr'>Ut</span> <span class='ocrx_word' id='word_1_415' title='bbox 241 3497 358 3552; x_wconf 89' lang='lat' dir='ltr'>autem</span> <span class='ocrx_word' id='word_1_416' title='bbox 390 3482 521 3574; x_wconf 87' lang='lat' dir='ltr'>Angcli</span> <span class='ocrx_word' id='word_1_417' title='bbox 550 3485 780 3575; x_wconf 90' lang='lat' dir='ltr'>praecinunt,</span> <span class='ocrx_word' id='word_1_418' title='bbox 815 3484 863 3554; x_wconf 92' lang='lat' dir='ltr'>ita</span> <span class='ocrx_word' id='word_1_419' title='bbox 897 3507 962 3553; x_wconf 93' lang='lat' dir='ltr'>nos</span> <span class='ocrx_word' id='word_1_420' title='bbox 993 3485 1155 3554; x_wconf 89' lang='lat' dir='ltr'>doctores</span> <span class='ocrx_word' id='word_1_421' title='bbox 1208 3499 1246 3554; x_wconf 87' lang='lat' dir='ltr'>ut</span> <span class='ocrx_word' id='word_1_422' title='bbox 1268 3486 1450 3555; x_wconf 90' lang='lat' dir='ltr'>credamus</span> <span class='ocrx_word' id='word_1_423' title='bbox 1468 3485 1643 3573; x_wconf 89' lang='lat' dir='ltr'>placatum</span> <span class='ocrx_word' id='word_1_424' title='bbox 1660 3507 1733 3555; x_wconf 89' lang='lat' dir='ltr'>csse</span> <span class='ocrx_word' id='word_1_425' title='bbox 1750 3498 1904 3576; x_wconf 87' lang='lat' dir='ltr'>patrem,</span> <span class='ocrx_word' id='word_1_426' title='bbox 1927 3509 2062 3580; x_wconf 91' lang='lat' dir='ltr'>nosque</span> <span class='ocrx_word' id='word_1_427' title='bbox 2078 3487 2203 3578; x_wconf 90' lang='lat' dir='ltr'>recipi.</span> <span class='ocrx_word' id='word_1_428' title='bbox 2318 3490 2324 3497; x_wconf 82' lang='grc'><strong>’</strong></span> 
     </span>
    </p>
   </div>
   <div class='ocr_carea' id='block_1_13' title="bbox 162 3582 2274 5410">
    <p class='ocr_par' dir='ltr' id='par_1_14' title="bbox 162 3582 2274 5208">
     <span class='ocr_line' id='line_1_34' title="bbox 163 3582 2202 3679; baseline 0.003 -26"><span class='ocrx_word' id='word_1_429' title='bbox 163 3610 286 3653; x_wconf 88' lang='lat' dir='ltr'>omnes</span> <span class='ocrx_word' id='word_1_430' title='bbox 309 3609 434 3654; x_wconf 89' lang='lat' dir='ltr'>sonare</span> <span class='ocrx_word' id='word_1_431' title='bbox 458 3611 538 3657; x_wconf 92' lang='lat' dir='ltr'>eum</span> <span class='ocrx_word' id='word_1_432' title='bbox 564 3587 601 3654; x_wconf 92' lang='lat' dir='ltr'>in</span> <span class='ocrx_word' id='word_1_433' title='bbox 623 3583 779 3655; x_wconf 88' lang='lat' dir='ltr'>Ecclesia</span> <span class='ocrx_word' id='word_1_434' title='bbox 804 3587 990 3669; x_wconf 89' lang='lat' dir='ltr'>debemus,</span> <span class='ocrx_word' id='word_1_435' title='bbox 1014 3603 1046 3658; x_wconf 90' lang='lat' dir='ltr'>et</span> <span class='ocrx_word' id='word_1_436' title='bbox 1070 3582 1155 3655; x_wconf 91' lang='lat' dir='ltr'>haec</span> <span class='ocrx_word' id='word_1_437' title='bbox 1207 3583 1370 3656; x_wconf 82' lang='lat' dir='ltr'>Affirmat</span> <span class='ocrx_word' id='word_1_438' title='bbox 1384 3586 1533 3676; x_wconf 89' lang='lat' dir='ltr'>gratiam</span> <span class='ocrx_word' id='word_1_439' title='bbox 1549 3587 1738 3656; x_wconf 83' lang='lat' dir='ltr'>exuberare</span> <span class='ocrx_word' id='word_1_440' title='bbox 1754 3610 1859 3679; x_wconf 88' lang='lat' dir='ltr'>supra</span> <span class='ocrx_word' id='word_1_441' title='bbox 1875 3601 2069 3677; x_wconf 86' lang='lat' dir='ltr'>peccatum,</span> <span class='ocrx_word' id='word_1_442' title='bbox 2092 3591 2202 3659; x_wconf 92' lang='lat' dir='ltr'>modo</span> 
     </span>
     <span class='ocr_line' id='line_1_35' title="bbox 162 3685 2274 3780; baseline 0.001 -25"><span class='ocrx_word' id='word_1_443' title='bbox 162 3689 229 3755; x_wconf 89' lang='lat' dir='ltr'>tria</span> <span class='ocrx_word' id='word_1_444' title='bbox 257 3688 434 3756; x_wconf 90' lang='lat' dir='ltr'>inculcare</span> <span class='ocrx_word' id='word_1_445' title='bbox 460 3688 608 3772; x_wconf 86' lang='lat' dir='ltr'>animis,</span> <span class='ocrx_word' id='word_1_446' title='bbox 633 3689 813 3780; x_wconf 91' lang='lat' dir='ltr'>quomodo</span> <span class='ocrx_word' id='word_1_447' title='bbox 837 3687 913 3758; x_wconf 91' lang='lat' dir='ltr'>Deo</span> <span class='ocrx_word' id='word_1_448' title='bbox 937 3710 1017 3756; x_wconf 89' lang='lat' dir='ltr'>vera</span> <span class='ocrx_word' id='word_1_449' title='bbox 1043 3689 1154 3778; x_wconf 90' lang='lat' dir='ltr'>gloria</span> <span class='ocrx_word' id='word_1_450' title='bbox 1207 3689 1410 3757; x_wconf 87' lang='lat' dir='ltr'>desinamus</span> <span class='ocrx_word' id='word_1_451' title='bbox 1441 3711 1544 3757; x_wconf 87' lang='lat' dir='ltr'>ruere</span> <span class='ocrx_word' id='word_1_452' title='bbox 1574 3702 1696 3758; x_wconf 88' lang='lat' dir='ltr'>contra</span> <span class='ocrx_word' id='word_1_453' title='bbox 1725 3689 1989 3763; x_wconf 86' lang='lat' dir='ltr'>conscientiam.</span> <span class='ocrx_word' id='word_1_454' title='bbox 2055 3687 2098 3757; x_wconf 94' lang='lat' dir='ltr'>ln</span> <span class='ocrx_word' id='word_1_455' title='bbox 2133 3685 2202 3759; x_wconf 92' lang='lat' dir='ltr'>hoc</span> <span class='ocrx_word' id='word_1_456' title='bbox 2268 3704 2274 3715; x_wconf 89' lang='lat'>&#39;</span> 
     </span>
     <span class='ocr_line' id='line_1_36' title="bbox 163 3789 2202 3882; baseline 0 -25"><span class='ocrx_word' id='word_1_457' title='bbox 163 3790 351 3857; x_wconf 86' lang='lat' dir='ltr'>tribuenda</span> <span class='ocrx_word' id='word_1_458' title='bbox 368 3791 413 3859; x_wconf 87' lang='lat' dir='ltr'>sit</span> <span class='ocrx_word' id='word_1_459' title='bbox 429 3790 654 3861; x_wconf 90' lang='lat' dir='ltr'>invocatione</span> <span class='ocrx_word' id='word_1_460' title='bbox 672 3803 705 3859; x_wconf 92' lang='lat' dir='ltr'>et</span> <span class='ocrx_word' id='word_1_461' title='bbox 721 3790 848 3858; x_wconf 89' lang='lat' dir='ltr'>fiducia</span> <span class='ocrx_word' id='word_1_462' title='bbox 866 3789 950 3872; x_wconf 86' lang='lat' dir='ltr'>filii,</span> <span class='ocrx_word' id='word_1_463' title='bbox 975 3814 1054 3858; x_wconf 83' lang='lat' dir='ltr'>curn</span> <span class='ocrx_word' id='word_1_464' title='bbox 1074 3790 1154 3882; x_wconf 86' lang='lat' dir='ltr'>qui·</span> <span class='ocrx_word' id='word_1_465' title='bbox 1207 3789 1726 3863; x_wconf 88' lang='lat' dir='ltr'>certaminevincatliliusDei.</span> <span class='ocrx_word' id='word_1_466' title='bbox 1773 3789 1846 3858; x_wconf 92' lang='lat' dir='ltr'>Nec</span> <span class='ocrx_word' id='word_1_467' title='bbox 1861 3803 1999 3859; x_wconf 91' lang='lat' dir='ltr'>tantum</span> <span class='ocrx_word' id='word_1_468' title='bbox 2015 3790 2202 3882; x_wconf 87' lang='lat' dir='ltr'>nosipsos,</span> 
     </span>
     <span class='ocr_line' id='line_1_37' title="bbox 163 3886 2201 3983; baseline 0.001 -23"><span class='ocrx_word' id='word_1_469' title='bbox 163 3893 230 3960; x_wconf 87' lang='lat' dir='ltr'>bus</span> <span class='ocrx_word' id='word_1_470' title='bbox 252 3893 291 3957; x_wconf 91' lang='lat' dir='ltr'>in</span> <span class='ocrx_word' id='word_1_471' title='bbox 316 3904 408 3960; x_wconf 88' lang='lat' dir='ltr'>terra</span> <span class='ocrx_word' id='word_1_472' title='bbox 431 3916 497 3983; x_wconf 88' lang='lat' dir='ltr'>pax</span> <span class='ocrx_word' id='word_1_473' title='bbox 519 3893 609 3962; x_wconf 89' lang='lat' dir='ltr'>facta</span> <span class='ocrx_word' id='word_1_474' title='bbox 631 3891 697 3977; x_wconf 90' lang='lat' dir='ltr'>sit,</span> <span class='ocrx_word' id='word_1_475' title='bbox 724 3893 904 3983; x_wconf 92' lang='lat' dir='ltr'>quomodo</span> <span class='ocrx_word' id='word_1_476' title='bbox 920 3893 1055 3983; x_wconf 91' lang='lat' dir='ltr'>placeat</span> <span class='ocrx_word' id='word_1_477' title='bbox 1069 3893 1150 3961; x_wconf 90' lang='lat' dir='ltr'>obe·</span> <span class='ocrx_word' id='word_1_478' title='bbox 1206 3892 1265 3961; x_wconf 89' lang='lat' dir='ltr'>sed</span> <span class='ocrx_word' id='word_1_479' title='bbox 1281 3887 1475 3960; x_wconf 89' lang='lat' dir='ltr'>Ecclesiam</span> <span class='ocrx_word' id='word_1_480' title='bbox 1492 3905 1526 3960; x_wconf 93' lang='lat' dir='ltr'>et</span> <span class='ocrx_word' id='word_1_481' title='bbox 1540 3886 1602 3957; x_wconf 91' lang='lat' dir='ltr'>has</span> <span class='ocrx_word' id='word_1_482' title='bbox 1616 3904 1754 3959; x_wconf 90' lang='lat' dir='ltr'>nostras</span> <span class='ocrx_word' id='word_1_483' title='bbox 1770 3889 1912 3979; x_wconf 92' lang='lat' dir='ltr'>politias</span> <span class='ocrx_word' id='word_1_484' title='bbox 1926 3886 2003 3959; x_wconf 90' lang='lat' dir='ltr'>Deo</span> <span class='ocrx_word' id='word_1_485' title='bbox 2018 3915 2201 3962; x_wconf 89' lang='lat' dir='ltr'>commen-</span> 
     </span>
     <span class='ocr_line' id='line_1_38' title="bbox 163 3987 2203 4083; baseline 0.001 -22"><span class='ocrx_word' id='word_1_486' title='bbox 163 3991 395 4062; x_wconf 87' lang='lat' dir='ltr'>dientiaDeo.</span> <span class='ocrx_word' id='word_1_487' title='bbox 447 3991 523 4062; x_wconf 89' lang='lat' dir='ltr'>Hae</span> <span class='ocrx_word' id='word_1_488' title='bbox 539 4006 622 4063; x_wconf 91' lang='lat' dir='ltr'>sunt</span> <span class='ocrx_word' id='word_1_489' title='bbox 637 4015 692 4060; x_wconf 91' lang='lat' dir='ltr'>res</span> <span class='ocrx_word' id='word_1_490' title='bbox 707 4015 854 4080; x_wconf 87' lang='lat' dir='ltr'>magnae</span> <span class='ocrx_word' id='word_1_491' title='bbox 867 4006 901 4061; x_wconf 90' lang='lat' dir='ltr'>et</span> <span class='ocrx_word' id='word_1_492' title='bbox 915 4007 1087 4076; x_wconf 88' lang='lat' dir='ltr'>aeternae,</span> <span class='ocrx_word' id='word_1_493' title='bbox 1110 3995 1151 4061; x_wconf 94' lang='lat' dir='ltr'>ad</span> <span class='ocrx_word' id='word_1_494' title='bbox 1206 3994 1340 4061; x_wconf 87' lang='lat' dir='ltr'>demus.</span> <span class='ocrx_word' id='word_1_495' title='bbox 1390 3987 1526 4059; x_wconf 88' lang='lat' dir='ltr'>Erratis</span> <span class='ocrx_word' id='word_1_496' title='bbox 1561 3990 1655 4058; x_wconf 91' lang='lat' dir='ltr'>enim</span> <span class='ocrx_word' id='word_1_497' title='bbox 1688 3991 1717 4059; x_wconf 93' lang='lat' dir='ltr'>si</span> <span class='ocrx_word' id='word_1_498' title='bbox 1744 3991 1947 4082; x_wconf 91' lang='lat' dir='ltr'>principum</span> <span class='ocrx_word' id='word_1_499' title='bbox 1971 3992 2143 4083; x_wconf 88' lang='lat' dir='ltr'>sapientia</span> <span class='ocrx_word' id='word_1_500' title='bbox 2168 4008 2203 4065; x_wconf 89' lang='lat' dir='ltr'>et</span> 
     </span>
     <span class='ocr_line' id='line_1_39' title="bbox 164 4086 2202 4191; baseline 0.001 -29"><span class='ocrx_word' id='word_1_501' title='bbox 164 4118 314 4186; x_wconf 91' lang='lat' dir='ltr'>quarum</span> <span class='ocrx_word' id='word_1_502' title='bbox 330 4095 648 4177; x_wconf 79' lang='lat' dir='ltr'>considerationem</span> <span class='ocrx_word' id='word_1_503' title='bbox 665 4086 850 4183; x_wconf 81' lang='lat' dir='ltr'>praecipue</span> <span class='ocrx_word' id='word_1_504' title='bbox 863 4088 1018 4191; x_wconf 86' lang='lat' dir='ltr'>humana</span> <span class='ocrx_word' id='word_1_505' title='bbox 1031 4107 1153 4163; x_wconf 88' lang='lat' dir='ltr'>natura</span> <span class='ocrx_word' id='word_1_506' title='bbox 1207 4093 1338 4162; x_wconf 91' lang='lat' dir='ltr'>virtute</span> <span class='ocrx_word' id='word_1_507' title='bbox 1360 4091 1436 4161; x_wconf 92' lang='lat' dir='ltr'>sine</span> <span class='ocrx_word' id='word_1_508' title='bbox 1452 4090 1590 4162; x_wconf 89' lang='lat' dir='ltr'>ardenti</span> <span class='ocrx_word' id='word_1_509' title='bbox 1607 4093 1811 4182; x_wconf 90' lang='lat' dir='ltr'>precatione</span> <span class='ocrx_word' id='word_1_510' title='bbox 1826 4090 1894 4163; x_wconf 92' lang='lat' dir='ltr'>Dei</span> <span class='ocrx_word' id='word_1_511' title='bbox 1909 4117 2059 4163; x_wconf 89' lang='lat' dir='ltr'>munera</span> <span class='ocrx_word' id='word_1_512' title='bbox 2074 4092 2202 4165; x_wconf 89' lang='lat' dir='ltr'>Eccle-</span> 
     </span>
     <span class='ocr_line' id='line_1_40' title="bbox 165 4188 2202 4288; baseline 0.001 -24"><span class='ocrx_word' id='word_1_513' title='bbox 165 4196 305 4265; x_wconf 90' lang='lat' dir='ltr'>condita</span> <span class='ocrx_word' id='word_1_514' title='bbox 329 4217 390 4267; x_wconf 88' lang='lat' dir='ltr'>est.</span> <span class='ocrx_word' id='word_1_515' title='bbox 444 4195 588 4267; x_wconf 91' lang='lat' dir='ltr'>Utinam</span> <span class='ocrx_word' id='word_1_516' title='bbox 607 4199 768 4265; x_wconf 84' lang='lat' dir='ltr'>doctores</span> <span class='ocrx_word' id='word_1_517' title='bbox 783 4191 878 4265; x_wconf 89' lang='lat' dir='ltr'>hunc</span> <span class='ocrx_word' id='word_1_518' title='bbox 894 4188 1067 4288; x_wconf 89' lang='lat' dir='ltr'>hymnum</span> <span class='ocrx_word' id='word_1_519' title='bbox 1084 4220 1153 4264; x_wconf 92' lang='lat' dir='ltr'>una</span> <span class='ocrx_word' id='word_1_520' title='bbox 1205 4195 1337 4265; x_wconf 91' lang='lat' dir='ltr'>siarum</span> <span class='ocrx_word' id='word_1_521' title='bbox 1360 4209 1393 4264; x_wconf 92' lang='lat' dir='ltr'>et</span> <span class='ocrx_word' id='word_1_522' title='bbox 1415 4193 1620 4284; x_wconf 81' lang='lat' dir='ltr'>politiorum</span> <span class='ocrx_word' id='word_1_523' title='bbox 1643 4194 1790 4266; x_wconf 87' lang='lat' dir='ltr'>salutem</span> <span class='ocrx_word' id='word_1_524' title='bbox 1814 4195 1961 4265; x_wconf 88' lang='lat' dir='ltr'>retineri</span> <span class='ocrx_word' id='word_1_525' title='bbox 1984 4218 2084 4285; x_wconf 87' lang='lat' dir='ltr'>posse</span> <span class='ocrx_word' id='word_1_526' title='bbox 2103 4198 2202 4268; x_wconf 89' lang='lat' dir='ltr'>arbi-</span> 
     </span>
     <span class='ocr_line' id='line_1_41' title="bbox 165 4294 2200 4380; baseline 0.002 -15"><span class='ocrx_word' id='word_1_527' title='bbox 165 4323 247 4366; x_wconf 91' lang='lat' dir='ltr'>vocc</span> <span class='ocrx_word' id='word_1_528' title='bbox 271 4312 306 4367; x_wconf 90' lang='lat' dir='ltr'>et</span> <span class='ocrx_word' id='word_1_529' title='bbox 326 4301 451 4368; x_wconf 87' lang='lat' dir='ltr'>eodem</span> <span class='ocrx_word' id='word_1_530' title='bbox 474 4299 593 4367; x_wconf 92' lang='lat' dir='ltr'>animo</span> <span class='ocrx_word' id='word_1_531' title='bbox 615 4310 798 4380; x_wconf 90' lang='lat' dir='ltr'>canerent,</span> <span class='ocrx_word' id='word_1_532' title='bbox 822 4297 913 4367; x_wconf 92' lang='lat' dir='ltr'>sicut</span> <span class='ocrx_word' id='word_1_533' title='bbox 928 4311 1060 4367; x_wconf 90' lang='lat' dir='ltr'>canunt</span> <span class='ocrx_word' id='word_1_534' title='bbox 1075 4294 1153 4366; x_wconf 84' lang='lat' dir='ltr'>An·</span> <span class='ocrx_word' id='word_1_535' title='bbox 1205 4296 1362 4368; x_wconf 89' lang='lat' dir='ltr'>tramini.</span> <span class='ocrx_word' id='word_1_536' title='bbox 1414 4295 1510 4367; x_wconf 89' lang='lat' dir='ltr'>Deus</span> <span class='ocrx_word' id='word_1_537' title='bbox 1525 4309 1629 4367; x_wconf 93' lang='lat' dir='ltr'>autor</span> <span class='ocrx_word' id='word_1_538' title='bbox 1645 4310 1680 4366; x_wconf 91' lang='lat' dir='ltr'>et</span> <span class='ocrx_word' id='word_1_539' title='bbox 1696 4311 1814 4366; x_wconf 88' lang='lat' dir='ltr'>custos</span> <span class='ocrx_word' id='word_1_540' title='bbox 1829 4297 1919 4368; x_wconf 87' lang='lat' dir='ltr'>tanti</span> <span class='ocrx_word' id='word_1_541' title='bbox 1937 4298 2024 4368; x_wconf 91' lang='lat' dir='ltr'>honi</span> <span class='ocrx_word' id='word_1_542' title='bbox 2042 4302 2200 4370; x_wconf 91' lang='lat' dir='ltr'>orandus</span> 
     </span>
     <span class='ocr_line' id='line_1_42' title="bbox 164 4394 2201 4489; baseline 0.003 -25"><span class='ocrx_word' id='word_1_543' title='bbox 164 4399 254 4488; x_wconf 90' lang='lat' dir='ltr'>geli,</span> <span class='ocrx_word' id='word_1_544' title='bbox 279 4414 313 4468; x_wconf 89' lang='lat' dir='ltr'>et</span> <span class='ocrx_word' id='word_1_545' title='bbox 335 4400 466 4469; x_wconf 88' lang='lat' dir='ltr'>mutuis</span> <span class='ocrx_word' id='word_1_546' title='bbox 489 4402 616 4471; x_wconf 90' lang='lat' dir='ltr'>studiis</span> <span class='ocrx_word' id='word_1_547' title='bbox 633 4395 808 4469; x_wconf 89' lang='lat' dir='ltr'>Ecclesias</span> <span class='ocrx_word' id='word_1_548' title='bbox 830 4399 991 4467; x_wconf 83' lang='lat' dir='ltr'>foverent</span> <span class='ocrx_word' id='word_1_549' title='bbox 1013 4423 1052 4467; x_wconf 94' lang='lat' dir='ltr'>ac</span> <span class='ocrx_word' id='word_1_550' title='bbox 1068 4424 1153 4469; x_wconf 90' lang='lat' dir='ltr'>cou-</span> <span class='ocrx_word' id='word_1_551' title='bbox 1206 4414 1273 4483; x_wconf 88' lang='lat' dir='ltr'>est,</span> <span class='ocrx_word' id='word_1_552' title='bbox 1296 4412 1335 4469; x_wconf 91' lang='lat' dir='ltr'>ut</span> <span class='ocrx_word' id='word_1_553' title='bbox 1351 4421 1413 4469; x_wconf 91' lang='lat' dir='ltr'>sua</span> <span class='ocrx_word' id='word_1_554' title='bbox 1428 4422 1575 4469; x_wconf 76' lang='lat' dir='ltr'>meinero</span> <span class='ocrx_word' id='word_1_555' title='bbox 1590 4413 1748 4483; x_wconf 91' lang='lat' dir='ltr'>tueatur,</span> <span class='ocrx_word' id='word_1_556' title='bbox 1774 4412 1809 4468; x_wconf 91' lang='lat' dir='ltr'>et</span> <span class='ocrx_word' id='word_1_557' title='bbox 1823 4413 1965 4489; x_wconf 91' lang='lat' dir='ltr'>rogatus</span> <span class='ocrx_word' id='word_1_558' title='bbox 1980 4394 2077 4470; x_wconf 90' lang='lat' dir='ltr'>haud</span> <span class='ocrx_word' id='word_1_559' title='bbox 2092 4402 2201 4472; x_wconf 90' lang='lat' dir='ltr'>dubie</span> 
     </span>
     <span class='ocr_line' id='line_1_43' title="bbox 164 4499 2233 4593; baseline 0.001 -25"><span class='ocrx_word' id='word_1_560' title='bbox 164 4503 347 4587; x_wconf 88' lang='lat' dir='ltr'>iungerent</span> <span class='ocrx_word' id='word_1_561' title='bbox 358 4523 373 4586; x_wconf 57' lang='lat'>,¹</span> <span class='ocrx_word' id='word_1_562' title='bbox 401 4527 464 4572; x_wconf 91' lang='lat' dir='ltr'>nec</span> <span class='ocrx_word' id='word_1_563' title='bbox 496 4505 642 4592; x_wconf 89' lang='lat' dir='ltr'>privatis</span> <span class='ocrx_word' id='word_1_564' title='bbox 670 4500 923 4591; x_wconf 88' lang='lat' dir='ltr'>cupiditatibus</span> <span class='ocrx_word' id='word_1_565' title='bbox 947 4523 1004 4569; x_wconf 91' lang='lat' dir='ltr'>eas</span> <span class='ocrx_word' id='word_1_566' title='bbox 1027 4500 1153 4571; x_wconf 90' lang='lat' dir='ltr'>distra-</span> <span class='ocrx_word' id='word_1_567' title='bbox 1205 4500 1375 4572; x_wconf 90' lang='lat' dir='ltr'>tuebitur.</span> <span class='ocrx_word' id='word_1_568' title='bbox 1429 4499 1545 4570; x_wconf 82' lang='lat' dir='ltr'>Verax</span> <span class='ocrx_word' id='word_1_569' title='bbox 1563 4514 1614 4570; x_wconf 88' lang='lat' dir='ltr'>est</span> <span class='ocrx_word' id='word_1_570' title='bbox 1632 4501 1728 4569; x_wconf 89' lang='lat' dir='ltr'>euim</span> <span class='ocrx_word' id='word_1_571' title='bbox 1744 4515 1777 4571; x_wconf 88' lang='lat' dir='ltr'>ct</span> <span class='ocrx_word' id='word_1_572' title='bbox 1793 4502 1966 4591; x_wconf 89' lang='lat' dir='ltr'>promissa</span> <span class='ocrx_word' id='word_1_573' title='bbox 1983 4503 2116 4593; x_wconf 93' lang='lat' dir='ltr'>optima</span> <span class='ocrx_word' id='word_1_574' title='bbox 2132 4505 2202 4574; x_wconf 85' lang='lat' dir='ltr'>lide</span> <span class='ocrx_word' id='word_1_575' title='bbox 2229 4524 2233 4533; x_wconf 91' lang='lat'><em>·</em></span> 
     </span>
     <span class='ocr_line' id='line_1_44' title="bbox 164 4597 2202 4699; baseline 0.002 -29"><span class='ocrx_word' id='word_1_576' title='bbox 164 4597 304 4670; x_wconf 66' lang='lat' dir='ltr'>herents</span> <span class='ocrx_word' id='word_1_577' title='bbox 350 4603 460 4674; x_wconf 89' lang='lat' dir='ltr'>Multi</span> <span class='ocrx_word' id='word_1_578' title='bbox 482 4628 556 4674; x_wconf 92' lang='lat' dir='ltr'>non</span> <span class='ocrx_word' id='word_1_579' title='bbox 580 4620 620 4675; x_wconf 91' lang='lat' dir='ltr'>ut</span> <span class='ocrx_word' id='word_1_580' title='bbox 642 4603 791 4694; x_wconf 66' lang='lat' dir='ltr'>gloriam</span> <span class='ocrx_word' id='word_1_581' title='bbox 814 4602 870 4672; x_wconf 91' lang='lat' dir='ltr'>dei</span> <span class='ocrx_word' id='word_1_582' title='bbox 888 4603 1028 4687; x_wconf 91' lang='lat' dir='ltr'>iuvent,</span> <span class='ocrx_word' id='word_1_583' title='bbox 1063 4600 1154 4675; x_wconf 86' lang='lat' dir='ltr'>Res-</span> <span class='ocrx_word' id='word_1_584' title='bbox 1204 4616 1369 4696; x_wconf 88' lang='lat' dir='ltr'>praestat.</span> <span class='ocrx_word' id='word_1_585' title='bbox 1434 4598 1525 4672; x_wconf 92' lang='lat' dir='ltr'>Cum</span> <span class='ocrx_word' id='word_1_586' title='bbox 1556 4604 1664 4693; x_wconf 90' lang='lat' dir='ltr'>igitur</span> <span class='ocrx_word' id='word_1_587' title='bbox 1690 4603 1861 4694; x_wconf 93' lang='lat' dir='ltr'>scriptum</span> <span class='ocrx_word' id='word_1_588' title='bbox 1891 4604 1952 4673; x_wconf 90' lang='lat' dir='ltr'>sit:</span> <span class='ocrx_word' id='word_1_589' title='bbox 1987 4601 2202 4699; x_wconf 90' lang='lat' dir='ltr'>Ubicunque</span> 
     </span>
     <span class='ocr_line' id='line_1_45' title="bbox 163 4703 2232 4795; baseline 0.001 -22"><span class='ocrx_word' id='word_1_590' title='bbox 163 4704 248 4795; x_wconf 91' lang='lat' dir='ltr'>pub.</span> <span class='ocrx_word' id='word_1_591' title='bbox 279 4721 437 4785; x_wconf 89' lang='lat' dir='ltr'>movent,</span> <span class='ocrx_word' id='word_1_592' title='bbox 472 4709 532 4776; x_wconf 90' lang='lat' dir='ltr'>sed</span> <span class='ocrx_word' id='word_1_593' title='bbox 563 4721 602 4776; x_wconf 92' lang='lat' dir='ltr'>ut</span> <span class='ocrx_word' id='word_1_594' title='bbox 634 4704 783 4795; x_wconf 91' lang='lat' dir='ltr'>privatis</span> <span class='ocrx_word' id='word_1_595' title='bbox 815 4703 998 4775; x_wconf 83' lang='lat' dir='ltr'>affectibus</span> <span class='ocrx_word' id='word_1_596' title='bbox 1033 4705 1153 4775; x_wconf 91' lang='lat' dir='ltr'>indul·</span> <span class='ocrx_word' id='word_1_597' title='bbox 1206 4708 1277 4776; x_wconf 78' lang='lat' dir='ltr'>dcto</span> <span class='ocrx_word' id='word_1_598' title='bbox 1300 4719 1362 4774; x_wconf 88' lang='lat' dir='ltr'>aut</span> <span class='ocrx_word' id='word_1_599' title='bbox 1386 4718 1456 4773; x_wconf 88' lang='lat' dir='ltr'>tres</span> <span class='ocrx_word' id='word_1_600' title='bbox 1479 4705 1679 4795; x_wconf 89' lang='lat' dir='ltr'>congregati</span> <span class='ocrx_word' id='word_1_601' title='bbox 1700 4704 2135 4790; x_wconf 87' lang='lat' dir='ltr'>eruntiunominemeo,</span> <span class='ocrx_word' id='word_1_602' title='bbox 2162 4709 2201 4776; x_wconf 93' lang='lat' dir='ltr'>in</span> <span class='ocrx_word' id='word_1_603' title='bbox 2229 4734 2232 4739; x_wconf 71' lang='grc'>’</span> 
     </span>
     <span class='ocr_line' id='line_1_46' title="bbox 164 4802 2201 4900; baseline 0.002 -26"><span class='ocrx_word' id='word_1_604' title='bbox 164 4818 279 4895; x_wconf 85' lang='lat' dir='ltr'>geant.</span> <span class='ocrx_word' id='word_1_605' title='bbox 340 4802 447 4876; x_wconf 88' lang='lat' dir='ltr'>Multi</span> <span class='ocrx_word' id='word_1_606' title='bbox 479 4833 599 4900; x_wconf 91' lang='lat' dir='ltr'>pacem</span> <span class='ocrx_word' id='word_1_607' title='bbox 628 4807 829 4875; x_wconf 82' lang='lat' dir='ltr'>arrimorum</span> <span class='ocrx_word' id='word_1_608' title='bbox 862 4820 897 4875; x_wconf 88' lang='lat' dir='ltr'>et</span> <span class='ocrx_word' id='word_1_609' title='bbox 928 4808 1154 4877; x_wconf 91' lang='lat' dir='ltr'>concordiam</span> <span class='ocrx_word' id='word_1_610' title='bbox 1205 4805 1321 4879; x_wconf 90' lang='lat' dir='ltr'>medio</span> <span class='ocrx_word' id='word_1_611' title='bbox 1346 4830 1470 4876; x_wconf 88' lang='lat' dir='ltr'>eorum</span> <span class='ocrx_word' id='word_1_612' title='bbox 1493 4830 1589 4876; x_wconf 91' lang='lat' dir='ltr'>sum:</span> <span class='ocrx_word' id='word_1_613' title='bbox 1618 4807 1793 4900; x_wconf 88' lang='lat' dir='ltr'>quidquid</span> <span class='ocrx_word' id='word_1_614' title='bbox 1811 4821 1931 4898; x_wconf 89' lang='lat' dir='ltr'>petent</span> <span class='ocrx_word' id='word_1_615' title='bbox 1948 4808 2201 4898; x_wconf 89' lang='lat' dir='ltr'>impetrabunt,</span> 
     </span>
     <span class='ocr_line' id='line_1_47' title="bbox 164 4902 2201 5002; baseline 0.002 -26"><span class='ocrx_word' id='word_1_616' title='bbox 164 4906 360 4977; x_wconf 89' lang='lat' dir='ltr'>ambitione</span> <span class='ocrx_word' id='word_1_617' title='bbox 383 4911 536 4982; x_wconf 90' lang='lat' dir='ltr'>turbant.</span> <span class='ocrx_word' id='word_1_618' title='bbox 588 4909 789 4979; x_wconf 90' lang='lat' dir='ltr'>Multorum</span> <span class='ocrx_word' id='word_1_619' title='bbox 813 4908 975 4978; x_wconf 88' lang='lat' dir='ltr'>scandala</span> <span class='ocrx_word' id='word_1_620' title='bbox 994 4908 1155 4979; x_wconf 91' lang='lat' dir='ltr'>dolorem</span> <span class='ocrx_word' id='word_1_621' title='bbox 1206 4933 1357 5002; x_wconf 88' lang='lat' dir='ltr'>cumque</span> <span class='ocrx_word' id='word_1_622' title='bbox 1387 4931 1452 4977; x_wconf 93' lang='lat' dir='ltr'>nos</span> <span class='ocrx_word' id='word_1_623' title='bbox 1479 4909 1620 4998; x_wconf 91' lang='lat' dir='ltr'>piorum</span> <span class='ocrx_word' id='word_1_624' title='bbox 1644 4910 1842 4978; x_wconf 89' lang='lat' dir='ltr'>studiorum</span> <span class='ocrx_word' id='word_1_625' title='bbox 1866 4902 1967 4980; x_wconf 77' lang='lat' dir='ltr'>causa</span> <span class='ocrx_word' id='word_1_626' title='bbox 1992 4914 2201 4982; x_wconf 92' lang='lat' dir='ltr'>conveneri-</span> 
     </span>
     <span class='ocr_line' id='line_1_48' title="bbox 163 5008 2199 5104; baseline 0.004 -29"><span class='ocrx_word' id='word_1_627' title='bbox 163 5010 233 5100; x_wconf 88' lang='lat' dir='ltr'>piis</span> <span class='ocrx_word' id='word_1_628' title='bbox 254 5010 423 5078; x_wconf 87' lang='lat' dir='ltr'>adferunt</span> <span class='ocrx_word' id='word_1_629' title='bbox 444 5023 479 5081; x_wconf 90' lang='lat' dir='ltr'>ct</span> <span class='ocrx_word' id='word_1_630' title='bbox 492 5015 674 5082; x_wconf 90' lang='lat' dir='ltr'>adducunt</span> <span class='ocrx_word' id='word_1_631' title='bbox 690 5010 882 5080; x_wconf 88' lang='lat' dir='ltr'>imbecilles</span> <span class='ocrx_word' id='word_1_632' title='bbox 898 5015 943 5080; x_wconf 90' lang='lat' dir='ltr'>ad</span> <span class='ocrx_word' id='word_1_633' title='bbox 960 5012 1170 5101; x_wconf 55' lang='lat' dir='ltr'>dubitating,</span> <span class='ocrx_word' id='word_1_634' title='bbox 1201 5035 1304 5097; x_wconf 63' lang='lat' dir='ltr'>m,</span> <span class='ocrx_word' id='word_1_635' title='bbox 1336 5025 1371 5082; x_wconf 90' lang='lat' dir='ltr'>et</span> <span class='ocrx_word' id='word_1_636' title='bbox 1391 5011 1585 5081; x_wconf 83' lang='lat' dir='ltr'>maximum</span> <span class='ocrx_word' id='word_1_637' title='bbox 1604 5008 1671 5079; x_wconf 90' lang='lat' dir='ltr'>Dei</span> <span class='ocrx_word' id='word_1_638' title='bbox 1694 5035 1784 5104; x_wconf 92' lang='lat' dir='ltr'>opus</span> <span class='ocrx_word' id='word_1_639' title='bbox 1807 5012 2044 5096; x_wconf 87' lang='lat' dir='ltr'>celebremus,</span> <span class='ocrx_word' id='word_1_640' title='bbox 2078 5038 2199 5083; x_wconf 90' lang='lat' dir='ltr'>omnes</span> 
     </span>
     <span class='ocr_line' id='line_1_49' title="bbox 165 5108 1803 5208; baseline 0.004 -30"><span class='ocrx_word' id='word_1_641' title='bbox 165 5135 257 5181; x_wconf 90' lang='lat' dir='ltr'>nem.</span> <span class='ocrx_word' id='word_1_642' title='bbox 293 5109 391 5180; x_wconf 87' lang='lat' dir='ltr'>Haec</span> <span class='ocrx_word' id='word_1_643' title='bbox 403 5112 494 5180; x_wconf 90' lang='lat' dir='ltr'>mala</span> <span class='ocrx_word' id='word_1_644' title='bbox 509 5138 589 5183; x_wconf 91' lang='lat' dir='ltr'>cum</span> <span class='ocrx_word' id='word_1_645' title='bbox 605 5108 968 5208; x_wconf 85' lang='lat' dir='ltr'>hymqungelorum</span> <span class='ocrx_word' id='word_1_646' title='bbox 984 5126 1155 5206; x_wconf 88' lang='lat' dir='ltr'>pugnant,</span> <span class='ocrx_word' id='word_1_647' title='bbox 1207 5127 1289 5187; x_wconf 89' lang='lat' dir='ltr'>vota</span> <span class='ocrx_word' id='word_1_648' title='bbox 1303 5114 1473 5185; x_wconf 86' lang='lat' dir='ltr'>faciamus</span> <span class='ocrx_word' id='word_1_649' title='bbox 1489 5136 1528 5182; x_wconf 94' lang='lat' dir='ltr'>ac</span> <span class='ocrx_word' id='word_1_650' title='bbox 1544 5113 1591 5182; x_wconf 92' lang='lat' dir='ltr'>ita</span> <span class='ocrx_word' id='word_1_651' title='bbox 1608 5134 1803 5202; x_wconf 88' lang='lat' dir='ltr'>precemur.</span> 
     </span>
    </p>

    <p class='ocr_par' dir='ltr' id='par_1_15' title="bbox 164 5214 1154 5304">
     <span class='ocr_line' id='line_1_50' title="bbox 164 5214 1154 5304; baseline 0.004 -24"><span class='ocrx_word' id='word_1_652' title='bbox 164 5227 199 5282; x_wconf 91' lang='lat' dir='ltr'>et</span> <span class='ocrx_word' id='word_1_653' title='bbox 222 5237 353 5303; x_wconf 89' lang='lat' dir='ltr'>poenas</span> <span class='ocrx_word' id='word_1_654' title='bbox 375 5214 535 5304; x_wconf 90' lang='lat' dir='ltr'>publicas</span> <span class='ocrx_word' id='word_1_655' title='bbox 556 5227 748 5287; x_wconf 89' lang='lat' dir='ltr'>accersunt.</span> <span class='ocrx_word' id='word_1_656' title='bbox 801 5214 922 5303; x_wconf 84' lang='lat' dir='ltr'>Quare</span> <span class='ocrx_word' id='word_1_657' title='bbox 945 5217 1054 5286; x_wconf 92' lang='lat' dir='ltr'>simus</span> <span class='ocrx_word' id='word_1_658' title='bbox 1071 5216 1154 5285; x_wconf 89' lang='lat' dir='ltr'>dili-</span> 
     </span>
    </p>

    <p class='ocr_par' dir='ltr' id='par_1_16' title="bbox 163 5315 2199 5410">
     <span class='ocr_line' id='line_1_51' title="bbox 163 5315 2199 5410; baseline 0.001 -27"><span class='ocrx_word' id='word_1_659' title='bbox 163 5315 339 5403; x_wconf 88' lang='lat' dir='ltr'>gentiores</span> <span class='ocrx_word' id='word_1_660' title='bbox 371 5316 409 5384; x_wconf 93' lang='lat' dir='ltr'>in</span> <span class='ocrx_word' id='word_1_661' title='bbox 442 5317 622 5402; x_wconf 90' lang='lat' dir='ltr'>doctrina,</span> <span class='ocrx_word' id='word_1_662' title='bbox 653 5318 691 5385; x_wconf 94' lang='lat' dir='ltr'>in</span> <span class='ocrx_word' id='word_1_663' title='bbox 716 5320 847 5386; x_wconf 89' lang='lat' dir='ltr'>tuenda</span> <span class='ocrx_word' id='word_1_664' title='bbox 874 5319 1082 5402; x_wconf 89' lang='lat' dir='ltr'>concordia,</span> <span class='ocrx_word' id='word_1_665' title='bbox 1116 5319 1153 5386; x_wconf 91' lang='lat' dir='ltr'>in</span> <span class='ocrx_word' id='word_1_666' title='bbox 1309 5316 1362 5387; x_wconf 89' lang='lat' dir='ltr'>Te</span> <span class='ocrx_word' id='word_1_667' title='bbox 1385 5319 1521 5388; x_wconf 84' lang='lat' dir='ltr'>viveet</span> <span class='ocrx_word' id='word_1_668' title='bbox 1544 5317 1769 5410; x_wconf 88' lang='lat' dir='ltr'>omnipotens</span> <span class='ocrx_word' id='word_1_669' title='bbox 1791 5319 1909 5401; x_wconf 88' lang='lat' dir='ltr'>Deus,</span> <span class='ocrx_word' id='word_1_670' title='bbox 1939 5333 2079 5389; x_wconf 89' lang='lat' dir='ltr'>aeterne</span> <span class='ocrx_word' id='word_1_671' title='bbox 2099 5331 2199 5408; x_wconf 91' lang='lat' dir='ltr'>pater</span> 
     </span>
    </p>
   </div>
   <div class='ocr_carea' id='block_1_14' title="bbox 163 5414 2199 5595">
    <p class='ocr_par' dir='ltr' id='par_1_17' title="bbox 163 5414 2199 5595">
     <span class='ocr_line' id='line_1_52' title="bbox 163 5414 2199 5514; baseline 0.002 -30"><span class='ocrx_word' id='word_1_672' title='bbox 163 5418 327 5506; x_wconf 86' lang='lat' dir='ltr'>regendis</span> <span class='ocrx_word' id='word_1_673' title='bbox 342 5419 513 5490; x_wconf 90' lang='lat' dir='ltr'>moribus.</span> <span class='ocrx_word' id='word_1_674' title='bbox 1205 5416 1353 5490; x_wconf 89' lang='lat' dir='ltr'>Domini</span> <span class='ocrx_word' id='word_1_675' title='bbox 1391 5419 1504 5492; x_wconf 90' lang='lat' dir='ltr'>nostri</span> <span class='ocrx_word' id='word_1_676' title='bbox 1537 5417 1616 5493; x_wconf 85' lang='lat' dir='ltr'>lesu</span> <span class='ocrx_word' id='word_1_677' title='bbox 1643 5414 1796 5506; x_wconf 87' lang='lat' dir='ltr'>Christi,</span> <span class='ocrx_word' id='word_1_678' title='bbox 1838 5420 1901 5514; x_wconf 92' lang='lat' dir='ltr'>qui</span> <span class='ocrx_word' id='word_1_679' title='bbox 1935 5432 1969 5490; x_wconf 90' lang='lat' dir='ltr'>te</span> <span class='ocrx_word' id='word_1_680' title='bbox 2004 5419 2199 5509; x_wconf 79' lang='lat' dir='ltr'>patefecisti</span> 
     </span>
     <span class='ocr_line' id='line_1_53' title="bbox 215 5521 1755 5595; baseline 0.003 -6"><span class='ocrx_word' id='word_1_681' title='bbox 215 5522 391 5590; x_wconf 64' lang='lat' dir='ltr'>Muenna.</span> <span class='ocrx_word' id='word_1_682' title='bbox 409 5526 514 5594; x_wconf 80' lang='lat' dir='ltr'>Orrn.</span> <span class='ocrx_word' id='word_1_683' title='bbox 529 5522 613 5591; x_wconf 83' lang='lat' dir='ltr'>Ver..</span> <span class='ocrx_word' id='word_1_684' title='bbox 627 5522 691 5592; x_wconf 81' lang='lat' dir='ltr'>XI.</span> <span class='ocrx_word' id='word_1_685' title='bbox 1378 5586 1382 5593; x_wconf 86' lang='lat'>.</span> <span class='ocrx_word' id='word_1_686' title='bbox 1704 5521 1755 5595; x_wconf 78' lang='grc'>66</span> 
     </span>
    </p>
   </div>
   <div class='ocr_carea' id='block_1_15' title="bbox 0 0 2373 6020">
    <p class='ocr_par' dir='ltr' id='par_1_18' title="bbox 0 0 2373 6020">
     <span class='ocr_line' id='line_1_54' title="bbox 0 0 2373 6020; baseline 0 0"><span class='ocrx_word' id='word_1_687' title='bbox 0 0 2373 6020; x_wconf 95' lang='lat' dir='ltr'> </span> 
     </span>
    </p>
   </div>
  </div>
 </body>
</html>
