4732 6030
230 262 306 342 205
688 246 848 325 DECL.
877 243 1125 325 CONTRA
1157 245 1487 328 EMPlRlCOS
1521 249 1797 329 Mttntcos.
2181 264 2259 337 204

231 437 373 531 copiose
388 447 423 505 et
440 428 638 503 luculenter
652 423 785 492 dictum
800 421 857 493 sit.
906 417 955 494 tlt
967 422 1103 516 alioqui
1118 422 1219 493 utili·
1267 424 1432 498 aliorum.
1465 422 1602 496 Scitum
1624 436 1677 495 est
1696 424 1791 495 enim
1812 425 1953 496 lacedem
1975 450 2017 498 cx
2036 427 2188 500 aliorum
2208 435 2260 502 ti-

232 556 322 617 mes
335 534 443 609 huius
459 532 543 603 artis
558 530 604 598 ita
619 524 754 594 suntin
768 538 956 616 conspectu
972 525 1157 611 omnibus,
1180 536 1221 595 ut
1268 526 1490 618 tuperatione
1511 551 1698 620 quaerere,
1722 529 1821 597 domi
1844 553 1926 599 suae
1949 548 2121 623 apparant
2147 558 2261 603 reme-

233 647 312 717 ince
333 635 527 710 censendus
547 630 593 700 sit
613 626 889 725 ingratissimus,
909 625 940 694 si
957 626 1036 717 quis
1053 650 1126 695 non
1145 649 1220 694 me-
1269 628 1346 712 ‹lia,
1370 641 1409 699 ut
1433 629 1581 699 reddam
1606 629 1757 699 aliorum
1782 654 1923 722 operam
1946 649 2159 724 scupectam,
2186 640 2260 706 cal-

235 745 357 816 minit:
390 733 513 822 Magni
541 743 658 801 autern
687 727 824 818 negocii
850 741 901 796 est
922 742 1097 818 praestare
1120 729 1158 796 in
1182 751 1220 796 re
1269 729 1340 799 lide
1363 731 1553 801 observant
1575 731 1721 801 affectus
1742 747 1985 818 aegrotorum,
2011 749 2074 806 aut
2095 735 2259 824 istorum,

235 859 318 918 nota
345 853 379 909 et
407 833 631 927 pervulgata,
662 854 708 899 ne
735 829 936 900 fastidiatur
962 830 1088 903 oratio.
1143 824 1219 918 Ego
1270 832 1400 923 quibus
1423 830 1554 921 aegroti
1577 826 1675 901 chari
1698 845 1799 915 sum,
1832 835 1875 903 ad
1900 828 1964 903 hos
1988 835 2170 923 alludunt,
2202 835 2260 910 bis

234 947 341 1038 igitur
352 936 421 1009 hoc
432 951 591 1026 tempore
605 932 733 1001 omissa
749 931 953 1002 laudatione
967 947 1107 1001 nostrae
1123 931 1220 1014 artis,
1272 932 1517 1023 parasitantuc.
1569 930 1609 1003 Si
1632 933 1669 1001 in
1691 934 1826 1023 magnis
1847 935 2032 1025 periculis,
2067 940 2126 1007 alii
2152 941 2260 1011 simul

234 1046 358 1119 seriam
376 1040 553 1134 quandam
570 1034 747 1127 querelam
762 1027 832 1103 huc
848 1031 972 1102 afferre
986 1032 1139 1115 decrevi,
1166 1032 1221 1099 vel
1270 1029 1421 1105 adhibiti
1436 1034 1583 1119 fuerint,
1609 1028 1666 1103 hic
1681 1037 1851 1127 quaedam
1868 1038 2032 1126 acollega
2049 1041 2169 1119 furati,
2197 1068 2260 1132 pro

234 1162 274 1221 nt
287 1143 465 1217 auditores
479 1135 900 1214 commonefacerem,.nt
914 1129 1006 1202 hanc
1021 1148 1131 1204 artem
1145 1158 1221 1201 ma·
1272 1137 1426 1226 propriis
1458 1136 1548 1205 clam
1582 1138 1798 1220 obtrudunt,
1830 1153 1867 1208 nt
1895 1139 2048 1228 collegae
2072 1138 2262 1214 detrahant

235 1253 309 1321 iore
330 1243 501 1334 religione
518 1249 726 1321 tractarent,
751 1235 806 1303 vel
824 1251 933 1318 certe,
958 1251 997 1307 nt
1013 1235 1126 1305 dol'ori
1144 1258 1219 1301 meo
1271 1238 1395 1323 fidem,
1421 1263 1502 1307 cum
1523 1240 1714 1308 succedunt
1736 1239 1834 1321 aliis,
1860 1241 2014 1313 remedia
2038 1267 2057 1310 a
2080 1244 2261 1332 prioribus

233 1372 369 1422 rnorem
392 1365 566 1435 gererem;
591 1361 717 1432 quem,
743 1360 814 1428 quo
836 1336 971 1407 diutius
992 1337 1029 1405 in
1053 1350 1126 1406 arte
1141 1359 1220 1403 ver-

235 1475 310 1532 sor,
353 1461 385 1517 et
415 1444 622 1535 dignitatem
651 1438 1000 1532 magnitudinemque
1031 1439 1106 1508 eius
1137 1462 1221 1529 pro-

236 1556 316 1649 pius
330 1547 482 1640 aspicio,
507 1539 667 1636 quotidie
678 1539 848 1609 maiorem
864 1541 1040 1633 concipio,
1064 1565 1143 1610 curn
1159 1564 1219 1607 co-

145 1709 151 1713 -
235 1657 308 1748 gito
332 1673 408 1721 eam
431 1649 476 1718 ab
498 1642 674 1735 illiteratis
696 1641 964 1730 impostoribus,
993 1663 1220 1732 magnacum

236 1752 391 1850 pernicie
421 1745 608 1819 hominum
634 1743 804 1823 exerceri,
839 1742 900 1836 qui
923 1746 1165 1814 contaminant
1188 1753 1221 1810 et

181 1903 183 1909 ¹
237 1864 469 1944 corrumpunt
485 1862 609 1919 actem.
660 1840 707 1914 Et
723 1845 890 1937 quoniam
906 1869 946 1913 ex
962 1840 1089 1914 horum
1109 1842 1220 1912 mori-

235 1965 302 2032 bus
319 1972 352 2026 et
368 1953 487 2034 factis,
509 1947 615 2019 mulli
630 1948 674 2017 de
693 1958 764 2015 tota
778 1942 994 2038 professione
1010 1946 1219 2027 existimant,
1256 1973 1259 1979 ·

237 2082 339 2132 verae
361 2053 545 2124 doctrinae
566 2049 651 2118 fides
674 2048 714 2116 in
729 2046 921 2118 discrimen
937 2046 1043 2116 venit.
1092 2044 1142 2117 Ut
1156 2069 1221 2115 au·

236 2178 306 2234 tem
320 2156 461 2250 Apelles
476 2154 600 2245 pictor,
625 2149 656 2218 si
672 2150 894 2240 praecipuam
910 2148 1063 2242 aliquam
1077 2170 1220 2216 suarum

236 2260 437 2336 tabularum
461 2255 665 2326 collocatam
689 2250 820 2320 illustri
841 2250 941 2335 loco,
970 2249 1161 2319 deformari
1183 2271 1222 2315 ac

237 2361 375 2455 aspergi
404 2360 480 2427 luto
507 2355 661 2437 videret,
693 2352 847 2421 maximo
870 2353 994 2420 dolore
1015 2352 1222 2432 afficeretur,

238 2477 381 2558 propter
397 2460 482 2529 artis
496 2452 762 2525 contumeliam:
788 2452 838 2521 ita
851 2476 908 2521 me
923 2477 1064 2547 quoque
1077 2451 1222 2520 misera-

237 2569 287 2638 tio
307 2563 477 2657 quaedam
497 2556 611 2638 subit,
637 2556 834 2624 intuentem
856 2579 962 2645 quam
983 2554 1129 2642 indigne
1150 2568 1222 2622 tra-

237 2659 567 2745 ctentMedieinaru
591 2655 781 2726 histriones
803 2655 968 2747 quidam,
986 2658 1056 2751 qui
1078 2679 1113 2723 se
1137 2680 1223 2723 veu-

237 2770 355 2840 ditant
375 2788 439 2857 pro
455 2758 627 2843 Medicis,
654 2781 735 2827 curn
757 2770 866 2827 artem
889 2782 1072 2851 nunquam
1089 2757 1223 2825 didice-

237 2871 324 2942 rint.
387 2864 511 2956 Neque
541 2883 710 2953 usqnam,
748 2858 897 2949 opinor,
936 2853 1028 2929 hanc
1057 2858 1224 2928 iniuriam

238 2973 323 3045 artis
338 2967 465 3038 iustius
477 2963 661 3055 deplorare
673 2985 811 3053 queam,
833 2984 939 3052 quam
954 2961 1048 3052 apud
1065 2985 1137 3047 vos,
1162 2963 1224 3055 qui

238 3096 319 3144 curn
348 3067 554 3157 dignitatem
582 3076 687 3156 atque
715 3063 787 3130 vim
809 3062 1041 3133 maximarum
1066 3063 1225 3154 discipli·

240 3194 365 3244 riarum
381 3165 601 3255 intelligatis,
625 3166 702 3233 iure
717 3188 773 3232 me
786 3159 998 3236 stomachari
1012 3164 1225 3241 iudicabitis.

239 3271 289 3350 Et
309 3274 455 3343 fortasse
477 3268 521 3336 de
539 3266 611 3334 suis
628 3265 762 3334 artibus
779 3265 970 3353 cogitantes
986 3266 1135 3357 singuli,
1159 3269 1225 3338 do-

1272 1339 1400 1429 scripta
1431 1334 1576 1409 trahunt
1607 1341 1749 1424 eadem,
1780 1343 1840 1410 sed
1867 1342 2004 1422 fucata,
2034 1368 2079 1411 ne
2103 1345 2260 1436 imperiti

1271 1455 1472 1530 agnoscant.
1524 1439 1565 1512 si
1586 1443 1672 1535 quid
1696 1442 1810 1511 honae
1831 1444 1880 1512 rei
1904 1443 2039 1533 evenit,
2065 1446 2204 1515 laudern
2224 1448 2260 1517 in

1272 1565 1308 1610 se
1337 1543 1575 1628 transferunt,
1607 1543 1637 1611 si
1667 1543 1752 1634 quid
1782 1568 1880 1614 secus
1896 1537 2044 1629 accidit,
2077 1548 2264 1620 derivatur

1273 1643 1388 1713 omnis
1411 1646 1513 1735 culpa
1536 1645 1573 1713 in
1599 1645 1696 1713 alios.
1747 1643 1795 1716 Et
1816 1647 1984 1738 quoniam
2010 1647 2053 1738 in
2071 1642 2136 1717 hac
2162 1651 2263 1718 vani-

1272 1758 1343 1815 tate
1359 1746 1581 1834 ingeniocnm
1598 1742 1854 1825 humanorum,
1882 1749 2135 1839 praedictiones
2151 1751 2257 1821 etiam

1272 1848 1459 1939 requirunt
1474 1844 1655 1932 homines,
1681 1848 1898 1942 maximeque
1915 1851 2060 1938 aegroti:
2087 1865 2126 1920 ut
2140 1852 2258 1926 curio-

1272 1948 1319 2018 sis
1342 1949 1576 2041 satisfaciant,
1597 1948 1756 2019 iactitant
1780 1971 1816 2016 se
1839 1964 1932 2020 astra
1949 1952 2148 2035 consulere,
2177 1978 2258 2022 cum

1272 2049 1416 2142 quidem
1440 2074 1514 2120 non
1535 2073 1576 2119 ex
1591 2054 1712 2134 astris,
1737 2053 1797 2119 scd
1810 2075 1856 2120 ex
1873 2052 2083 2122 coniecturis
2096 2077 2261 2143 praesen-

1273 2151 1368 2220 tibus
1389 2153 1635 2221 vaticinentur.
1695 2149 1862 2221 Vidimus
1883 2154 1988 2222 etiam
2010 2155 2073 2246 qui
2096 2151 2261 2246 Magicen

1273 2247 1505 2338 adhibebant,
1543 2253 1605 2346 qui
1635 2277 1677 2322 ex
1702 2253 1808 2322 urina
1828 2278 1903 2322 non
1926 2254 2041 2325 solum
2066 2257 2112 2324 de
2136 2254 2262 2328 morbo

1272 2354 1498 2438 divinabant,
1538 2356 1596 2423 sed
1626 2356 1820 2426 narrabant
1851 2368 2014 2441 aetatem,
2053 2358 2263 2446 dignitatern

1274 2456 1382 2540 vitae,
1405 2456 1557 2525 formam
1575 2457 1726 2546 aegroti,
1750 2457 1887 2526 etiamsi
1905 2470 1992 2527 esset
2009 2458 2263 2546 ignotissimus.

1273 2555 1424 2626 Talibus
1444 2558 1599 2626 artificiis
1621 2558 1892 2628 admirationem
1912 2559 1981 2628 sibi
2001 2561 2162 2648 pariunt,
2187 2586 2260 2628 non

1273 2659 1419 2728 scientia
1441 2658 1625 2744 medendi,
1650 2673 1684 2729 et
1705 2660 1929 2729 concurritur
1948 2662 1990 2728 ad
2010 2654 2073 2728 hos
2089 2663 2260 2750 imposto-

1273 2783 1347 2843 res,
1375 2761 1466 2830 sicnt
1489 2761 1668 2830 concurrit
1691 2759 1842 2853 populus
1862 2761 1905 2828 ad
1925 2774 2079 2846 sanctos3
2114 2785 2197 2829 nam
2221 2755 2259 2829 hi

1273 2885 1415 2955 qnoque
1437 2860 1604 2937 videntur
1625 2885 1782 2931 exercere
1807 2859 2042 2944 Medicinam,
2067 2865 2112 2930 ad
2130 2860 2167 2931 S.
2188 2860 2258 2930 Va·

1273 2964 1470 3046 lentinum,
1501 2961 1643 3049 Vitum,
1678 2960 1900 3033 Genofefam.
1952 2959 2050 3050 Quid
2069 2976 2120 3031 est
2140 2976 2257 3032 autem

1273 3064 1472 3154 indignius,
1504 3089 1610 3158 qnam
1640 3064 1971 3155 praestantissimam
1994 3077 2104 3132 artem
2129 3065 2264 3132 ‹livini-

1273 3183 1330 3236 tus
1349 3179 1525 3235 ostensam
1547 3162 1703 3235 humano
1723 3174 1862 3253 generi,
1887 3168 1930 3233 ad
1954 3164 2061 3233 vitam
2083 3166 2264 3248 tuendam,

1274 3268 1513 3337 coritinentem
1540 3267 1736 3334 doctrinam
1760 3265 1909 3332 maxime
1932 3264 2136 3351 liberalem,
2166 3266 2265 3335 vide-

239 3377 365 3447 lebunt
394 3371 434 3438 in
463 3388 650 3438 commune
680 3364 791 3433 vicem
823 3367 983 3436 omniurn
1015 3370 1225 3454 studiorum,
1273 3369 1375 3453 licet,
1414 3380 1562 3437 naturae
1589 3389 1777 3457 corporum
1808 3364 2070 3452 cognitionem,
2109 3367 2155 3437 ita
2186 3390 2265 3437 coc-

240 3501 320 3550 cum
336 3470 552 3565 reputabunt
566 3465 658 3538 nulli
675 3465 885 3558 professioni
901 3470 1018 3537 deesse
1033 3463 1102 3538 hoc
1116 3492 1225 3559 genus
1274 3469 1400 3561 rumpi
1409 3483 1443 3539 et
1457 3467 1667 3550 adulterari,
1691 3466 1845 3536 admixta
1863 3468 1918 3535 vel
1933 3490 2095 3558 perversa
2111 3471 2264 3560 quadam

240 3576 469 3650 histrionum.
527 3566 604 3661 Ego
636 3592 719 3638 vero
750 3567 813 3637 etsi
842 3582 987 3659 propter
1016 3569 1224 3660 dignitatern
1273 3567 1484 3649 Rhetorica,
1511 3570 1566 3639 vel
1589 3569 1720 3658 magia,
1746 3569 1801 3637 vel
1825 3562 1893 3637 hoc
1917 3590 2028 3658 genus
2048 3568 2128 3637 aliis
2146 3568 2263 3658 impo-

241 3678 441 3753 studiorum
461 3695 501 3743 ac
524 3673 726 3754 literarum,
752 3668 856 3741 etiam
872 3670 1023 3741 aliarum
1038 3673 1226 3762 professio·
1274 3672 1393 3746 sturia.
1418 3732 1421 3737 .
1444 3670 1554 3762 Leges
1585 3673 1673 3741 dant
1700 3671 1876 3741 actionem
1908 3682 2029 3738 contra
2059 3669 2156 3753 illos,
2196 3669 2262 3762 qni

241 3806 328 3854 num
346 3779 459 3848 abusu
476 3796 719 3862 commoveor,
741 3784 858 3842 tamen
872 3771 1010 3843 omissis
1024 3774 1120 3859 aliis,
1147 3789 1227 3846 tan·
1275 3776 1489 3846 adulteratas
1515 3795 1648 3842 merces
1673 3775 1849 3856 vendunt,
1881 3783 1915 3840 et
1940 3770 2070 3840 atrocia
2091 3770 2266 3861 supplicia

241 3901 318 3958 tum
338 3883 383 3951 de
404 3900 482 3948 mea
505 3890 580 3948 arte
602 3876 738 3959 dicam,
762 3897 852 3967 quae
874 3899 945 3969 quo
961 3876 1175 3948 fructuosior
1193 3892 1227 3949 et
1277 3877 1393 3946 ineos
1415 3875 1646 3945 constituunt.
1697 3873 1746 3944 At
1768 3873 1825 3943 isti
1848 3867 2037 3942 histriones
2052 3869 2268 3957 Medicinae,

167 4032 171 4039 ·
242 3983 374 4077 gratior
396 3973 692 4058 eschominibus,
721 4000 765 4046 eo
786 3975 906 4066 plnres
928 3970 1053 4063 habet,
1087 3980 1151 4074 qui
1173 3979 1224 4050 fa·
1276 4003 1342 4071 pro
1370 4001 1509 4046 summo
1541 3975 1691 4061 scelere,
1721 3975 1887 4044 auferunt
1913 3974 2065 4042 maxima
2098 3975 2267 4064 praemia,

242 4112 336 4157 marn
353 4083 437 4154 artis
454 4080 628 4150 affectant.
679 4076 822 4148 Nullius
837 4080 974 4166 generis
989 4081 1132 4153 artificis
1147 4083 1228 4176 plu·
1276 4082 1441 4150 feruntur
1462 4078 1499 4147 in
1523 4078 1654 4162 oculis,
1680 4078 1848 4146 coluntur
1862 4098 1881 4144 a
1897 4073 2054 4165 populo,
2071 4076 2271 4147 adorantur

244 4213 299 4258 res
321 4182 565 4273 reperiuntur,
597 4200 704 4273 quarn
727 4175 873 4251 Medici.
924 4179 994 4249 Sed
1019 4205 1143 4271 magna
1165 4197 1230 4269 est,
1277 4197 1446 4275 tanquam
1463 4177 1640 4264 Semidei,
1664 4179 1825 4246 mercede
1847 4176 1998 4245 maxima
2019 4176 2270 4246 conducuntur

244 4303 285 4360 ut
296 4280 541 4356 lurisconsulti
552 4279 689 4364 dicunt,
713 4277 884 4346 artificum
896 4279 1106 4356 differentia.
1137 4282 1229 4372 Qui·
1279 4308 1358 4354 cum
1383 4305 1522 4351 summo
1539 4280 1714 4371 periculo:
1739 4300 1842 4370 saepe
1859 4277 1954 4346 enim
1973 4277 2128 4346 vidimus
2144 4299 2269 4367 aegro·

245 4392 326 4459 darn
345 4384 555 4476 profitentur
570 4393 699 4462 artem,
724 4377 939 4467 pollicentur
955 4375 1159 4452 hominibus
1175 4408 1231 4454 sa·
1279 4399 1334 4454 tos
1362 4385 1446 4450 dare
1471 4404 1601 4474 poenas
1626 4379 1783 4450 inscitiae
1807 4392 1842 4448 et
1865 4378 2031 4448 audaciae
2056 4374 2184 4448 horum
2212 4374 2269 4448 hi·
2352 4463 2355 4468 Ι

245 4493 356 4561 lntem
380 4485 418 4555 in
441 4481 603 4551 maximis
625 4479 809 4572 periculis,
834 4503 914 4548 curn
936 4504 1119 4574 uunquam
1136 4485 1229 4554 didi·
1280 4485 1468 4556 strionum.
1517 4479 1667 4552 Etcum
1690 4480 1801 4550 multa
1817 4480 2039 4572 prognostica
2058 4479 2271 4570 colligantur

246 4593 374 4663 serint:
406 4586 467 4657 sed
492 4579 623 4652 alicubi
647 4581 685 4649 in
708 4579 933 4674 myropoliis,
965 4597 1026 4652 aut
1047 4587 1233 4656 tonstrinis
1281 4589 1326 4656 ab
1347 4584 1516 4654 omnibus
1534 4582 1827 4666 circumstantiis,
1862 4606 1881 4650 a
1903 4583 2013 4671 figura
2039 4581 2218 4674 corporis,
2249 4606 2272 4652 a

247 4694 464 4774 servierunt,
485 4685 549 4757 ubi
570 4683 867 4773 transcripserunt
881 4687 1052 4776 quaedam
1068 4688 1233 4773 remedia,
1282 4701 1379 4778 gestu
1404 4685 1555 4772 aegroti,
1588 4708 1610 4753 a
1634 4683 1742 4764 locis,
1774 4683 2042 4773 aregionibus,
2074 4707 2115 4752 ex
2140 4682 2273 4777 quibus

246 4818 400 4891 quorum
417 4813 531 4883 neque
544 4810 685 4871 causas,
706 4808 821 4877 neque
836 4784 929 4853 vires
942 4801 1093 4874 norunt,
1118 4813 1234 4882 neque
1284 4786 1433 4859 iudicari
1459 4786 1503 4854 de
1525 4785 1621 4856 exitu
1644 4784 1764 4857 morbi
1787 4797 1917 4877 potest:
1952 4778 2042 4852 mibi
2068 4797 2184 4855 tanun
2210 4785 2272 4855 vix

247 4922 319 4992 quo
342 4897 380 4964 in
403 4895 483 4963 loco
500 4891 651 4966 valeant.
702 4884 826 4981 Neque
839 4912 923 4957 vero
940 4901 1012 4958 tam
1027 4891 1126 4961 stulti
1142 4904 1235 4977 sunt,
1283 4890 1381 4960 aliud
1404 4888 1544 4978 signnm
1567 4887 1697 4960 certius
1722 4885 1867 4958 exitium
1891 4887 2104 4976 portendere
2119 4886 2287 4971 videtuc‚‘

247 5015 287 5072 ut
310 4994 377 5068 hoc
399 4997 675 5065 instrumentum
694 4991 740 5061 ad
753 4989 1046 5061 existimationem
1063 4992 1236 5083 colligen-
1284 5016 1390 5086 qnam
1419 4991 1449 5059 si
1479 4988 1560 5059 talis
1582 4984 1708 5084 histrio
1733 4981 1915 5062 adhibitus
1937 4986 2054 5061 fuerit.
2117 4984 2276 5080 Vulgare

248 5114 330 5172 dam
354 5098 439 5168 satis
460 5118 534 5164 esse
555 5107 696 5184 putent:
721 5096 783 5163 sed
805 5106 1015 5162 mutuantur
1040 5117 1081 5163 ex
1097 5089 1236 5165 Rheto·
1285 5107 1353 5178 est,
1375 5108 1487 5162 artem
1510 5106 1667 5164 exerceat
1687 5091 1749 5183 qui
1772 5088 1908 5159 didicit.
1957 5087 2070 5159 Nemo
2088 5088 2182 5158 enirn
2202 5104 2275 5161 tam

248 5206 321 5276 rica
344 5200 429 5271 alias
453 5198 622 5290 quasdam
647 5210 759 5278 artes,
782 5218 846 5285 per
867 5217 953 5287 quas
976 5194 1103 5284 magis,
1129 5220 1235 5290 quarn
1287 5194 1474 5284 impudens
1503 5207 1573 5273 est,
1606 5209 1646 5265 ut
1677 5192 1836 5284 profiteri
1859 5190 2034 5262 Musicam
2061 5189 2172 5278 ausit,
2204 5192 2277 5262 nisi

249 5284 421 5379 beneficio
443 5298 587 5368 illorum
611 5296 847 5366 remediorum
871 5295 1128 5381 inclarescunt,
1155 5321 1237 5387 pro·
1287 5296 1466 5383 didicerit:
1500 5297 1679 5387 quomodo
1711 5294 1806 5362 enim
1841 5294 1940 5362 ludet
1968 5292 2097 5362 fidibus
2130 5295 2180 5374 is,
2213 5295 2279 5389 qui

250 5411 320 5480 lise
342 5399 691 5493 desepcomittnnt,
716 5394 907 5471 detrahunt
920 5400 965 5468 de
978 5398 1238 5471 existimatione
1288 5420 1471 5489 nunquam
1496 5397 1631 5468 didicit.
1683 5392 1762 5466 Hoc
1783 5397 1815 5465 si
1840 5396 1876 5464 in
1900 5391 1956 5464 his
1978 5394 2175 5476 levioribus
2190 5397 2281 5470 arti-
