4732 6030
169 293 244 370 149
664 288 835 367 onon.
867 287 944 364 nn
974 245 1250 363 nucouto
1284 286 1708 368 ronurcanou.
2136 303 2211 405 rso

166 466 233 539 has
249 479 384 538 tantum
399 465 493 556 leges
509 488 603 551 esse,
629 488 719 558 quae
737 477 820 535 sunt
837 463 874 533 in
891 464 1044 555 puhlicis
1058 464 1162 535 libris
1186 469 1190 543 i
1214 460 1283 536 No.
1298 461 1356 537 18.
1383 438 1392 453 ⁴
1725 524 1728 537 .
2034 499 2084 543 m.
2101 480 2196 550 1527.

168 570 327 660 scriptae.
377 566 475 639 Haec
494 569 550 639 lex
570 591 647 639 non
669 567 708 636 in
730 588 788 635 aes
810 566 939 648 incisa,
966 591 1039 636 non
1057 570 1162 639 tabu·
1187 569 1190 607 ¹
1215 560 1354 586 Μ
1451 594 1454 599 ’
2029 570 2201 598 Μ

167 673 212 741 lis
239 671 390 762 lapideis
420 671 597 763 insculpta
626 683 693 749 est,
728 670 789 738 sed
817 668 855 736 in
878 669 1161 739 animisnostris
1400 663 1678 751 Enuomium
1696 661 2016 782 formicarum,

167 774 297 865 scripta
321 773 514 858 divinitus,
539 786 580 843 ut
602 784 790 864 parentum
808 771 902 841 iussa
920 794 993 840 non
1011 771 1161 841 minoris
1284 838 1390 895 Prodita
1409 858 1471 895 eum
1493 838 1567 908 attis,
1594 839 1648 896 vid.
1669 840 1721 897 No.
1735 842 1777 895 16.
1801 870 1837 885 -
1877 843 1982 900 Resona
2002 847 2074 920 apud
2094 850 2207 911 Craton.

165 876 347 960 faciamus,
374 898 481 968 quam
498 875 572 945 ulla
587 888 790 965 praetorum
805 873 930 944 edicta.
981 870 1028 944 Et
1044 888 1160 944 tamen
1315 911 1349 963 Μ
1370 909 1386 965 p·
1401 926 1427 979 p.
1443 909 1494 963 546
1506 928 1536 978 ,q
1557 947 1579 991 Ἰ
1603 909 1632 962 in
1649 909 1772 967 vectam.
1787 909 1820 970 T·
1835 913 1855 965 Ι,
1868 929 1894 981 p.
1909 913 1985 979 Μ,
2007 918 2037 970 ἡ,
2052 919 2170 979 sm.
2185 926 2207 978 ¹·

168 993 287 1049 extant
318 978 425 1048 etiam
447 975 722 1066 Magistratuum
743 976 837 1064 leges
858 970 924 1043 hac
947 977 991 1045 de
1013 1000 1066 1044 re:
1100 1001 1161 1045 ex·
1316 930 1531 1052 pheacum
1572 978 1674 1035 *thud-
1688 980 1720 1037 T·
1734 980 1767 1033 ¹¹·
1783 981 1859 1050 P·⁷4·
1880 1011 1914 1026 -
1950 986 2206 1046 MelantbonEras·

167 1093 242 1150 ani
269 1093 303 1148 a
324 1093 465 1171 praeter
487 1073 675 1148 hominum
690 1079 875 1147 doctorum
894 1091 1095 1169 praecepa,
1121 1078 1160 1146 in
1316 1067 1391 1171 {m
1400 1049 2208 1189 litator.tt.&stttatttatlttatttzt'att

164 1183 273 1252 sacris
295 1182 410 1252 literis
432 1182 655 1271 gravissimae
676 1179 954 1264 admonitiones,
979 1195 1020 1251 ut
1033 1182 1161 1251 ambu·
1315 1185 1405 1268 panae
1424 1186 1559 1267 inatres..
1582 1186 1772 1257 „Formw
1791 1189 1872 1243 ¹²¹¹st
1892 1193 2006 1264 scripta·
2026 1214 2083 1250 ⁰⁸⁸⁸
2103 1199 2207 1255 inatti-

167 1284 282 1354 lemus
303 1308 422 1354 coram
444 1278 652 1354 hominihus
670 1274 903 1374 εὖχημόγως,
931 1277 999 1351 hoc
1019 1296 1088 1366 est,
1114 1305 1160 1350 ne
1316 1265 1388 1326 gitur
1401 1275 1430 1308 ex
1446 1252 1574 1324 Epistolrs
1594 1254 1654 1310 Vol.
1667 1254 1687 1308 l.
1702 1273 1730 1324 p·
1746 1255 1807 1309 896.

167 1387 257 1479 qnid
281 1387 449 1477 incessu„
465 1409 647 1468 mmmm,
681 1397 779 1474 gestu
798 1385 1008 1453 lssd⁶⁰⁰f¹¹¹¹¹
1030 1386 1160 1454 ³⁶¹⁰*
1213 1419 1434 1490 Encomium
1456 1418 1715 1487 Formicorum
1745 1420 1932 1510 scriptum
1964 1417 2053 1518 [imo
2075 1427 2206 1502 recita·

164 1502 294 1558 tamus.
344 1485 392 1559 Et
409 1486 542 1559 Paulus
563 1489 663 1558 iubet
682 1488 803 1574 sugere
826 1487 998 1556 iuveniles
1020 1486 1161 1578 cupidi·
1408 1513 1499 1616 mm]
1527 1515 1575 1589 ab
1600 1522 1792 1592 paramo
1819 1519 2012 1596 Ebnero,

165 1603 271 1675 tates,
304 1590 524 1679 significans,
557 1605 597 1660 ut
619 1590 716 1659 docti
738 1585 901 1659 homines
921 1590 1157 1680 interpretan-
2034 1660 2037 1668 -

165 1705 246 1776 tur,
271 1693 415 1762 delicias
436 1693 515 1763 illas
537 1693 576 1761 in
600 1692 748 1775 vestitu,
773 1692 896 1761 autin
920 1692 1058 1785 reliqua
1081 1698 1160 1761 cor·
1211 1675 1337 1762 Nemo
1352 1689 1391 1757 in
1407 1682 1476 1756 hoc
1493 1700 1594 1757 coetu
1608 1685 1698 1756 dixit
1714 1710 1893 1780 unquam,
1916 1706 2088 1784 quantum
2104 1700 2205 1791 equi-

164 1796 263 1885 poris
282 1795 432 1864 actione.
484 1792 583 1882 Quid
607 1806 659 1863 est
680 1807 818 1889 autem,
845 1793 873 1860 si
897 1816 970 1861 non
992 1807 1044 1862 est
1064 1794 1162 1861 insa-
1213 1793 1293 1859 dem
1323 1789 1480 1859 iudicare
1509 1812 1672 1878 possum,
1699 1789 1759 1858 cui
1785 1791 1934 1881 perinde
1958 1795 2207 1873 benevolentia

164 1898 242 1982 nia,
268 1921 383 1989 neque
402 1898 583 1966 honorum
602 1897 765 1964 virorum
781 1893 942 1975 iudiciis,
967 1916 1082 1987 neque
1098 1917 1161 1985 pa·
1213 1907 1346 1976 vestra,
1378 1903 1483 1982 atque
1516 1885 1606 1958 mihi
1635 1914 1725 1979 opus
1754 1906 1860 1978 esset,
1890 1919 1963 1965 non
1992 1900 2100 1969 modo
2122 1904 2207 1996 quia

163 2012 327 2082 rentum,
351 2018 470 2089 neque
489 1997 627 2085 legum,
642 2018 765 2087 neque
787 2017 964 2065 sacrarum
979 1995 1161 2065 literarum
1212 1988 1300 2063 haec
1332 2005 1426 2063 aetas
1459 2015 1536 2061 mea
1563 1992 1735 2081 singulari
1763 1993 1885 2065 favore
1906 2000 2148 2074 confirmanda
2171 2020 2207 2078 et

164 2100 357 2170 autoritate
382 2098 608 2189 permoveri?
657 2096 780 2189 Neque
808 2097 885 2167 leve
913 2110 1092 2186 peccatum
1116 2097 1162 2167 sit
1212 2097 1511 2178 adiuvandam,
1545 2096 1607 2165 sed
1636 2094 1742 2165 etiam
1765 2097 1848 2188 quia
1871 2115 2117 2190 argumentum
2141 2110 2206 2178 ad-

164 2214 325 2293 oportet,
365 2200 462 2292 quod
492 2212 591 2270 tanto
625 2221 798 2269 consensu
827 2194 966 2270 honesti
998 2194 1161 2269 homines
1210 2200 1304 2282 fero,
1329 2199 1425 2290 quod
1441 2196 1545 2267 etiam
1562 2198 1591 2267 si
1610 2197 1767 2268 novitate
1782 2199 1919 2290 placere
1933 2205 2061 2294 possit,
2087 2221 2207 2281 tamen

165 2303 325 2375 universi
358 2304 547 2384 damnant,
579 2303 642 2371 sed
671 2300 795 2370 vident
817 2301 871 2370 illi
892 2314 1061 2394 quantam
1083 2301 1162 2371 rui·
1211 2302 1260 2372 ita
1282 2313 1335 2370 est
1359 2299 1467 2382 exile,
1493 2312 1533 2369 ut
1549 2301 1687 2368 nullam
1705 2325 1919 2392 magnopere
1932 2308 2205 2382 admirationem

167 2430 250 2475 nam
271 2399 415 2475 trahant
431 2399 522 2475 haec·
534 2404 657 2487 initia,
681 2426 762 2473 cum
778 2403 816 2472 iu
831 2403 950 2494 parvis
965 2405 1071 2473 rebus
1086 2403 1161 2474 dis-
1211 2415 1399 2473 mereatur.
1451 2398 1527 2472 Atii
1550 2425 1605 2471 res
1626 2418 1737 2489 gestas
1753 2403 2029 2476 clarissimorum
2047 2409 2205 2499 Impera-

165 2530 301 2577 cessum
326 2522 378 2578 est
401 2531 420 2575 a
445 2506 620 2577 maiorum
646 2505 839 2590 institutis,
872 2506 1161 2598 perspiciuntque
1211 2521 1329 2576 torum
1357 2505 1569 2586 recitarunt,
1603 2516 1634 2573 et
1662 2515 1737 2571 tum
1761 2498 1908 2575 honeste
1933 2507 2021 2577 facta
2046 2531 2205 2583 summo-

166 2632 256 2703 quae
278 2609 487 2700 disciplinae
509 2608 730 2699 perturbatio
749 2623 930 2700 sequatur.
982 2605 1080 2678 Haec
1102 2631 1161 2677 ar·
1211 2632 1291 2678 rum
1309 2603 1515 2691 hominum,
1540 2606 1691 2676 dicendo
1709 2620 1944 2692 ornaverunt,
1971 2623 2046 2680 tum
2061 2627 2123 2685 aut
2138 2640 2205 2708 po-

166 2725 331 2801 gumenta
356 2734 416 2781 vos
437 2723 699 2793 commoveant,
731 2710 858 2801 optimi
877 2708 1161 2789 commilitones,
1211 2709 1396 2803 polorum,
1431 2720 1492 2777 aut
1519 2723 1754 2801 tyrannorum
1780 2710 1933 2801 turpiter
1956 2712 2046 2783 facta
2070 2718 2206 2804 gravis-

164 2827 206 2883 ut
235 2814 383 2901 longum
412 2815 530 2882 valere
549 2811 676 2881 dicatis
698 2812 769 2880 illis
792 2812 830 2878 in
855 2812 984 2881 vestitu
1006 2812 1162 2902 ineptiis,
1211 2812 1297 2881 sime
1326 2810 1629 2901 vituperaverunt.
1687 2805 1765 2898 Ego
1790 2812 1959 2903 quoniam
1985 2818 2104 2888 deerat
2130 2820 2205 2889 elo-

167 2939 375 3008 semperque
391 2915 514 2982 veniat
527 2913 565 2979 in
581 2921 747 2992 mentem,
771 2911 852 2977 illas
865 2933 939 2978 non
955 2911 1074 2980 minus
1089 2933 1162 2981 esse
1212 2913 1355 3009 quentia
1377 2936 1444 3005 par
1463 2912 1570 2981 tantis
1591 2911 1723 2995 causis,
1754 2913 1961 2984 infirmitate
1983 2918 2113 2989 virium
2137 2916 2205 2991 hu-

165 3032 287 3107 turpes
303 3028 406 3089 notas
421 3036 527 3104 quam
543 3010 721 3097 stigmata,
748 3033 838 3102 quae
852 3010 1028 3081 damnatis
1041 3036 1161 3082 rerum
1211 3016 1331 3084 milius
1355 3025 1600 3102 argumentum
1625 3036 1793 3105 quaerere
1814 3028 1954 3085 coactus
1977 3041 2067 3093 sum.
2120 3020 2203 3111 Qua

164 3118 374 3209 capitalium
400 3113 612 3195 inuruntur,
651 3110 757 3180 vestis
785 3111 880 3180 enim
915 3113 1032 3182 virum
1063 3114 1161 3183 lacit:
1212 3118 1256 3186 de
1278 3140 1317 3185 re
1339 3116 1424 3185 dum
1448 3114 1586 3208 aliquot
1607 3116 1683 3183 dies
1705 3115 1881 3197 delibero,
1908 3119 2065 3212 dumque
2080 3141 2204 3215 reputo

163 3241 279 3312 quare
302 3216 332 3284 si
355 3214 400 3284 sit
424 3216 609 3294 indecora,
642 3226 749 3282 nocet
771 3213 1051 3296 existimatione,
1085 3239 1161 3285 non
1210 3241 1297 3313 quas
1319 3239 1376 3286 res
1399 3216 1541 3305 exiguas
1563 3216 1789 3287 laudaverint
1803 3232 1939 3289 veteres
1952 3224 2160 3315 scriptores,
2184 3253 2205 3298 a

164 3320 272 3391 aliter
296 3315 412 3407 ¹atque
441 3316 543 3397 illae,
583 3326 624 3384 ut
657 3328 803 3398 vocant,
838 3311 1014 3385 Thraciae
1043 3332 1160 3389 notae.
1209 3318 1371 3390 Lucieno
1401 3319 1505 3388 video
1528 3340 1703 3404 muscam,
1738 3318 1932 3409 aVirgilio
1956 3348 2037 3415 apes
2059 3329 2206 3399 mirifice

161 3420 279 3492 Porro
297 3419 427 3489 talibus
442 3416 614 3505 stigmatis
630 3417 816 3499 delectari,
843 3440 981 3489 cavero
998 3419 1158 3489 inaudita
1209 3434 1353 3492 ornatas
1368 3444 1451 3490 esse.
1503 3417 1596 3491 Cum
1611 3419 1721 3510 igitur
1736 3418 1824 3489 mihi
1844 3419 2031 3496 honestum
2050 3453 2123 3499 esse
2138 3456 2205 3522 pu-

164 3521 422 3613 amentia³est3
455 3514 516 3589 Ad
535 3514 624 3587 haec
643 3521 730 3588 dum
751 3514 808 3587 his
820 3521 1094 3610 cupiditatibus,
1119 3536 1161 3591 ut
1209 3538 1339 3606 tarem,
1371 3538 1529 3593 veterum
1553 3523 1710 3612 exempla
1732 3524 1851 3616 sequi,
1883 3526 2049 3599 formicas
2070 3537 2207 3624 sumpsi

163 3626 352 3703 videntur,
384 3621 579 3691 levioribus
604 3620 756 3689 nimium
780 3621 993 3710 indulgetis,
1025 3624 1158 3693 interea
1209 3624 1418 3695 laudandas.
1468 3622 1592 3716 Neque
1622 3625 1763 3693 nullum
1789 3650 1917 3716 operae
1950 3634 2107 3721 precium
2132 3659 2205 3703 esee

163 3727 275 3797 multa
291 3724 361 3794 alia
375 3723 462 3794 vitia
478 3722 570 3791 vires
581 3722 771 3812 accipiunt,
794 3722 911 3810 legum
923 3737 1160 3816 contemptus,
1208 3727 1328 3800 iudico
1349 3727 1386 3795 in
1406 3739 1505 3797 tanta
1521 3741 1668 3796 naturae
1684 3727 1851 3797 varietate
1868 3723 1953 3800 haec
1970 3735 2107 3801 minuta
2124 3736 2206 3803 ani·

163 3827 330 3911 audacia,
355 3827 602 3913 adiunguntur
622 3837 786 3915 corrupta
805 3825 989 3910 sodalitia,
1010 3821 1159 3899 honesta
1209 3830 1340 3898 mantia
1366 3827 1610 3913 contemplari.
1662 3823 1806 3895 Etenim
1830 3850 1904 3895 non
1927 3833 2033 3900 modo
2056 3829 2205 3905 Ethnici

161 3930 277 4001 studia
289 3929 413 3998 omnia
424 3928 650 4008 deseruntur,
671 3926 827 3997 succedit
838 3927 966 4012 ocium,
988 3927 1025 3996 id
1038 3930 1082 3998 ad
1094 3953 1160 3996 vo-
1208 3931 1397 4018 scriptores
1417 3927 1561 4011 dignam
1584 3920 1676 3991 hanc
1700 3927 1879 3996 materiam
1898 3929 2021 4025 inqua
2039 3936 2203 4007 elabora-

164 4034 316 4121 luptates
329 4032 471 4102 invitat.
496 4024 616 4121 Atque
626 4021 753 4096 harum
770 4049 890 4097 rerum
908 4029 1159 4120 quisitexitus,
1210 4041 1307 4111 rept,
1333 4037 1565 4117 putaverunt,
1588 4027 1648 4094 sed
1666 4027 1770 4097 etiam
1785 4026 1969 4122 Principes
1978 4031 2203 4110 Christianae

167 4155 258 4225 qm
284 4126 545 4226 καταστροφὴ,
586 4152 690 4220 saepe
712 4128 885 4200 videmus.
935 4128 1026 4199 Non
1050 4128 1159 4218 igitur
1208 4128 1392 4199 doctrinae
1426 4128 1606 4197 mentione
1641 4140 1831 4217 parvarum
1861 4133 1899 4202 in
1925 4149 2051 4208 natura
2082 4166 2201 4213 rerum

164 4228 261 4303 nihil
274 4236 422 4324 periculi
438 4247 500 4315 est,
523 4243 566 4301 ut
580 4233 724 4323 quidam
740 4230 952 4316 existimant,
978 4231 1158 4319 ignoscere
1207 4230 1374 4301 delectari
1403 4231 1581 4300 videntur.
1632 4226 1798 4305 Christus
1826 4235 1924 4305 iubet
1953 4262 2018 4309 nos
2045 4267 2202 4335 passeres

164 4336 237 4405 sihi
252 4332 482 4426 inhisnugis‚
504 4348 545 4405 ut
557 4349 703 4404 vocant:
729 4331 846 4403 Nimis
857 4356 963 4425 quam
975 4349 1158 4412 rerumest
1207 4335 1358 4417 intueri,
1384 4331 1558 4404 Solomon
1572 4335 1745 4425 praecipit
1758 4360 1831 4407 non
1848 4341 1954 4409 modo
1968 4348 2201 4437 contemplari

163 4434 232 4509 has
247 4460 358 4526 nugas
371 4440 460 4508 seria
474 4439 615 4535 decepe.
669 4434 777 4505 Vetus
789 4448 841 4505 est
854 4435 1059 4520 versiculus,
1082 4460 1157 4505 ma·
1206 4436 1389 4520 formicas,
1416 4436 1475 4505 sed
1493 4434 1599 4504 etiam
1615 4459 1682 4504 nos
1700 4439 1742 4529 ad
1763 4462 1820 4508 eas
1835 4453 2003 4534 tanquam
2019 4446 2057 4514 in
2074 4447 2199 4519 ludum

163 4564 236 4631 gna
250 4541 363 4609 teneri
375 4564 449 4610 non
464 4563 566 4629 posse
580 4540 610 4606 si
626 4561 731 4628 parva
748 4537 1156 4626 negligentertneamur:
1206 4538 1367 4607 discendi
1387 4560 1489 4606 causa
1509 4536 1628 4609 mittit.
1682 4536 1778 4624 Quid
1802 4565 2073 4614 commemorem
2093 4575 2199 4642 quam

294 4637 322 4703 a
341 4637 386 4721 μὴ
408 4634 575 4723 φυλάσσεις
595 4633 678 4720 μικρ’
703 4633 828 4712 ἀπολεῖς
849 4633 890 4700 τὰ
910 4634 1045 4716 μείζονα.
1207 4641 1319 4710 multa
1337 4637 1531 4708 animantia
1547 4638 1703 4708 Basilius
1719 4640 1988 4728 diligentissime
2005 4649 2201 4743 descripse-

163 4742 265 4815 ldem
285 4739 345 4813 hic
360 4746 434 4813 fieri
448 4746 627 4813 videmus:
655 4765 738 4809 nam
753 4743 814 4835 qui
832 4766 955 4832 parum
969 4742 1157 4811 firmisunt
1206 4743 1272 4827 rit,
1298 4755 1334 4811 et
1348 4740 1520 4811 Basiliam
1542 4754 1681 4812 secutus
1695 4738 1928 4830 Ambrosius,
1955 4753 2102 4821 eandem
2121 4756 2200 4823 ani-

161 4846 331 4916 adversus
357 4842 421 4917 has
441 4848 592 4915 leviores
614 4845 841 4936 cupiditates,
868 4840 934 4913 hos
956 4844 1060 4914 citius
1077 4843 1156 4934 opi·
1207 4843 1381 4914 mautium
1397 4838 1583 4913 historiam
1599 4843 1637 4910 in
1652 4844 1877 4915 enarratione
1890 4872 2036 4938 operum
2052 4878 2110 4924 sex
2122 4858 2199 4925 die·

161 4948 270 5018 nione
284 4949 353 5018 alia
368 4950 520 5020 maxima
533 4949 624 5017 mala
641 4947 855 5039 oppriment.
895 4943 936 5014 ln
953 4945 1078 5037 primis
1092 4970 1157 5015 au·
1206 4970 1285 5016 rum
1313 4969 1404 5037 pene
1428 4947 1471 5013 ad
1498 4945 1643 5014 verbnm
1667 4960 1842 5032 recenset,
1874 4951 2046 5046 docetque
2070 4957 2107 5025 in
2131 4960 2201 5029 illis

161 5063 233 5120 tem
246 5046 543 5145 nosquiChristo
558 5074 689 5119 nomen
705 5049 880 5132 dedimus,
905 5048 1156 5119 verecundiam
1207 5048 1386 5140 proposita
1409 5047 1514 5116 nobis
1534 5070 1607 5116 ⁶8⁸⁸
1630 5043 1743 5118 &Deo
1766 5063 1801 5120 θῑ
1822 5064 1989 5146 {anquam
2008 5058 2099 5148 picta
2117 5063 2199 5151 plu-

161 5176 202 5222 ac
215 5155 427 5224 modestiam
444 5152 483 5219 in
501 5144 666 5222 omnihus
680 5151 772 5220 vitae
789 5142 947 5241 partibus
964 5151 1079 5222 colere
1095 5152 1158 5221 de-
1206 5152 1377 5220 rimarom
1409 5150 1583 5220 virtutum
1611 5145 1845 5238 simulachra,
1877 5180 1965 5249 quae
1997 5182 2064 5229 nos
2091 5163 2198 5231 officii

161 5269 234 5340 cet,
256 5269 292 5327 et
314 5259 399 5352 quia
422 5279 462 5324 ea
485 5254 599 5323 virtus
614 5251 690 5324 Deo
713 5256 753 5322 in
768 5252 893 5346 primis
907 5252 1041 5344 placet,
1064 5267 1100 5324 et
1117 5266 1157 5324 nt
1206 5252 1319 5322 nostri
1344 5254 1588 5325 admonerent.
1648 5249 1911 5345 Turpissimum
1936 5274 1987 5331 est
2011 5263 2105 5330 enim
2131 5260 2197 5331 ho·

159 5359 267 5429 honis
284 5358 455 5453 exemplis
471 5356 759 5428 aliorummores
775 5355 941 5427 meliores
955 5357 1156 5430 reddamus.
1206 5355 1296 5424 mini
1314 5366 1389 5425 tam
1412 5355 1517 5443 longe
1531 5377 1551 5423 a
1567 5375 1628 5425 sua
1647 5370 1774 5426 natura
1791 5361 2019 5449 degenerare,
2046 5377 2085 5433 ut
2099 5387 2118 5431 a
2135 5366 2198 5432 be-

93 5552 96 5556 ,
159 5459 256 5534 Dixi.
285 5520 289 5529 .
553 5494 556 5499 ¹
1003 5500 1006 5505 ,
1204 5459 1282 5530 stiis
1305 5457 1411 5530 etiam
1433 5456 1565 5528 virtute
1586 5471 1783 5628 quoperetur.
1835 5460 1917 5533 Non
1939 5462 2049 5552 igitur
2069 5463 2198 5538 inutile

1649 5564 1668 5606 ,Ι
2127 5563 2133 5572 .
