4732 6030
43 377 45 380 ,
124 293 200 369 tat
630 282 793 360 DECD.
841 281 918 360 DE
952 281 1172 361 Tattius
1206 278 1471 358 rauthan
1502 279 1688 363 saris.
2094 286 2173 368 ‘792

139 464 309 558 scriptum
325 487 415 551 esse,
440 473 476 532 et
492 470 609 551 postea
627 457 834 548 repetitum,
858 472 899 529 ut
919 456 1043 529 lectori
1058 478 1133 527 nou
1180 467 1297 525 motus
1322 453 1483 525 cordium
1516 454 1707 527 convenire
1738 470 1913 548 oportere.
1972 447 2057 530 Non
2074 452 2180 537 ‘ludis

141 564 262 639 hebeti
283 563 488 637 discrimina
508 559 628 654 aliqua
650 559 690 629 in
707 560 936 632 audientibus
957 560 1135 651 significa-
1180 555 1412 646 opinionibus
1427 559 1471 626 de
1485 554 1583 642 Deo,
1608 571 1648 629 ut
1663 553 1892 649 Philosophi,
1918 573 1978 630 aut
1995 561 2180 636 idolorum

141 658 278 741 remur,
1149 682 1153 691 ¹
1181 657 1328 748 plastae:
1363 681 1437 726 non
1456 658 1605 733 inflectit
1624 660 1825 729 doctrinam
1847 661 1890 729 ad
1912 662 2075 753 politicas
2097 667 2182 759 opi.

245 782 317 852 Nec
331 773 420 848 mihi
439 778 620 869 displicet,
645 781 741 872 quod
758 778 870 874 „liqui
886 781 955 851 gria
976 792 1134 871 tempora
1181 759 1326 844 niones,
1348 761 1409 829 sed
1427 772 1629 831 reverenter
1644 760 1834 855 acquiescit
1847 760 1885 830 in
1902 786 1988 833 voce
2004 769 2181 857 patefacta

143 882 363 972 intelligunt,
391 895 528 951 coetum
547 892 709 951 vocatum
732 895 812 950 ante
833 880 1031 967 diluvium,
1056 903 1136 951 coe·
1182 857 1305 934 ³⁰¹⁰·

144 1001 220 1057 lum
235 996 397 1052 v⁰0211¹¹¹¹
420 994 500 1072 90³¹
521 981 697 1059 diluvium
713 1003 825 1075 usque
845 984 890 1052 ad
908 981 1136 1054 resurrectio·
1284 974 1425 1047 Deinde
1450 991 1484 1049 et
1516 977 1555 1047 in
1579 981 1686 1049 corde
1715 980 1754 1052 lit
1779 979 1879 1075 qnasi
1901 1003 2027 1054 succus
2050 1011 2182 1076 novus,

145 1112 226 1156 nem
242 1079 395 1168 Christi,
420 1095 455 1152 et
471 1080 599 1151 deinde
621 1095 776 1167 coetum,
802 1084 866 1175 qui
887 1096 1033 1156 vocatur
1052 1083 1137 1154 inde
1182 1076 1325 1148 dilectio
1359 1074 1446 1160 Dei,
1483 1080 1642 1149 studium
1677 1085 1899 1175 quaerendae
1931 1084 2109 1174 veritatis,
2143 1106 2181 1164 et

113 1188 116 1193 ’
143 1186 315 1280 usqueab
330 1180 513 1275 Apostolis
529 1185 574 1253 ad
590 1183 696 1252 hnem
709 1184 849 1259 mnndi.
1183 1182 1336 1250 tuendae
1363 1181 1630 1275 tranquillitatis
1658 1182 1697 1251 in
1718 1179 1896 1270 Ecclesia,
1930 1185 2179 1263 benevolentia

242 1301 313 1375 Sed
329 1323 408 1372 cnm
426 1300 518 1371 vires
533 1301 737 1393 praecipuas
753 1302 791 1371 in
807 1315 934 1373 natura
948 1295 1136 1372 hominum
1184 1302 1265 1371 ¹¹8⁸
1302 1303 1444 1362 ⁰¹⁰¹¹¹¹2
1485 1283 1657 1353 m⁰d⁰³¹¹¹
1700 1284 1896 1405 ¹¹P¹¹¹¹¹²¹¹3¹
1936 1289 2181 1410 imblllftss‘ffls
2232 1334 2237 1341 ·

147 1403 353 1487 considero,
378 1401 557 1493 aptissime
576 1403 835 1472 accommodari
856 1404 901 1474 ad
916 1398 1048 1482 eashic
1067 1427 1138 1473 nu-
1184 1384 1421 1502 {¹¹{¹¹¹⁸}¹¹¹¹¹¹d⁰
1460 1385 1668 1454 ⁰⁰¹¹¹l⁰¹¹³¹¹⁸
1706 1410 1889 1458 c0¹¹¹¹¹¹¹1¹11
1929 1394 2185 1486 lre'tnqmllitati

145 1528 266 1576 merus
285 1504 436 1577 videtur.
486 1501 560 1574 Res
573 1502 668 1571 enim
686 1504 723 1571 in
748 1518 938 1595 conspectu
964 1517 1033 1589 est,
1066 1518 1138 1574 tres
1185 1505 1347 1555 ¹¹¹¹¹¹¹¹³¹·

146 1606 352 1698 praecipuas
368 1603 462 1672 vires
479 1599 673 1693 Evangelio
690 1603 729 1673 in
745 1627 804 1674 eas
821 1606 939 1675 inluso
956 1604 1139 1675 emendari
1286 1597 1369 1669 Sint
1384 1597 1494 1686 igitur
1505 1591 1610 1686 haec,
1631 1614 1672 1672 ut
1686 1600 1819 1672 dictum
1836 1617 1898 1685 est,
1921 1607 1989 1677 tria
2005 1623 2078 1681 sata
2092 1606 2184 1709 ἦγε-

146 1722 181 1778 et
209 1704 392 1781 renovari:
424 1699 668 1801 ἡγεμονικὸν,
701 1699 889 1798 θυμικὸν,
920 1702 986 1779 καὶ
1006 1705 1139 1778 ἐπιθυ·
1184 1695 1362 1793 paratv,
1389 1696 1577 1792 θυμικὸν»
1605 1714 1639 1772 ⁰¹
1663 1702 1953 1798 ἐπιθυμητικὸν,
1981 1733 2043 1781 ⁸0¹¹
2066 1737 2181 1797 mem,

146 1800 315 1902 μητικὸν.
1187 1803 1369 1881 voluntas,
1397 1815 1431 1870 et
1451 1819 1513 1871 cot·
1536 1802 1574 1872 in
1597 1799 1760 1892 homine,
1791 1808 1920 1899 quibus
1943 1810 2081 1881 misceri
2104 1816 2178 1883 fcr-

252 1921 306 1993 Ac
326 1936 367 1994 nt
389 1923 433 1992 de
456 1920 606 2010 singulis
630 1945 738 2012 panca
761 1922 895 2009 dicam,
919 1923 984 1995 etsi
1007 1922 1141 2014 glorio·
1187 1915 1365 2020 ΜΨ,
1391 1903 1429 1971 ld
1452 1915 1504 2021 §⁸¹
1526 1901 1782 1996 Evanssellfflsss
1807 1922 1961 2000 ⁰P⁰¹¹012
1985 1926 2027 1983 ul
2047 1913 2177 1985 melior

150 2050 228 2096 sum
244 2046 376 2094 nomeu
391 2037 442 2093 est
455 2045 611 2092 summae
627 2024 755 2113 partis,
782 2044 873 2118 qnae
887 2040 1036 2097 vocatur
1055 2020 1140 2123 ἥγε·
1187 2025 1311 2073 ¹¹¹¹c¹¹⁸
1324 2026 1363 2071 ¹¹¹
1381 2004 1486 2072 ¹¹⁰l¹¹⁸
1503 2003 1574 2079 5¹¹¹·
2129 2115 2132 2119 ⁴

150 2122 322 2221 μανικὸν,
337 2139 454 2195 tamen
470 2124 508 2192 in
526 2147 566 2193 ea
583 2124 735 2193 multum
751 2137 805 2194 est
818 2125 980 2215 caliginis
992 2124 1142 2197 etvitio·
1289 2115 1373 2207 Quo
1386 2133 1502 2190 autem
1519 2123 1626 2193 modo
1640 2123 1699 2195 fiat
1712 2118 1797 2195 haec
1812 2128 2007 2214 conversio,
2024 2153 2065 2200 ex
2079 2155 2181 2200 com-

149 2252 242 2310 tum,
269 2226 398 2296 retinet
412 2248 511 2294 mens
523 2224 631 2294 etiam
654 2223 693 2292 in
709 2219 775 2294 hac
789 2225 914 2297 vitiosa
931 2242 1056 2298 natura
1075 2251 1143 2296 no.
1189 2218 1289 2289 muni
1305 2219 1464 2291 doctrina
1480 2223 1524 2290 de
1539 2224 1756 2315 poenitentia
1773 2226 1897 2300 scitis.'
1913 2225 2004 2300 Cum
2020 2231 2183 2304 doctrina

87 2355 89 2359 ’
148 2328 270 2400 tisiam
295 2327 451 2418 aliquam
473 2325 579 2413 legis,
602 2339 644 2397 ut
659 2348 910 2412 numerorum,
933 2342 995 2397 aut
1012 2328 1143 2418 ligura-
1187 2320 1302 2410 arguit
1318 2334 1475 2413 peccata,
1500 2325 1606 2395 corda
1625 2343 1876 2419 expavescunt,
1897 2329 1947 2402 ita
1964 2333 2064 2403 velut
2077 2334 2181 2404 acido

150 2453 244 2502 rum.
296 2426 368 2498 Sed
397 2441 513 2496 umen
546 2426 624 2505 sine
654 2423 851 2516 Evangelio
885 2430 930 2498 de
963 2428 1037 2498 tilio
1065 2428 1143 2513 Dei,
1188 2435 1222 2495 et
1238 2422 1330 2491 salso
1348 2445 1473 2513 sapore
1491 2428 1679 2498 roduntur.
1800 2508 1804 2515 Ι

47 2603 50 2607 ,
151 2552 300 2619 magnae
330 2529 497 2598 tenebrat!
522 2538 605 2596 ⁸11¹ss
631 2524 670 2594 ln
697 2541 824 2599 menie·
882 2525 958 2599 Alli
985 2532 1144 2600 furenter
1288 2535 1428 2610 Deinde
1450 2563 1530 2610 cum
1552 2543 1686 2615 accedit
1709 2543 1924 2633 consolatio,
1953 2551 2073 2621 audita
2095 2577 2180 2644 pro·

151 2642 284 2719 negant
298 2651 372 2698 esse
382 2629 513 2713 Deum,
531 2628 662 2698 tollunt
679 2630 949 2719 providentiam,
968 2646 1003 2702 et
1016 2631 1144 2702 discri-
1188 2638 1369 2725 missione,
1386 2641 1627 2713 redditurvita
1640 2659 1675 2714 et
1690 2645 1839 2732 laeticia,
1853 2651 1952 2742 qnasi
1967 2676 2061 2722 novo
2075 2677 2179 2725 succo

78 2763 93 2824 α’
151 2755 234 2801 men
257 2743 352 2800 recte
374 2743 407 2799 et
422 2751 522 2799 secus
543 2729 736 2800 factorumz
762 2730 825 2799 alii
840 2730 879 2799 in
895 2734 1145 2824 perpetnadu·
1190 2741 1319 2812 inluso.
1358 2739 1480 2833 Neque
1496 2737 1581 2812 haec
1595 2746 1714 2816 subito
1732 2749 1973 2838 perficiuntur,
1999 2755 2058 2824 sed
2073 2756 2178 2845 longa

152 2831 325 2903 bitatione
341 2842 497 2903 manent.
533 2825 611 2898 Atii
628 2830 757 2900 ludunt
771 2831 944 2921 lingendis
959 2833 1062 2904 novis
1074 2856 1146 2903 nu·
1189 2857 1225 2912 et
1245 2842 1385 2912 assidua
1407 2843 1564 2913 subactio
1589 2859 1624 2916 et
1637 2838 1773 2919 'assatio
1796 2851 1870 2922 fiat:
1897 2867 1930 2921 et
1946 2858 2040 2947 quod
2059 2857 2177 2927 verbis

153 2933 313 3003 minibus
327 2931 492 3003 infinitis..
538 2927 663 3024 Neque
679 2924 717 2999 hi
734 2956 870 3003 errores
889 2946 1026 3006 tantum
1046 2954 1144 3023 gras-
1191 2941 1338 3017 Ebraeis
1350 2943 1387 3011 in
1397 2938 1528 3012 Genesi
1545 2944 1675 3019 diserte
1691 2948 1925 3041 significatum
1941 2970 2003 3041 est,
2019 2957 2176 3027 studiose

154 3035 323 3102 sabantur
346 3032 440 3102 inter
464 3025 651 3101 Ethnicos.
708 3031 779 3103 Sed
806 3032 968 3105 omnium
990 3049 1143 3106 aetatum
1190 3038 1357 3134 legenda,
1390 3044 1588 3135 audienda,
1619 3050 1822 3123 meditanda
1844 3068 1895 3125 est
1918 3057 2076 3128 doctrina
2097 3082 2179 3129 coe-

154 3146 261 3225 alque
282 3127 469 3199 h⁰¹¹¹¹¹¹¹¹¹¹¹
493 3133 570 3200 ⁸¹⁰³
595 3133 674 3203 ¹⁰⁰0
695 3128 882 3224 Evangelii
905 3135 1038 3207 ⁸lmlle⁸
1061 3148 1145 3205 mul
1189 3145 1304 3231 lestis,
1329 3158 1364 3215 et
1387 3144 1425 3213 in
1443 3146 1662 3238 quotidianis
1682 3152 1833 3224 miseriis
1850 3158 1894 3226 ad
1919 3157 2178 3230 invocationem

155 3231 354 3303 erroresde
368 3230 465 3312 Deo,
487 3231 579 3299 etde
597 3232 830 3305 invocatione.
888 3232 933 3307 Et
951 3237 1144 3309 multitudo
1191 3259 1323 3316 etvera
1337 3246 1498 3317 exercitia
1513 3251 1765 3334 transferenda.
1805 3250 1884 3325 Hoc
1899 3275 1951 3331 est
1965 3261 2082 3352 subigi
2095 3259 2180 3330 fari-

141 3357 294 3423 semper
307 3331 401 3400 lavet
416 3329 459 3399 iis
471 3328 721 3417 opinionibus,
744 3335 876 3425 quihus
888 3337 1062 3409 innutrita
1076 3351 1147 3422 est,
1191 3370 1295 3427 nam,
1324 3361 1359 3418 et
1380 3347 1489 3425 assari
1509 3349 1546 3418 in
1570 3350 1766 3436 cineribus,
1790 3353 1827 3421 id
1850 3370 1919 3439 est,
1947 3359 2044 3431 inter
2067 3363 2181 3431 varias

134 3449 196 3507 ·ut
211 3434 359 3505 dicitur:
384 3435 461 3504 πᾶν
481 3424 525 3502 τὸ
549 3427 766 3528 σύντροφον
786 3430 919 3532 γλυκὺ.
1094 3475 1096 3480 ·
1191 3469 1393 3516 aerumnas:
1420 3449 1552 3542 quihus
1565 3452 1848 3534 commonefacti,
1874 3477 2107 3547 agnoscamus
2125 3464 2182 3532 iu·

255 3551 329 3621 Nec
342 3573 424 3619 raro
438 3563 556 3640 peccat
571 3544 796 3647 ἡγεμονικὸν
810 3552 925 3643 specie
940 3551 1145 3645 sapientiae:
1191 3559 1280 3617 stam
1292 3560 1325 3616 ct
1341 3571 1504 3639 magnam
1519 3574 1592 3622 esse
1615 3551 1703 3622 iram
1719 3549 1785 3623 Dei
1801 3556 1967 3627 adversus
1984 3577 2125 3652 peccata
2143 3564 2181 3632 in

138 3667 197 3726 ut
215 3677 295 3723 curn
316 3651 452 3744 politici
476 3651 731 3741 gnbematores
748 3666 982 3745 attemperant
1002 3654 1147 3746 religio·
1192 3661 1267 3720 toto
1290 3671 1417 3740 genere
1439 3646 1616 3739 hnmano,
1641 3658 1677 3725 et
1690 3655 1788 3727 velut
1805 3656 1842 3726 in
1858 3654 2036 3731 cineribus
2048 3665 2178 3734 abiecti

82 3747 100 3779 ⁰
155 3779 219 3825 nes
236 3756 280 3824 ad
297 3753 463 3844 imperia,
489 3766 524 3823 et
540 3753 635 3843 pacis
649 3777 751 3824 causa
765 3755 885 3826 laxant
901 3757 1080 3845 dogmatos
1104 3770 1145 3828 ut
1192 3763 1226 3821 el
1247 3751 1444 3849 summissi,
1469 3753 1694 3845 deploremus
1716 3772 1835 3828 nostra
1857 3758 2000 3846 delicta,
2021 3774 2056 3830 et
2076 3776 2177 3853 peta-

143 3858 195 3926 ·in
212 3855 358 3950 Synodo
372 3852 561 3949 Syrmiana
575 3855 767 3927 tollebatur
779 3849 1145 3952 dpsooclotorexsym-
1191 3874 1270 3949 mus
1293 3876 1360 3922 nos
1382 3854 1514 3924 servari
1540 3870 1686 3948 propter
1711 3859 1952 3935 mediatorem.
2006 3858 2105 3933 Sicut
2135 3863 2175 3931 in

155 3959 263 4042 bolo,
293 3970 327 4027 et
347 3956 570 4026 inserebatur
587 3952 730 4048 ὅμοιον,
766 3971 808 4028 ut
829 3959 1030 4052 symbolum
1053 3959 1145 4030 uuis
1191 3952 1368 4023 cineribus
1382 3954 1543 4028 iacebant
1556 3958 1674 4028 exules
1691 3956 1854 4030 leremias
1869 3974 1903 4031 et
1917 3962 1999 4047 alii,
2022 3986 2101 4033 cnm
2117 3962 2179 4032 in-

154 4084 223 4153 qne
236 4059 348 4151 parti,
372 4059 469 4127 velut
483 4051 680 4128 cothurnus
694 4059 838 4152 utrique
857 4060 939 4151 pedi
954 4061 1146 4131 convenire
1192 4077 1293 4124 censa
1309 4056 1441 4146 patria,
1467 4071 1538 4128 tota
1554 4081 1640 4149 gens
1654 4060 1902 4134 miserabiliter
1914 4063 2159 4154 dissiparetur.

95 4214 97 4219 ,
154 4161 348 4230 videretur.
1290 4168 1389 4242 Haec
1419 4175 1617 4245 admonitio
1644 4177 1688 4246 de
1721 4177 1927 4263 assiduitate
1953 4181 2183 4264 subactionis,

255 4273 396 4344 Deinde
409 4272 448 4342 in
464 4273 620 4342 secundo
635 4285 669 4343 et
683 4272 788 4343 tertio
803 4275 915 4362 gradu
930 4275 1060 4347 virium
1077 4272 1144 4349 ho.
1190 4275 1359 4344 accendat
1382 4273 1421 4342 in
1444 4277 1548 4347 nobis
1567 4276 1789 4367 diligentiam
1809 4293 1847 4350 et
1867 4304 1989 4353 curam
2008 4282 2182 4369 discendi,

154 4375 264 4444 minis
287 4385 418 4467 quanta
447 4386 531 4445 suut
559 4372 724 4443 incendia
752 4397 939 4465 pravarum
970 4378 1144 4469 cupidita-
1190 4373 1340 4451 sciamus
1359 4399 1434 4445 non
1454 4379 1708 4449 subito'rerum
1730 4381 1965 4453 maximarum
1981 4383 2182 4454 doctrinam

153 4491 241 4560 tum,
266 4474 491 4556 ambitiones,
515 4473 780 4571 aemulationes,
805 4476 903 4560 odia,
928 4478 1144 4551 malevolen-
1190 4486 1301 4547 totam
1314 4477 1435 4568 arripi.
1476 4477 1701 4552 Necsurnant
1716 4480 1786 4551 sibi
1806 4496 2013 4573 potestatem
2031 4486 2180 4575 dogma-

153 4578 223 4647 tiae
231 4628 243 4662 ,
270 4577 413 4662 livores,
440 4575 817 4664 cupiditasvindictae,
842 4577 984 4648 dolores
1000 4576 1144 4672 propter
1189 4589 1245 4647 tae
1258 4578 1435 4648 condendi
1451 4579 1491 4648 in
1506 4578 1661 4650 Ecclesia
1677 4577 1757 4678 Dei,
1782 4576 1945 4653 homines
1961 4583 2091 4674 ociosi,
2116 4587 2181 4680 qui

152 4681 348 4771 repulsam,
371 4677 539 4759 avaritia,
565 4677 760 4771 libidines?
809 4677 882 4751 Nec
904 4693 955 4751 est
971 4681 1049 4752 ulla
1071 4696 1141 4754 tam
1189 4692 1371 4773 utcunque
1386 4679 1502 4750 obiter
1524 4680 1755 4770 degustarunt
1779 4685 1991 4756 doctrinam.

139 4783 332 4859 ,moderata
349 4793 495 4867 natura,
520 4803 611 4875 quae
626 4803 700 4850 non
717 4781 847 4853 sentiat
866 4783 1004 4877 aliquas
1018 4807 1142 4861 eman-
1286 4790 1336 4866 Et
1349 4795 1518 4888 quoniam
1536 4796 1653 4887 imago
1665 4822 1795 4889 panum
1812 4801 1999 4891 praecipue
2013 4801 2059 4869 ad
2074 4795 2180 4872 scho-

141 4894 203 4963 le·
220 4882 439 4973 cupiditates.
1187 4895 1329 4967 lasticos
1345 4897 1513 4989 pertinet,
1538 4900 1710 4971 vocabula
1731 4900 1836 4971 etiam
1852 4901 2181 4992 interpretabimur,

138 5058 154 5067 ..
252 4994 344 5069 Cum
358 5013 474 5070 autem
488 4998 650 5070 doctriua
667 4991 854 5090 Evangelii
870 4998 965 5069 velut
986 4997 1140 5073 fermeu-
1187 4997 1273 5091 quid
1288 4997 1466 5069 vocaverit
1485 5000 1676 5095 antiquitas
1697 5024 1805 5092 panes
1819 5001 1868 5084 in·
1883 5002 2062 5073 cineribus
2083 5026 2180 5075 assa·

136 5098 378 5185 ‚tumviribus
391 5100 523 5171 nostris
538 5101 725 5187 miscetur,
748 5101 820 5173 iana
837 5100 1056 5194 quasillatns
1071 5125 1138 5171 no·
1185 5110 1251 5169 tos.
1286 5098 1483 5183 ,Differunt
1502 5125 1611 5192 panes
1631 5102 1796 5184 materia,
1823 5103 1995 5175 differunt
2019 5119 2054 5176 et
2068 5108 2178 5176 modo

138 5203 304 5283 ui-liunt.
355 5198 461 5271 Mens
479 5200 608 5292 incipit
626 5216 718 5272 recte
739 5224 925 5292 agnoscere
940 5198 1075 5288 Deum,
1101 5215 1137 5274 et
1184 5198 1383 5270 assationis:
1410 5226 1450 5271 ac
1468 5203 1575 5273 nimis
1595 5204 1742 5291 longum
1761 5218 1849 5276 esset
1864 5205 1988 5274 omnia
2000 5205 2178 5302 persequi.

137 5307 268 5391 ,statuit
291 5326 428 5374 summa
451 5301 647 5372 reverentia
674 5303 888 5403 audiendam
918 5324 992 5374 esse
1011 5327 1134 5375 vocem
1183 5299 1340 5373 Tantum
1354 5296 1422 5373 boc
1437 5305 1580 5375 addam:
1608 5301 1682 5375 Atii
1698 5328 1806 5397 panes
1819 5301 2047 5400 κλιβανίται,
2063 5308 2101 5378 id
2116 5322 2180 5393 est,

140 5404 226 5493 Dei,
253 5410 297 5479 ad
322 5401 415 5477 hanc
439 5426 601 5481 normam
623 5403 755 5476 iudicia
770 5403 921 5491 omnia,
953 5418 988 5476 et
1011 5428 1134 5475 omues
1179 5403 1332 5475 furnarii
1354 5404 1440 5475 dicti
1467 5421 1572 5494 sunt,
1603 5421 1726 5478 nostro
1748 5431 1847 5479 more
1869 5409 1909 5478 in
1931 5408 2049 5480 furnis
2069 5409 2180 5482 assati
