4732 6030
193 219 312 322 ἰιι
756 233 918 316 oacn
956 232 1034 311 na
1071 229 1407 325 auauuaro
1441 231 1739 328 carnoten.
2192 250 2270 326 434

241 445 301 507 ra,
334 431 376 491 ut
401 430 484 489 cum'
510 416 560 487 ait
587 408 768 485 Christus:
809 407 884 499 Qui
914 413 1092 481 coufessus
1121 409 1231 482 fuerit
1281 406 1534 501 Evangelium‚
1573 423 1605 479 ει
1636 408 1769 481 abolita
1798 423 1850 480 est
1879 407 2144 508 εἰδωλεμανία.
2225 421 2274 497 Et

242 547 301 592 me
316 544 432 592 eoram
448 516 670 601 bominibus,
695 513 889 585 confitebor
904 536 985 582 eum
1002 536 1120 582 coram
1132 525 1230 605 patre
1281 514 1412 582 nostris
1436 510 1602 583 Ecclesiis
1632 535 1705 580 non
1736 513 1864 583 desunt
1891 516 2093 589 testimonia
2117 519 2283 613 Spiritus

245 622 395 695 coelesti.
455 616 619 688 Breviter
640 614 795 686 indicavi
820 615 914 684 bona
931 637 1037 705 opera
1055 613 1232 683 emendati
1282 616 1411 699 sancti;
1444 614 1605 683 videmus
1632 614 1745 700 enim,
1780 631 1913 706 quanta
1945 622 2143 692 constantia
2170 628 2275 699 multi

223 722 405 794 statronis.
455 718 561 789 Nunc
580 741 729 812 quaeso,
757 731 798 788 ut
818 717 1019 786 universam
1039 712 1231 785 Ecclesiam
1279 715 1335 807 pii
1350 715 1521 806 supplicia
1534 715 1722 805 perferant.
1770 715 2005 789 Meminimus
2018 717 2185 796 honestas
2201 755 2278 798 ma·

245 826 320 894 eius
342 820 511 912 temporis
534 819 775 890 consideretis:
811 815 926 887 Filius
955 817 1020 888 Dei
1044 820 1173 908 pendet
1193 817 1232 883 in
1284 830 1403 886 tronas
1419 818 1566 886 luctatas
1581 841 1660 885 cum
1680 817 1877 887 terroribus
1897 823 2040 907 mortis,
2072 827 2180 915 egisse
2196 829 2276 901 Deo

245 947 365 1007 cruce,
398 946 473 991 non
494 922 566 990 iam
587 922 775 991 ostendens
787 920 980 1010 potentiam
1002 940 1102 989 suam
1120 916 1236 986 admi-
1284 918 1430 1006 gratias,
1471 920 1565 1009 quod
1602 919 1812 1005 agnoverint
1844 916 1979 992 Christi
2012 926 2199 1016 beneficia,
2242 949 2279 1003 et

244 1025 366 1096 randis
379 1024 479 1092 lactis
503 1035 680 1106 mantea,
706 1043 815 1114 quare
835 1021 1015 1091 deridetur
1029 1044 1069 1089 ac
1084 1019 1235 1110 despici·
1286 1042 1410 1106 magna
1433 1018 1689 1109 tranquillitate
1712 1020 1842 1105 animi,
1872 1024 1960 1093 dum
1979 1026 2130 1099 recitant
2153 1031 2279 1102 laudes

248 1140 307 1198 tur
341 1126 386 1195 ab
417 1124 545 1215 impiis.
614 1120 779 1216 Apostoli
804 1144 866 1192 seu
891 1121 1132 1205 dubitatione,
1174 1142 1236 1188 seu
1286 1142 1326 1188 ac
1349 1116 1501 1213 hymnos
1525 1119 1621 1202 Deo,
1636 1119 1812 1210 ,spiritum
1835 1118 2034 1206 exbalasse,
2057 1142 2098 1198 ut
2114 1132 2199 1200 satis
2215 1159 2279 1225 ap-

248 1240 345 1296 metu
375 1225 503 1316 dilapsi
535 1222 644 1294 erant.
702 1221 840 1295 Multos
869 1223 1047 1293 auditores
1069 1221 1178 1290 movit
1202 1233 1237 1289 et
1286 1235 1425 1312 pareret
1441 1219 1546 1288 ineis
1568 1220 1752 1289 coelestem
1778 1222 1954 1293 laeticiam
1969 1223 2174 1301 inchoatam
2191 1257 2278 1319 esse,

248 1329 339 1399 illud
356 1328 452 1419 quod
473 1325 619 1396 dicitur:
652 1319 779 1394 Exitus
795 1337 871 1393 acts
888 1324 1033 1413 probat,
1063 1322 1126 1416 qui
1141 1322 1236 1410 cogi·
1288 1335 1476 1415 autequam
1499 1346 1519 1389 e
1541 1343 1688 1410 corpore
1708 1323 1940 1395 discederent.
1992 1324 2106 1402 Addit
2128 1333 2226 1405 Deus
2243 1350 2278 1406 et

236 1432 373 1502 ‘tabant
401 1423 496 1496 hunc
518 1430 748 1518 'nequaquam
774 1421 943 1493 Messium
970 1446 1060 1508 csse,
1092 1447 1172 1492 eum
1198 1423 1236 1491 in
1288 1423 1357 1492 alia
1380 1421 1598 1502 testimonia,
1629 1424 1726 1514 quod
1751 1424 1967 1497 mirabiliter
1983 1446 2099 1502 servat
2122 1428 2185 1503 has
2208 1435 2278 1507 Ec-

250 1545 347 1602 tanta
372 1529 572 1598 calamitate
594 1526 813 1596 videretura
837 1523 913 1595 Deo
936 1525 1093 1594 desertus
1119 1536 1152 1594 et
1173 1525 1237 1593 ab·
1288 1524 1423 1593 clesias:
1456 1536 1689 1614 aspernantur
1711 1547 1830 1594 veram
1850 1527 2047 1599 doctrinam
2073 1527 2191 1605 hostes
2211 1561 2278 1606 no-

251 1632 360 1701 iectus
375 1651 461 1699 esse.
510 1625 594 1699 Sola
611 1625 747 1720 reliqua
763 1639 815 1696 est
829 1624 946 1695 Maria
961 1639 1089 1709 mater,
1115 1624 1152 1692 in
1169 1647 1237 1716 qua
1288 1624 1372 1707 stri,
1397 1637 1429 1692 et
1445 1625 1563 1692 deesse
1580 1624 1781 1694 testimonia
1797 1628 2050 1699 miraculorum
2075 1656 2136 1704 seu
2153 1639 2277 1725 prodi-

251 1733 345 1804 lucet
359 1730 460 1798 fides:
486 1725 584 1797 Haec
598 1739 753 1819 expectat
762 1725 868 1795 aliam
881 1721 1141 1817 catastrophen:
1165 1724 1238 1793 Nec
1290 1725 1426 1815 giorum
1451 1725 1649 1809 clamitant,
1677 1750 1758 1795 cum
1782 1726 1848 1816 ipsi
1873 1752 1937 1798 nec
1957 1745 2050 1800 recte
2071 1734 2180 1819 facta,
2210 1761 2276 1807 nec

202 1898 206 1903 .
253 1833 348 1902 enim
371 1828 556 1922 spectatrix
579 1851 651 1897 esse
673 1840 809 1918 poterat
832 1821 940 1897 huius
961 1825 1145 1916 supplicii,
1169 1825 1239 1894 nisi
1290 1826 1450 1893 miranda
1472 1820 1636 1895 habeant.
1696 1825 1744 1898 Ut
1756 1821 1920 1900 Christus
1943 1852 2037 1901 nunc
2053 1836 2210 1923 pendens
2236 1839 2277 1904 in

253 1934 323 2002 lide
340 1931 478 2001 animus
498 1941 631 1999 erectus
651 1928 786 2001 fuisset.
834 1925 906 1998 Sed
930 1927 1013 2020 quia
1028 1923 1191 2018 Apostoli
1205 1939 1241 1996 et
1291 1948 1409 2010 cruce,
1442 1949 1517 1994 non
1544 1928 1751 1998 ostendebat
1779 1930 1972 2019 potentiam
1999 1955 2109 2007 suam.
2172 1934 2277 2005 Nihil

255 2033 380 2106 caeteri
397 2026 559 2101 homines
575 2042 709 2111 tacent,
735 2029 891 2098 iamtota
906 2052 1025 2097 rerum
1042 2028 1240 2097 natura-in·
1291 2025 1449 2097 inusitati
1473 2028 1755 2118 conspiciebatur
1778 2029 1817 2097 in
1840 2031 1996 2118 latrone,
2021 2050 2159 2124 praeter
2177 2037 2277 2106 illam

254 2135 341 2226 cipit
364 2132 585 2216 concionari,
617 2144 651 2201 et
667 2129 869 2202 testimonio
891 2153 955 2200 suo
971 2129 1085 2199 filium
1099 2125 1167 2198 Dei
1181 2153 1241 2199 or·
1291 2128 1473 2219 pietatem,
1495 2153 1601 2220 quam
1621 2130 1781 2200 ridebant
1805 2128 1923 2202 ἄθεοι.
1976 2132 2029 2205 lta
2047 2133 2279 2207 nuncEccle-

254 2249 358 2320 nare,
383 2234 477 2303 etin
500 2247 596 2304 tanta
610 2227 786 2301 Ecclesiae
811 2230 1066 2320 trepidatione,
1091 2253 1136 2297 ne
1153 2230 1242 2298 desit
1292 2229 1342 2298 sia
1362 2229 1503 2298 infirma
1524 2243 1590 2300 est:
1623 2245 1657 2302 et
1683 2245 1800 2300 tamen
1822 2233 1912 2303 mira
1928 2248 2093 2321 reserat,
2118 2238 2179 2306 illa
2204 2239 2278 2331 ipsa

255 2337 504 2419 concionator,
536 2333 663 2403 excitat
694 2328 791 2401 Deus
824 2332 997 2401 latronem
1027 2332 1071 2398 de
1095 2331 1241 2399 sublimi
1291 2330 1439 2399 latronis
1462 2331 1673 2401 emendatio.
1729 2330 1831 2402 Talia
1861 2333 2030 2406 miracula
2055 2361 2129 2406 non
2152 2341 2279 2409 desunt

255 2437 523 2506 concionantem
534 2433 600 2502 toti
615 2432 694 2501 orbi
709 2445 893 2502 terrarum.
945 2428 1014 2500 Hic
1031 2431 1122 2500 latro
1137 2444 1239 2501 testa·
1292 2425 1349 2498 his
1371 2433 1601 2521 temporibus.
1660 2431 1730 2504 Sed
1753 2433 1783 2502 si
1804 2433 1929 2507 volunt
1949 2438 2073 2507 audire
2086 2438 2279 2508 adversarii

257 2549 315 2607 tur
341 2531 439 2605 huuc
459 2531 576 2604 lesum
599 2555 672 2602 esse
701 2533 914 2624 promissum
934 2533 1178 2612 liberatorem,
1209 2544 1243 2601 et
1291 2554 1354 2602 sua
1382 2533 1563 2623 prodigia,
1601 2557 1712 2624 pauca
1742 2539 2036 2613 commemorabo.
2101 2536 2161 2609 An
2196 2564 2278 2610 eum

257 2650 416 2709 autorem
439 2657 553 2705 novae
574 2648 608 2704 et
624 2646 813 2724 perpetuae
834 2632 936 2701 vitae.
987 2630 1242 2703 Desinantiam
1293 2647 1429 2703 coetum
1456 2646 1617 2724 putemus
1639 2631 1832 2705 Ecclesiam
1863 2660 1953 2721 esse,
1994 2640 2055 2730 qui
2088 2640 2280 2730 flagitiosas

257 2738 463 2822 Pontifices,
486 2732 671 2826 Episcopi,
698 2728 868 2803 Monachi
884 2733 1045 2822 gloriari,
1068 2757 1148 2803 suos
1163 2758 1244 2803 coe·
1292 2735 1460 2803 libidines
1488 2748 1583 2806 tanta
1605 2736 1796 2825 pertinacia
1820 2737 1993 2822 defendit,
2027 2753 2067 2809 ut
2092 2742 2280 2812 interficiat

258 2854 333 2925 tus,
368 2861 456 2931 quos
480 2851 608 2907 vocant
629 2833 843 2917 Ecclesiam,
878 2859 994 2904 errare
1024 2859 1098 2903 non
1130 2859 1243 2925 posse,
1294 2859 1371 2920 eos,
1402 2836 1464 2926 qui
1491 2832 1812 2921 sunthortatorcs,
1843 2850 1882 2907 ut
1903 2839 2098 2908 anteferant
2130 2837 2279 2912 honesta

259 2965 338 3010 cum
359 2941 503 3009 videant
526 2951 655 3009 tantam
679 2932 932 3026 Apostolorum
963 2937 1244 3025 trepidationem.
1294 2937 1482 3025 coniugia?
1522 2935 1567 3006 ln
1593 2961 1663 3030 qua
1687 2963 1845 3030 unquam
1865 2939 2027 3008 barbarie
2048 2941 2207 3010 auditum
2227 2958 2279 3015 est

259 3040 331 3110 Sed
353 3041 521 3130 quoniam
543 3034 690 3108 historia
719 3036 843 3106 mortis
864 3032 996 3107 Christi
1016 3034 1112 3106 haud
1138 3039 1245 3107 dubie
1294 3037 1443 3107 interfici
1465 3033 1627 3108 homines
1650 3053 1794 3132 propter
1815 3036 2042 3130 reprehensas
2065 3064 2169 3131 vagas
2193 3044 2279 3113 libi-

247 3139 434 3228 significat
454 3139 639 3229 praecipue
661 3139 874 3208 calamitates
885 3135 1063 3207 Ecclesiae
1077 3140 1245 3229 postremi
1294 3140 1415 3227 diues,
1442 3151 1586 3229 propter
1601 3140 1741 3210 laudem
1758 3142 1940 3230 coniugii?
1989 3140 2154 3233 Prodigia
2171 3168 2278 3236 quae-

261 3239 445 3330 temporis,
466 3239 643 3308 latronum
656 3239 870 3308 concertatio
882 3242 1053 3329 quaedam
1067 3253 1119 3309 est
1132 3241 1245 3328 imago
1294 3252 1441 3309 runtur:
1482 3233 1568 3309 haec
1603 3241 1804 3331 prodigiosa
1847 3242 2034 3334 turpitudo
2069 3259 2120 3315 est
2148 3260 2279 3317 certum

262 3339 493 3411 certaminum
511 3333 619 3408 huius
634 3339 812 3428 temporis.
868 3334 1123 3408 Couviciantur
1139 3334 1246 3409 Chri·
1295 3339 1555 3426 testimonium,
1589 3355 1700 3414 totum
1720 3342 1823 3410 illum
1841 3355 1979 3412 coetum
2000 3346 2280 3416 contaminatum

260 3456 315 3513 sto
330 3440 537 3524 Pontifices,
562 3436 753 3522 Canoniei,
777 3432 968 3522 Monachi‚
994 3452 1028 3507 et
1048 3434 1176 3510 horum
1192 3462 1248 3509 sa·
1295 3436 1560 3536 εἶδωλομανίᾳ,
1597 3440 1779 3534 periuriis,
1815 3442 2049 3529 libidinibus,
2081 3448 2281 3537 parricidiis

260 3544 390 3614 tellites
410 3541 573 3636 tyranni,
599 3540 661 3632 qui
685 3540 748 3611 etsi
764 3539 890 3628 exiguo
909 3552 1064 3629 tempore
1079 3542 1248 3610 fruuntur
1295 3537 1488 3627 Ecclesiae,
1514 3543 1637 3630 agitari
1655 3568 1675 3613 a
1692 3540 1855 3639 Diabolo.
1906 3541 2047 3614 Possem
2069 3546 2137 3615 alia
2155 3547 2282 3618 Ponti-

261 3644 333 3715 suis
348 3642 608 3734 voluptatibus,
634 3655 750 3737 tamen
773 3665 811 3711 re
831 3641 905 3730 ipsa
919 3644 1076 3729 pendent
1091 3643 1130 3709 in
1145 3664 1247 3713 cruce
1295 3642 1398 3711 ficum
1416 3644 1576 3733 prodigia
1599 3646 1709 3713 multa
1726 3645 1890 3724 recitare,
1915 3667 2005 3736 quae
2027 3668 2123 3713 nunc
2135 3648 2281 3719 omitto:

261 3746 363 3837 impii
380 3746 546 3830 latronis,
571 3741 672 3812 brevi
686 3763 817 3834 poenas
832 3741 1001 3811 scelerum
1019 3743 1146 3811 daturi.
1187 3741 1248 3811 ln·
1296 3767 1335 3810 ac
1358 3744 1464 3818 redeo
1485 3747 1529 3812 ad
1552 3745 1654 3814 illum
1680 3743 1891 3836 Apostolum
1916 3746 1960 3814 de
1973 3744 2117 3814 sublimi
2137 3750 2283 3818 concio-

260 3860 354 3918 terea
378 3871 459 3916 cum
479 3860 561 3916 ante
582 3845 690 3913 finem
714 3842 844 3913 mundi
863 3865 1034 3913 renovare
1051 3844 1248 3915 doctrinam
1296 3857 1449 3912 nantem.
1468 3859 1503 3914 et
1537 3847 1782 3915 defendentem
1810 3845 1959 3934 gloriam
1990 3840 2133 3921 Christi.
2196 3847 2282 3919 Non

262 3962 296 4020 et
317 3948 572 4019 confessionem
596 3945 693 4021 Deus
713 3946 837 4030 vellet,
869 3945 1053 4030 excitavit,
1087 3945 1201 4029 doctis
1215 3959 1248 4016 et
1296 3958 1433 4036 poterat
1451 3946 1642 4015 semivivus
1664 3957 1705 4016 ac
1726 3946 1852 4036 ligatus
1865 3947 2027 4038 pietatem
2047 3970 2146 4016 suam
2161 3949 2282 4020 deela-

235 4049 398 4122 ‘timidis
418 4048 650 4130 cessantibus,
682 4042 881 4116 Germanos
904 4048 1053 4128 milites,
1086 4043 1248 4117 homines
1296 4069 1375 4115 rare
1390 4046 1461 4115 iam
1475 4047 1555 4115 aliis
1568 4047 1711 4128 officiis,
1737 4041 2136 4136 gubemareEcclesias,
2162 4063 2198 4119 et
2212 4050 2284 4121 late

264 4153 340 4220 sine
357 4144 533 4242 hypocrisi
547 4146 739 4233 sapientiae
752 4158 812 4215 aut
825 4145 993 4214 iustitiae.
1040 4145 1122 4217 Non
1136 4161 1249 4238 potest
1297 4170 1457 4239 spargere
1472 4149 1685 4218 doctrinam:
1719 4144 1788 4218 hoc
1806 4171 1918 4217 unum
1940 4160 2092 4237 poterat,
2118 4151 2284 4238 castigare

264 4251 360 4327 enim
382 4245 599 4317 dissimulari
620 4260 680 4316 aut
703 4246 823 4335 negari
845 4244 975 4313 multos
996 4247 1163 4317 articulos
1184 4251 1249 4318 do-
1297 4249 1581 4319 conviciatorem.
1644 4245 1810 4334 Itanos,
1845 4272 1925 4320 cum
1947 4244 2104 4319 habenas
2128 4248 2282 4342 Reipub.

143 4409 144 4413 ,
264 4350 398 4420 ctrinae
420 4346 639 4435 evangelicae
660 4347 707 4414 ita
722 4358 926 4436 repurgatos
940 4368 1012 4414 esse
1026 4369 1089 4435 per
1103 4344 1186 4433 hos,
1209 4364 1250 4421 ut
1298 4362 1437 4419 teneant
1454 4347 1664 4429 adversarii,
1691 4373 1769 4418 cum
1786 4349 1891 4420 toties
1901 4351 2029 4420 frustra
2044 4352 2283 4440 rogaverimus

263 4452 347 4523 satis
362 4459 527 4540 appareat
541 4444 715 4515 divinitus
739 4440 831 4514 hanc
846 4444 960 4515 lucem
978 4443 1154 4518 Ecclesiae
1168 4452 1249 4519 red·
1297 4448 1429 4541 Reges,
1461 4463 1502 4521 ut
1524 4453 1568 4520 de
1585 4449 1773 4519 concordia
1788 4450 2002 4536 deliberent,
2026 4475 2106 4521 cum
2120 4476 2283 4524 revocare

263 4554 375 4624 ditam
398 4571 480 4619 esse.
539 4545 636 4618 Idem
669 4546 776 4636 igitur
801 4547 841 4614 in
862 4544 1022 4617 doctrina
1047 4563 1248 4621 nostrarum
1296 4575 1357 4630 eos
1379 4553 1424 4621 ab
1448 4574 1567 4621 errore
1588 4573 1662 4620 non
1685 4551 1878 4640 possimus,
1907 4548 2135 4622 hunctamen
2149 4554 2283 4626 cultum

262 4651 502 4725 Ecclesiamm
533 4650 703 4735 traditur,
743 4650 786 4718 de
821 4647 1110 4720 reconciliatione
1141 4665 1174 4722 et
1204 4653 1249 4722 de
1295 4649 1372 4721 Deo
1390 4664 1626 4744 praestemus,
1652 4651 1773 4742 lingua
1788 4667 1822 4724 et
1835 4654 1929 4748 stylo
1943 4654 2159 4724 celebremus
2175 4650 2285 4725 Chri-

262 4758 349 4842 lide,
377 4755 472 4849 quod
495 4752 547 4823 ibi
569 4752 678 4823 sentit
701 4751 803 4824 latro.
851 4746 925 4821 Nee
946 4751 1056 4842 pudet
1070 4774 1136 4821 nos
1152 4747 1249 4823 huuc
1296 4765 1408 4834 stum,
1453 4752 1645 4822 refutemus
1682 4754 1921 4838 adversarios,
1969 4768 2125 4825 taxemus
2157 4754 2285 4847 impias

213 4918 216 4923 ,
262 4858 384 4928 audire
394 4853 623 4946 Apostolum,
646 4854 746 4923 cuius
759 4850 967 4922 sententiam
983 4865 1017 4922 et
1027 4852 1131 4922 fidem
1141 4848 1249 4925 Chri·
1296 4877 1418 4924 eorum
1441 4854 1551 4940 leges,
1582 4877 1621 4925 ae
1641 4849 1866 4949 hypocrisin,
1891 4871 1932 4927 ut
1956 4855 2006 4945 pii
2028 4856 2200 4926 admoniti
2226 4882 2286 4927 ca·

262 4973 336 5030 stus
350 4958 534 5051 perspicuo
550 4955 752 5028 testimonio
766 4953 949 5045 approbat.
987 4952 1131 5025 Utinam
1140 4951 1249 5026 Chri·
1295 4967 1417 5039 veant,
1449 4976 1495 5024 nc
1516 4978 1639 5026 eorum
1660 4958 1824 5027 societate
1845 4957 2063 5047 polluantur.
2114 4955 2188 5027 Tot
2212 4959 2285 5027 iam

262 5074 355 5131 stum
372 5059 476 5129 etiam
493 5058 609 5129 simile
623 5058 693 5128 lide
707 5058 922 5127 invocemus.
972 5048 1051 5125 Etsi
1072 5049 1165 5125 nihil
1179 5059 1248 5127 du-
1295 5079 1407 5126 annos
1428 5057 1549 5127 omnia
1563 5060 1743 5128 moderata
1765 5058 1912 5127 consilia
1928 5058 2119 5146 repudiant
2132 5056 2285 5130 Pontifi-

260 5164 337 5235 bito
358 5159 489 5231 multos
512 5181 605 5240 esse,
629 5159 669 5227 in
690 5158 818 5252 quibus
832 5154 958 5225 similis
977 5153 1059 5225 fidei
1073 5155 1247 5228 scintillae
1293 5180 1366 5241 ces,
1400 5171 1537 5228 tantum
1561 5161 1606 5229 de
1628 5160 1731 5228 caede
1755 5159 1927 5246 cogitant,
1955 5159 2092 5230 faciunt
2121 5160 2229 5252 impia
2252 5175 2287 5233 et

258 5267 396 5339 ardent.
446 5259 530 5333 Non
548 5260 643 5331 enim
665 5259 902 5332 dubitandum
924 5269 993 5342 est,
1023 5257 1063 5327 in
1080 5283 1121 5329 eo
1145 5272 1246 5330 coetu
1292 5259 1457 5350 sacrilega
1476 5261 1628 5330 foedera.
1669 5256 1785 5347 Quam
1797 5261 1840 5329 ad
1856 5258 1957 5328 rem?
1981 5261 2025 5330 ad
2041 5263 2286 5333 defensionem

258 5392 331 5444 esse
344 5365 504 5439 membra
519 5384 622 5434 verae
630 5355 824 5448 Ecclesiae,
848 5360 888 5431 in
902 5383 973 5455 quo
987 5371 1079 5431 recte
1091 5359 1246 5433 traditur
1292 5361 1496 5433 manifestae
1509 5346 1772 5450 idolomaniae,
1804 5360 2066 5452 periuriorum,
2090 5364 2284 5456 flagitiosa-
