4732 6030
157 308 205 384 91
673 349 678 359 f
736 289 899 369 nncn
931 288 1007 365 nn
1040 289 1379 370 rnrnneuco
1404 269 1607 370 ennon.
1716 404 1720 409 .
2136 297 2187 371 os

260 477 332 553 Sed
346 489 386 548 ut
400 471 573 560 intelligat
585 467 715 539 rectius
730 464 816 537 haec
829 467 953 551 turba,
976 479 1146 560 quantam
1196 481 1353 552 raretur,
1389 465 1514 551 multi,
1547 479 1589 555 ut
1615 465 1655 536 fit
1683 465 1724 534 in
1753 487 1885 556 regno,
1919 464 2123 542 inviderent
2153 471 2188 542 ei

160 582 306 678 gratiam
321 577 484 648 manibus
498 569 606 643 huius
619 569 798 662 Principis
812 570 955 652 debeat,
978 568 1147 659 attingam
1196 571 1328 656 ocium,
1345 565 1451 639 multi
1462 568 1672 659 instigarent
1683 569 1728 637 ad
1742 569 1917 638 movenda
1931 593 2038 643 arma.
2071 568 2188 644 Crede
2221 597 2232 607 “

160 688 276 760 obiter
303 680 471 773 quasdam
498 674 575 744 eius
597 674 739 752 laudes,
771 686 804 742 et
830 685 1000 764 tanquam
1023 670 1147 760 procul
1196 667 1305 756 mihi,
1331 695 1406 741 non
1419 670 1608 740 mediocris
1623 670 1685 739 illa
1701 683 1775 740 tum
1791 671 1979 760 prudentia
1995 687 2085 759 erat,
2110 687 2188 745 tum

161 786 355 860 ostendam.
406 775 455 849 Et
477 777 637 871 quamvis
661 798 736 845 non
758 797 860 844 sumo
881 766 971 841 mihi
996 785 1148 856 tantum,
1197 773 1380 858 fortitudo,
1405 771 1564 842 animum
1577 786 1682 866 atque
1694 772 1912 841 iracundiam
1928 773 2079 860 vincere,
2105 799 2190 867 par-

159 904 200 962 ur
227 884 389 957 oratione
417 903 495 949 mea
522 878 633 948 levari
655 900 854 949 moerorem
880 874 1024 944 illorum
1046 896 1148 965 posse
1198 900 1275 946 cere
1297 875 1422 966 populi
1444 873 1557 960 vitae,
1584 888 1618 944 et
1632 873 1812 966 pecuniis,
1835 875 1994 960 ratione,
2020 876 2191 947 consilio·

159 1010 314 1084 sperem‚
348 984 411 1078 qui
437 983 591 1050 iacturae
621 977 903 1068 magnitudinem
932 976 1149 1065 intelligunt,
1196 1001 1265 1071 que
1281 977 1353 1046 vim
1369 972 1533 1046 hostilem
1548 974 1733 1048 discutere.
1784 974 1957 1046 Periclem
1972 977 2193 1050 leruntani-

42 1162 45 1167 ,
160 1115 267 1188 quam
290 1084 358 1157 hoc
379 1107 462 1153 casu
483 1080 643 1172 Respub.
666 1081 767 1164 lecit,
796 1093 915 1149 tamen
937 1101 1040 1168 spero
1062 1080 1149 1155 fore,
1199 1104 1291 1149 mam
1308 1079 1485 1170 iampene
1500 1091 1678 1167 agentem,
1703 1101 1783 1147 cum
1800 1079 2067 1149 circumstantes
2082 1080 2191 1152 amici

158 1210 200 1267 ut
221 1193 283 1262 illa
306 1189 382 1279 ipsa
403 1183 573 1254 memoria
597 1183 789 1261 virtutum,
815 1181 912 1248 illius
927 1179 1038 1247 leniat
1052 1201 1149 1247 acer·
1200 1181 1445 1272 praedicarent
1471 1180 1547 1249 eius
1574 1174 1744 1270 trophaea
1775 1193 1810 1250 et
1841 1180 2022 1265 victorias,
2060 1181 2191 1254 dixisse

160 1297 309 1366 bitatem
331 1291 464 1358 lnctus‘
509 1283 600 1355 Cum
622 1285 765 1353 divinae
783 1282 905 1352 literae
927 1283 1077 1350 doceant
1092 1281 1150 1350 di·
1200 1284 1299 1352 illam
1320 1282 1462 1351 laudem
1487 1305 1560 1349 non
1583 1294 1654 1350 tam
1677 1303 1775 1350 snam
1792 1305 1885 1363 esse,
1911 1306 2016 1375 quarn
2032 1282 2190 1355 militum
2227 1299 2232 1309 '

159 1394 294 1467 vinitus
308 1387 449 1483 praefici
457 1385 685 1475 Magistratus
693 1383 901 1476 Rebuspub.
911 1396 951 1452 et
964 1382 1035 1451 fato
1043 1380 1151 1451 Prin·
1200 1398 1262 1456 aut
1276 1385 1456 1454 fortunae:
1481 1380 1573 1454 hanc
1590 1405 1665 1452 esse
1680 1383 1821 1474 proprie
1834 1406 1944 1468 suam,
1972 1387 2068 1477 quod
2085 1410 2192 1457 nemo

161 1499 256 1590 cipes
276 1492 375 1576 dari,
399 1489 594 1583 plurimum
617 1485 774 1578 profecto
790 1484 927 1575 superis
944 1477 1030 1553 haec
1047 1485 1151 1553 debet
1201 1485 1286 1556 civis
1307 1509 1370 1555 sua
1393 1507 1495 1554 causa
1517 1508 1674 1577 unquam
1697 1486 1836 1575 nigram
1855 1499 1985 1556 vestem
2008 1487 2193 1574 induisset,

158 1599 279 1682 natio,
302 1605 489 1685 postquam
511 1589 591 1658 talis
613 1586 761 1676 contigit
775 1586 966 1677 Princeps,
990 1586 1150 1677 quicum
1201 1588 1343 1658 volebat
1364 1586 1461 1656 enim
1482 1588 1629 1671 docere,
1655 1587 1812 1678 privatae
1836 1587 2018 1677 dignitatis
2040 1593 2193 1661 tuendae

162 1713 251 1773 esset
271 1696 429 1787 primum·
449 1705 575 1760 natura
597 1692 708 1772 factus
731 1689 777 1757 ad
801 1711 923 1758 omnes
940 1699 1031 1755 artes
1046 1686 1151 1774 pacis,
1202 1712 1304 1760 causa
1335 1689 1514 1759 neminem
1543 1712 1701 1781 unquam
1730 1689 1842 1759 civem
1864 1690 2087 1761 interfectum
2111 1716 2131 1761 a
2154 1715 2192 1762 se

162 1817 198 1875 et
219 1803 264 1871 ad
288 1792 544 1865 humanitatem
569 1807 602 1863 et
624 1790 953 1871 mansuetudinem,
979 1783 1072 1855 nihil
1086 1810 1152 1854 an·
1202 1815 1286 1860 esse.
1349 1785 1398 1860 At
1419 1785 1478 1859 hic
1498 1806 1618 1861 noster
1641 1814 1714 1859 non
1737 1793 1843 1860 modo
1866 1793 2020 1881 privatas
2042 1792 2193 1864 iniurias

162 1902 314 1997 tiquius,
338 1909 400 1966 aut
421 1896 520 1987 prius
543 1892 666 1986 populi
688 1893 801 1961 salute
816 1886 953 1962 habuit.
1005 1887 1173 1957 Praedi-v
1202 1915 1385 1984 nunquam
1410 1915 1490 1959 cum
1513 1891 1669 1982 periculo
1692 1893 1787 1961 ultus
1802 1906 1872 1975 est,
1898 1895 1958 1965 sed
1975 1895 2068 1963 bella
2085 1897 2192 1965 etiam

91 2018 95 2025 '
160 2017 241 2076 cent
272 1999 335 2070 alii
363 1997 538 2067 maiorum
567 1994 738 2084 imagines
760 2006 794 2062 et
817 2006 934 2060 vetera
959 2002 1152 2072 stemmata,
1201 2007 1238 2062 et
1258 1993 1331 2060 vim
1354 1991 1533 2083 publicam
1555 1993 1710 2078 ratione,
1746 1994 1822 2062 sine
1844 1996 1975 2063 civium
1999 1997 2105 2066 caede
2125 2021 2193 2088 op-

161 2131 230 2201 qua
254 2102 359 2172 laude
383 2119 587 2191 quanquam
612 2096 795 2165 abundent
815 2090 990 2163 Saxoniae
1011 2089 1153 2159 Princi-
1202 2095 1338 2186 pressit.
1390 2091 1522 2166 Verius
1544 2089 1602 2163 hic
1624 2096 1668 2163 de
1689 2118 1725 2162 se
1747 2095 1949 2185 praedicare
1971 2099 2096 2187 possit:
2124 2095 2193 2171 Ce-

161 2230 243 2301 pes,
267 2217 385 2272 tamen
405 2210 504 2269 erant
522 2197 590 2265 alia
609 2196 648 2265 in
663 2191 845 2265 Fridcrico
861 2194 1012 2277 maiora,
1039 2192 1151 2260 scien·
1202 2198 1289 2264 dant
1305 2218 1401 2264 arma
1417 2208 1528 2284 togae,
1552 2218 1656 2288 quam
1671 2195 1809 2278 Cicero,
1832 2198 1895 2290 qui
1911 2210 2047 2269 motum
2061 2201 2100 2270 in
2113 2197 2193 2272 Re-

161 2311 212 2380 tia
234 2301 381 2396 gerendi
401 2299 559 2391 imperii,
585 2310 619 2367 ct
640 2297 751 2365 animi
774 2295 981 2384 magnitudo
1003 2317 1151 2362 summa.
1202 2299 1287 2389 pub.
1310 2296 1450 2365 civilem
1474 2297 1581 2365 armis
1603 2298 1784 2368 crudelius
1807 2299 1912 2369 etiam
1935 2324 2041 2393 quam
2057 2325 2113 2371 res
2127 2327 2193 2393 po·

162 2407 316 2481 Fallitur
338 2416 473 2486 autem,
507 2400 619 2492 siquis
640 2410 743 2489 putat
766 2397 875 2466 armis
897 2407 1036 2465 tantum
1060 2407 1096 2463 et
1117 2393 1150 2461 vi
1202 2401 1337 2481 scebat,
1371 2398 1576 2468 vindicavit.
1629 2395 1743 2469 Porro
1770 2404 2068 2493 quemadmodum
2095 2405 2193 2496 peri-

160 2508 273 2582 teneri
288 2503 446 2594 Respub.
464 2502 542 2592 plus
559 2502 602 2569 ad
619 2522 694 2568 eam
710 2522 783 2568 rem
801 2497 973 2565 momenti
989 2497 1153 2565 adferunt
1203 2500 1333 2569 colosis
1347 2499 1612 2590 tempestatibus
1626 2499 1703 2568 sine
1717 2524 1854 2571 summa
1868 2505 2069 2594 vigilantia,
2095 2504 2193 2575 sum·

161 2613 256 2706 pacis
280 2621 389 2690 artes,
421 2603 578 2685 iusticia,
610 2600 807 2668 moderatio
832 2597 960 2680 animi,
986 2610 1153 2665 constan·
1204 2626 1332 2694 moque
1355 2602 1476 2671 lahore
1490 2624 1616 2670 navem
1631 2625 1770 2673 servare
1784 2604 2001 2677 incolumem
2014 2610 2192 2700 guberna-

96 2778 98 2783 ,
161 2716 230 2798 tia,
251 2709 350 2797 tangi
371 2728 454 2775 cura
480 2703 643 2794 publicae
664 2701 810 2783 salutis,
837 2697 1020 2788 diligentia
1040 2699 1077 2764 in
1097 2696 1153 2766 di·
1203 2718 1260 2772 tor
1287 2714 1522 2792 non-potest,
1557 2703 1605 2773 ita
1635 2718 1706 2772 tam
1738 2706 1829 2775 duro
1854 2721 2011 2801 tempore
2034 2724 2192 2803 pacatam

163 2815 274 2886 cendo
297 2811 394 2888 iure,
420 2807 460 2874 in
482 2802 693 2873 dirimendis
715 2801 847 2870 civium
864 2799 1154 2883 dissensionibus,
1203 2819 1322 2875 tenere
1344 2805 1565 2895 provinciam
1581 2818 1633 2875 tot
1649 2830 1780 2889 annos,
1806 2833 1879 2879 non
1897 2825 1948 2881 est
1965 2813 2120 2902 vulgaris
2135 2811 2192 2881 in·

163 2912 353 2989 tolerantia
386 2910 425 2976 in
455 2903 693 2997 perpetiendis
722 2904 822 2992 vulgi
845 2902 989 2985 erratis,
1022 2901 1153 2970 severi·
1203 2905 1297 2995 genii
1319 2929 1420 2996 opus.
1470 2901 1569 2975 Etsi
1591 2906 1760 2979 victoriae
1782 2913 1951 3002 sanguine
1973 2930 2094 3005 partae
2117 2928 2194 2984 tro·

160 3035 214 3091 tas
228 3017 270 3083 in
285 3007 516 3082 cohercendis
532 3004 725 3097 improbis,
750 3004 938 3096 clementia
955 3003 992 3070 in
1010 3025 1153 3071 servan·
1205 3002 1326 3097 phaeis
1344 3029 1384 3075 ac
1406 3004 1604 3100 triumphis
1618 3025 1810 3094 ornantur,
1839 3039 1943 3108 quam
1966 3029 2062 3104 grata
2086 3016 2194 3085 nobis

121 3162 124 3167 Δ
163 3120 219 3191 dis
240 3112 297 3183 his
315 3112 378 3204 qui
395 3110 524 3197 corrigi
538 3121 698 3200 possunt.
749 3101 807 3176 Ad
821 3107 948 3195 vulgus
964 3104 1002 3172 in
1022 3105 1154 3173 maiore
1204 3131 1276 3177 esse
1297 3109 1401 3178 debet
1422 3102 1559 3178 harum·
1575 3111 1803 3181 victoriarum
1827 3118 2017 3204 memoria,
2049 3119 2113 3187 ubi
2134 3141 2193 3188 so-

164 3213 400 3293 admiratione
428 3224 530 3293 sunt,
564 3209 764 3301 clariusque
785 3214 982 3277 cernuntur
1006 3206 1155 3275 bellicae
1203 3208 1458 3299 liusPrincipis
1472 3209 1620 3279 consilio
1636 3211 1889 3306 diligentiaque
1904 3219 1996 3287 bella
2011 3220 2195 3310 profligata

165 3317 335 3400 virtutes,
361 3328 396 3384 et
417 3310 531 3404 pluris
548 3309 587 3377 lit
604 3310 705 3377 miles
723 3309 852 3400 aliquis
865 3303 1029 3376 athletico
1043 3308 1154 3405 robo—
1203 3324 1296 3383 sunt.
1349 3310 1455 3399 Quod
1478 3310 1508 3377 si
1524 3310 1737 3399 intelligeret
1753 3315 1901 3404 vulgus,
1926 3337 2096 3409 quantam
2114 3344 2195 3411 per.

162 3449 220 3503 re,
254 3439 361 3517 quam
383 3415 585 3484 moderatus
608 3423 642 3479 et
664 3409 823 3499 placidus
844 3409 941 3483 civis.
1000 3406 1156 3498 Togatae
1204 3413 1333 3482 niciem
1356 3435 1396 3480 ac
1419 3412 1617 3482 vastitatem
1637 3412 1901 3485 foelicissimum
1926 3419 2032 3488 etiam
2059 3423 2196 3491 bellum

163 3527 311 3594 virtutes
327 3531 363 3587 et
376 3517 553 3595 urbanae,
582 3510 725 3583 utaliae
742 3488 1065 3594 reuomentem,
1090 3534 1156 3579 nec
1205 3515 1355 3598 adierat,
1383 3525 1417 3582 ct
1439 3512 1574 3582 videret
1593 3514 1740 3604 propius
1762 3518 1858 3607 pacis
1876 3522 2081 3606 commoda,
2108 3545 2197 3613 pro-

164 3624 248 3698 satis
273 3632 378 3690 notae
398 3629 481 3686 s'unt
499 3613 683 3705 imperitis.
739 3612 860 3706 ltaque
876 3612 1002 3681 leviter
1017 3613 1155 3682 laudari
1204 3616 1294 3685 fecto
1319 3620 1487 3686 statueret
1506 3612 1601 3682 nibil
1626 3641 1645 3684 a
1670 3615 1745 3686 Deo
1768 3619 1916 3705 melius,
1943 3616 2036 3690 nihil
2058 3623 2198 3708 utilius,

120 3715 122 3718 ⁵
157 3751 222 3798 ‘eos
242 3736 388 3816 putant,
415 3719 546 3811 quibus
563 3716 658 3807 pacis
675 3715 791 3784 studia
810 3728 971 3807 artesque
989 3714 1155 3783 tribuun-
1204 3715 1297 3785 nihil
1319 3716 1477 3785 divinius
1499 3711 1555 3785 his
1570 3717 1777 3809 regionibus
1795 3723 1871 3791 dari
1888 3725 2060 3814 potuisse,
2086 3750 2197 3818 quarn

164 3846 233 3902 tur.
293 3819 371 3913 Ego
400 3844 485 3889 vero
515 3818 563 3888 ita
589 3818 702 3888 sentio
724 3818 829 3905 longe
854 3829 1047 3906 praestare,
1081 3815 1156 3899 sive
1205 3816 1519 3908 talemPrincipem
1535 3831 1604 3887 tam
1622 3820 1850 3912 pertinaciter
1862 3825 2070 3916 fugitantem
2087 3829 2196 3899 bella.
2234 3839 2238 3846 '

151 3931 244 4026 ¹quis
274 3925 464 3997 utilitatem
495 3932 644 4010 spectet,
685 3918 759 3987 sive
792 3913 949 3987 hominis
980 3931 1157 4002 naturam,
1206 3919 1318 3989 Porro
1348 3942 1423 3988 non
1456 3931 1645 4016 caruerunt
1674 3917 1812 4001 honore
1843 3921 1909 3997 hae
1936 3926 2083 3998 virtutes
2109 3929 2197 4009 eius,

164 4027 331 4104 castrensi
363 4025 447 4096 usui
476 4022 571 4112 pacis
593 4021 726 4104 studia,
764 4045 828 4090 nee
849 4022 964 4112 patiar
985 4020 1156 4112 praeponi
1206 4023 1291 4092 dum
1322 4023 1418 4090 enim
1448 4021 1573 4092 vident
1600 4025 1754 4115 publicis
1785 4031 1979 4100 commodis
2007 4045 2102 4100 tanta
2127 4031 2197 4101 lide

163 4132 326 4219 Augusto
348 4122 511 4212 Principi
533 4121 663 4211 quietis
688 4121 828 4212 ociique
851 4123 1003 4204 amanti,
1041 4118 1157 4191 Anto·
1206 4147 1287 4192 eum
1305 4124 1436 4193 servire
1451 4125 1651 4214 populares,
1677 4140 1844 4221 tanquam
1861 4146 1994 4221 patrem
2010 4134 2083 4201 lere
2098 4156 2199 4202 ama-

169 4234 271 4302 nium
297 4225 552 4317 lmperatorem
582 4242 748 4308 magnum
774 4221 876 4289 illum
897 4222 1062 4313 quidem,
1096 4224 1156 4290 sed
1206 4238 1309 4304 runt,
1335 4225 1435 4294 nulla
1459 4225 1677 4299 crudelitatis
1699 4243 1758 4298 aut
1775 4232 1929 4303 iniuriae
1945 4235 2096 4326 suspirio
2112 4230 2198 4305 hae-

167 4329 408 4428 perniciosum
430 4323 586 4412 Reipub.
638 4319 709 4389 Nec
734 4319 881 4390 Graecis
903 4323 984 4413 plus
1007 4323 1157 4391 contulit
1207 4327 1314 4396 sitin
1336 4327 1446 4397 ullius
1463 4324 1593 4397 animo.
1645 4326 1803 4425 Eratque
1820 4334 1855 4402 id
1875 4352 2081 4408 consecutus
2099 4342 2197 4432 quod

165 4430 391 4511 Alcibiades,
425 4447 532 4517 qnam
558 4421 687 4493 Solon:
724 4421 887 4510 Quorum
911 4425 1000 4493 alter
1024 4425 1157 4493 bellum
1207 4429 1329 4501 scribit
1358 4423 1578 4520 Xenophon:
1621 4428 1707 4502 Esse
1748 4436 1997 4508 difficillimum
2026 4452 2060 4510 et
2091 4444 2198 4535 plane

62 4599 64 4602 ,
165 4563 206 4609 ex
229 4533 324 4606 bello
349 4549 469 4600 serens
486 4523 613 4595 evertit
629 4523 796 4613 patriam,
822 4527 911 4597 alter
927 4525 1062 4614 legibus
1077 4527 1158 4609 latis
1207 4531 1388 4611 divinum,
1420 4543 1459 4599 ut
1483 4531 1685 4604 volentibus
1711 4538 1910 4628 imperaret.
1965 4540 2087 4636 Neque
2112 4569 2197 4615 vero

167 4654 202 4711 et
222 4637 362 4707 civitate
387 4633 465 4702 iure
488 4624 679 4698 constituta
702 4649 777 4695 non
802 4628 909 4696 semel
932 4642 1069 4697 tantum
1085 4651 1158 4698 ser·
1208 4629 1365 4720 Principi
1392 4631 1586 4726 quidquam
1604 4637 1808 4730 contingere
1825 4653 1939 4729 potest
1957 4637 2198 4718 honorificen-

167 4739 277 4810 vavit.
329 4733 500 4806 Fluxerat
523 4730 643 4821 itaque
665 4725 763 4798 Deus
786 4729 829 4797 ad
852 4723 915 4796 has
939 4731 1102 4799 utiliores
1126 4744 1159 4800 ct
1208 4733 1295 4815 tius,
1322 4756 1425 4825 quam
1448 4745 1487 4801 ut
1512 4737 1719 4823 prudentiae
1741 4755 1774 4810 et
1796 4741 1950 4815 iustitiae
1976 4746 2114 4818 laudem
2141 4750 2198 4820 illi

165 4842 330 4913 meliores
363 4837 512 4906 virtutes
535 4829 770 4901 Fridericum.
825 4827 1052 4922 Quapropter
1084 4832 1159 4922 pri·
1208 4835 1302 4903 ultro
1321 4836 1514 4903 concedant
1535 4839 1688 4920 subditi,
1715 4855 1755 4912 ut
1768 4843 1916 4915 salutem
1933 4870 2030 4917 suam
2048 4865 2125 4921 tuto
2140 4850 2200 4922 illi

166 4967 265 5013 mum
290 4936 507 5026 turbulentis
533 4932 747 5004 Germaniae
767 4934 1004 5023 temporibus,
1039 4948 1157 5002 tamen
1208 4935 1428 5004 commissam
1453 4951 1588 5026 putent.
1640 4939 1700 5012 Sic
1721 4942 1973 5041 illeaequitate
1994 4951 2201 5043 diligentia-

168 5066 306 5134 semper
337 5040 446 5118 cavit,
481 5059 526 5104 ne
561 5060 631 5127 quo
665 5033 760 5103 bello
793 5055 874 5102 suae
905 5048 1025 5123 gentes
1055 5060 1159 5104 vexa·
1209 5062 1276 5130 que
1302 5039 1398 5107 domi
1422 5039 1579 5133 forisque
1602 5038 1780 5135 Rempuh.
1803 5064 1960 5139 pacatam
1983 5077 2096 5123 annos
2117 5057 2199 5150 plus

169 5160 304 5219 rentur,
1208 5139 1352 5229 triginta
1373 5142 1505 5224 tenuit,
1536 5144 1691 5233 legibus,
1723 5150 1903 5238 moribus,
1929 5157 2114 5238 aedificiis,
2141 5160 2200 5230 di-

267 5244 387 5334 Quam
409 5232 500 5306 mihi
525 5237 705 5307 victoriam
731 5238 838 5306 audet
860 5237 988 5329 aliquis
1012 5232 1159 5307 adhaec
1208 5241 1341 5311 tionem
1363 5243 1522 5336 undique
1545 5247 1739 5334 exornavit,
1790 5253 1831 5321 Id
1854 5256 1963 5344 magis
1987 5261 2126 5349 putavit
2142 5287 2201 5334 re.

165 5350 344 5430 conferre,
371 5365 450 5412 cum
469 5352 541 5409 tam
554 5338 646 5406 varii
660 5354 777 5409 motus
793 5339 897 5410 annis
912 5339 983 5406 iam
998 5339 1080 5431 plus
1093 5340 1160 5410 tri·
1208 5343 1304 5431 gium
1336 5367 1428 5425 esse,
1476 5346 1651 5429 excolere,
1700 5376 1898 5448 ornateque
1926 5359 2022 5430 bono
2050 5366 2200 5455 publico
2256 5359 2257 5363 ¹

167 5455 264 5544 ginta
278 5452 318 5520 in
334 5458 408 5518 tota
425 5440 618 5511 Germania
631 5441 787 5527 luerint,
814 5466 894 5512 cum
908 5441 1012 5513 toties
1026 5440 1081 5511 vis
1095 5442 1159 5537 pass
1209 5445 1448 5537 provinciam,
1488 5466 1595 5539 quam
1625 5453 1778 5526 maiores
1806 5458 2054 5552 tradidissent,
2090 5494 2201 5564 quam
