4732 6030
169 274 245 349 ιιι
675 258 834 333 unca.
872 257 942 332 na
976 251 1178 332 utero:
1202 205 1206 215 ’
1227 259 1411 335 rurus
1440 258 1595 339 asro
1621 280 1705 334 rac.
2134 263 2217 340 ets

170 449 375 546 gisbotibus
389 446 427 514 i'n
445 436 646 533 provinciae
664 433 760 504 misit
776 434 862 503 tales
878 431 1080 506 sententias.
1117 426 1168 502 Et
1216 431 1286 505 Dei
1318 427 1544 525 prophanare
1574 443 1610 501 et
1639 432 1820 522 polluere,
1858 445 1894 504 et
1915 430 2019 527 quasi
2040 432 2222 528 expellere

172 555 332 648 Agrippa
346 541 498 634 Augusti
517 539 651 610 amicus
670 535 761 606 dixit
775 535 973 626 plurimum
995 534 1063 604 sibi
1082 554 1167 624 pro·
1217 533 1333 606 Deum
1350 557 1392 604 ex
1408 529 1476 605 hoe
1491 558 1556 605 suo
1571 534 1779 619 domicilio,
1804 554 1973 626 magnum
1989 536 2104 608 scelus
2119 553 2187 614 est.

172 659 281 731 fuisse
297 649 553 736 hancnocem,
588 642 632 710 ad
659 640 817 708 studium
843 638 997 707 tuendae
1020 658 1167 706 concor·
1319 634 1458 709 Deinde
1473 636 1761 708 virtutesordine
1776 650 1935 707 recenset
1947 636 2099 720 Paulus,
2127 666 2222 736 qnae

174 762 253 833 diae
270 777 348 825 cum
358 746 535 838 Augusto:
559 740 759 814 Concordia
777 764 905 831 parvae
920 761 976 809 res
995 751 1169 822 crescunt,
1218 739 1295 809 vult
1309 739 1350 808 iu
1366 739 1566 831 pastoribus
1583 739 1700 809 lucere
1716 753 1750 810 et
1767 739 1936 830 conspici.
1977 734 2137 814 Orditur
2152 769 2221 816 au·

175 856 353 933 discordia
371 851 542 919 maximae
560 844 779 915 dilabuntur.
1219 856 1289 912 tem
1322 865 1341 909 a
1373 866 1457 910 cura
1483 842 1636 911 tuendae
1657 840 1821 932 puritatis
1847 843 1887 912 in
1911 844 2091 914 doctrina:
2133 848 2220 941 quia

277 954 327 1028 Et
344 952 478 1023 Paulus
495 950 534 1017 in
548 942 617 1016 boc
632 945 732 1016 brevi
749 945 856 1013 dicto.
870 966 945 1011 non
959 943 1074 1011 solum
1096 942 1169 1009 vir·
1219 966 1300 1014 cum
1323 941 1362 1010 in
1384 944 1553 1012 omnibus
1579 936 1786 1012 hominibus
1806 944 1958 1034 primam
1983 959 2124 1038 oportet
2141 973 2222 1021 esse

176 1070 269 1139 tutes
284 1079 408 1130 omnes
423 1051 635 1122 necessarias
654 1047 921 1138 complectitur,
946 1047 1005 1114 sed
1029 1044 1170 1134 sapien-
1219 1045 1401 1116 doctrinae
1418 1068 1559 1132 curam,
1586 1059 1662 1114 tum
1679 1067 1763 1113 vero
1777 1045 1931 1116 maxime
1946 1062 2117 1138 pastores,
2150 1053 2219 1144 qui

178 1165 312 1240 tissime
336 1159 440 1229 etiam
466 1153 655 1242 significat,
686 1173 774 1241 quae
797 1149 868 1216 sint
892 1148 1081 1239 praecipua
1105 1169 1171 1235 gu-
1221 1147 1400 1240 praecipui
1429 1160 1512 1217 suut
1542 1147 1703 1216 custodes
1731 1147 1934 1234 doctrinae,
1981 1164 2065 1222 ante
2094 1155 2217 1224 omnia

178 1263 361 1340 bernatori
378 1257 552 1352 pericula,
579 1267 613 1322 et
631 1253 761 1345 quibus
782 1248 975 1319 virtutibus
995 1261 1169 1343 armatum
1220 1251 1405 1342 proprium
1423 1271 1555 1318 munus
1570 1237 1839 1336 et'intelligant,
1873 1263 1909 1320 et
1926 1252 2080 1324 fideliter
2100 1253 2218 1324 admi-

182 1388 256 1442 esse
275 1368 314 1434 in
338 1364 381 1432 iis
401 1357 569 1453 periculis
589 1364 758 1447 oporteat.
811 1349 950 1438 Quaeso
976 1349 1085 1440 igitur
1108 1372 1171 1418 vos
1221 1353 1383 1422 nistrent.
1436 1350 1541 1435 Sitis,
1569 1349 1704 1442 inquit,
1731 1352 1892 1443 exemplo
1907 1353 2075 1426 fidelibus
2088 1356 2130 1424 in
2145 1380 2220 1427 ser·

184 1491 327 1553 omnes,
352 1478 393 1535 ut
408 1458 501 1530 hanc
517 1456 620 1528 Pauli
637 1453 846 1524 senteutiam
862 1452 1003 1521 infixam
1019 1450 1172 1544 pectori·
1222 1477 1346 1535 mone,
1370 1452 1405 1522 id
1424 1465 1493 1537 est,
1518 1454 1557 1520 in
1573 1467 1648 1522 toto
1666 1474 1794 1541 genere
1809 1455 2011 1542 doctrinae,
2038 1457 2077 1525 in
2097 1480 2218 1531 rerum

180 1577 248 1647 bus
288 1589 425 1657 semper
457 1561 639 1631 vobiscum
676 1554 947 1637 circumferatis,
987 1567 1020 1623 et
1051 1556 1172 1648 crebra
1223 1555 1502 1638 diiudicatione,
1534 1567 1569 1625 et
1592 1554 1776 1622 informis
1801 1552 1983 1647 loquendi.
2050 1557 2219 1634 Profecto

185 1678 260 1747 eius
285 1666 530 1741 recordatione
557 1684 618 1730 vos
644 1661 687 1728 ad
712 1653 839 1726 harum
863 1657 1036 1724 virtutum
1067 1655 1172 1724 intel·
1224 1682 1280 1727 res
1296 1679 1441 1745 magnas
1463 1669 1497 1724 et
1519 1657 1647 1726 multas
1668 1649 1727 1724 hic
1748 1655 1924 1747 significat
1940 1656 2083 1731 Paulus.
2137 1662 2221 1733 Pri·

184 1781 315 1848 lectum
333 1785 368 1839 et
389 1789 545 1838 amorem
569 1759 778 1831 exrtscitetis.
837 1754 885 1826 Et
909 1769 946 1825 ut
969 1757 1174 1844 navigantes
1223 1783 1321 1827 mum
1344 1772 1437 1828 recte
1462 1758 1662 1847 intelligant
1685 1770 1842 1847 pastores
1861 1758 1928 1849 ipsi
1949 1784 2124 1832 summam
2148 1768 2220 1835 do-

185 1900 287 1965 saepe
305 1884 447 1965 portum
465 1869 669 1947 intuentur,
695 1862 739 1929 ad
760 1881 865 1952 qrtem
888 1859 1098 1948 applicanda
1125 1870 1175 1926 est
1224 1861 1358 1930 ctrinae
1387 1860 1560 1929 coelestis:
1604 1859 1735 1929 deinde
1763 1859 1814 1927 sic
1835 1861 2072 1935 adsuefaciant
2093 1889 2217 1958 popu-

186 1979 304 2050 navis:
330 1975 380 2043 ita
398 1994 464 2039 nos
476 1990 579 2057 saepe
596 1965 682 2035 tales
698 1960 889 2031 sententias
903 1975 1019 2030 mente
1036 1960 1176 2031 iutuea·
1225 1964 1318 2046 lum,
1345 1974 1384 2030 ut
1401 1975 1514 2031 totum
1530 1984 1657 2052 corpus
1673 1962 1856 2031 doctrinae
1870 1965 2054 2055 complecti
2066 1968 2221 2054 discant,

187 2105 287 2165 mur,
311 2076 407 2144 iuxta
427 2093 514 2164 quas
531 2069 601 2136 vita
619 2067 772 2155 regenda
790 2074 852 2134 est.
1226 2077 1266 2132 ut
1290 2064 1407 2132 videat
1425 2087 1515 2157 quae
1541 2063 1613 2133 sint
1631 2062 1819 2157 praecipua
1834 2067 2015 2152 membra,
2039 2069 2220 2141 discernat

290 2176 452 2247 Primum
470 2183 586 2240 autem
603 2169 701 2236 iubet
715 2189 780 2233 nos
804 2163 962 2253 exemplo
986 2163 1065 2231 aliis
1092 2185 1176 2231 esse.
1226 2165 1456 2234 necessariae
1479 2189 1552 2233 non
1576 2165 1798 2250 necessariis,
1833 2189 1909 2235 non
1930 2168 2076 2241 misceat
2098 2173 2221 2264 poliri.

188 2285 348 2353 Virtutes
364 2289 504 2345 nostrae
519 2273 562 2340 ad
576 2265 643 2339 bos
661 2269 748 2335 fines
765 2266 951 2357 praecipue
969 2267 1179 2347 referantur,
1228 2292 1302 2336 cam
1328 2265 1538 2357 sapientiam
1561 2262 1776 2354 Evangelio,
1815 2280 1934 2340 teneat
1962 2270 2135 2344 formulas
2164 2276 2220 2345 lo-

189 2401 230 2459 ut
248 2383 325 2454 Deo
358 2388 553 2471 praestetur
582 2369 783 2439 Obediesslit
813 2366 949 2449 debita,
991 2379 1024 2434 el
1050 2379 1090 2436 ut
1116 2365 1178 2434 alii
1228 2370 1359 2461 quendi
1376 2369 1554 2459 proprias,
1587 2370 1675 2437 vitet
1691 2368 1854 2458 ambigue
1870 2385 1903 2440 et
1918 2373 2028 2443 nimis
2043 2378 2219 2465 generali-

188 2485 320 2558 nostris
336 2477 504 2568 exemplis
520 2474 717 2541 invitentur
733 2472 775 2538 ad
791 2468 1041 2536 celebrandum
1052 2465 1179 2551 Deum,
1227 2484 1282 2541 ter
1312 2471 1425 2550 dicta,
1465 2493 1600 2537 summa
1624 2470 1807 2559 vigilantia
1832 2472 2008 2546 discernat
2031 2478 2217 2547 coelestem

187 2604 228 2662 ut
241 2580 409 2657 filiusDei
422 2577 557 2670 inquit:
577 2572 711 2643 Luceat
725 2574 785 2641 lux
801 2583 915 2639 vestra
928 2593 1046 2637 coram
1061 2564 1178 2638 homi·
1228 2573 1426 2642 doctrinam
1451 2566 1741 2661 aPhilosophia,
1779 2574 1823 2641 ah
1850 2569 2013 2646 humanis
2032 2579 2218 2670 opinioni-

190 2692 316 2771 nibus,
341 2697 383 2754 ut
397 2678 612 2772 glorificetur
632 2688 729 2764 pater
745 2686 860 2741 vester
875 2671 1045 2740 coelestis.
1089 2670 1178 2741 Nota
1228 2674 1313 2757 bus,
1355 2672 1650 2762 asuperstitiosis
1671 2673 1821 2754 ritibus,
1855 2676 2029 2769 intelligat
2055 2705 2147 2773 quae
2173 2682 2218 2754 sit

190 2806 274 2864 sunt
289 2786 392 2859 vobis
408 2796 526 2853 vetera
542 2778 647 2856 dicta,
664 2776 813 2844 scilicet:
832 2771 875 2841 ln
890 2774 1018 2862 vulgus
1032 2787 1179 2843 manant
1228 2799 1308 2844 vera
1322 2773 1514 2843 invocatio.

192 2891 349 2983 exempla
369 2897 573 2976 regentum,
607 2892 657 2948 et:
685 2876 786 2946 Talis
802 2888 854 2944 est
869 2876 1042 2966 populus,
1065 2875 1179 2967 qualis
1329 2875 1410 2944 Non
1428 2889 1519 2944 serat
1535 2886 1656 2963 pastor
1670 2878 1883 2961 ambitione,
1909 2893 1969 2950 aut
1987 2882 2104 2953 studio
2125 2906 2215 2952 oon-

191 2995 366 3068 sacerdos.
403 2988 570 3058 usitatum
603 2995 654 3050 est
684 2981 797 3061 enim,
846 2975 979 3047 imitari
1007 2978 1178 3068 populum
1230 2977 1419 3060 tentionis,
1444 2999 1554 3046 novas
1575 2976 1780 3067 opiniones,
1806 2985 2004 3071 paradoxa,
2035 2978 2216 3078 hyperbo-

192 3119 307 3167 mores
322 3093 618 3182 gubernatorum,
646 3097 680 3152 et
698 3081 837 3151 facilior
858 3093 910 3150 est
930 3078 1081 3148 imitatio
1103 3103 1180 3147 ma·
1231 3082 1298 3166 las,
1319 3080 1482 3168 ambigue
1499 3078 1604 3157 dicta,
1630 3082 1726 3148 unde
1742 3095 1777 3151 et
1792 3084 1974 3154 doctrinae
1989 3087 2215 3160 confusiones

191 3203 311 3270 lorum
330 3191 581 3278 exemplorum.
634 3184 716 3253 ldeo
733 3180 903 3274 praecipit
918 3178 1051 3251 Paulus
1066 3181 1181 3265 initio,
1231 3198 1265 3253 et
1288 3182 1432 3252 exitiosa
1453 3179 1599 3250 dissidia
1623 3181 1802 3252 oriuntur:
1838 3187 1996 3280 denique
2026 3202 2100 3260 tota
2128 3193 2215 3263 ratio

195 3314 234 3372 ut
256 3294 350 3367 hauc
372 3292 484 3382 ipsam
506 3288 553 3355 ob
581 3307 720 3353 causam
742 3282 985 3370 diligentiores
1010 3284 1120 3351 simus
1141 3283 1180 3350 in
1230 3285 1383 3353 docendi
1407 3282 1454 3351 sit
1473 3305 1576 3360 vera,
1608 3283 1766 3373 propria,
1792 3288 2000 3373 perspicua,
2026 3306 2137 3377 casta,
2161 3295 2217 3363 fu.

194 3397 358 3492 regendis
370 3389 502 3463 nostris
515 3385 695 3468 moribus,
716 3406 761 3451 ne
776 3385 962 3450 videamur
980 3384 1046 3471 ipsi
1064 3385 1181 3453 laxare
1230 3386 1346 3474 gitaus
1369 3384 1608 3454 cavillationes
1633 3398 1666 3453 ct
1687 3383 1831 3451 nimiam
1854 3386 2117 3477 subtilitatem,
2160 3418 2218 3463 ac·

68 3534 71 3541 ·
192 3491 553 3586 irenosdiscipliuae,
581 3488 770 3581 quodcum
791 3483 847 3566 fit,
873 3483 935 3550 alii
952 3480 1080 3553 deiude
1101 3486 1181 3577 plus
1230 3489 1449 3556 commodata
1467 3487 1511 3556 ad
1528 3484 1689 3556 alendam
1703 3498 1737 3554 et
1752 3485 2031 3559 confirmandam
2048 3494 2155 3563 fidem
2181 3497 2219 3566 in

192 3607 261 3677 sibi
284 3597 447 3673 licentiae
470 3604 613 3687 propter
644 3585 803 3678 exempla
824 3582 1100 3674 gubernaturum
1121 3609 1180 3656 su·
1229 3590 1352 3674 bonis,
1376 3599 1413 3658 ‘et
1435 3590 1480 3657 ad
1501 3584 1721 3658 retinendam
1735 3588 1959 3659 concordiam
1986 3593 2026 3660 in
2050 3597 2218 3667 universa

193 3718 308 3779 munt.
360 3698 457 3770 Haec
480 3692 644 3770 scandala
670 3689 826 3757 cavenda
848 3698 948 3768 sunt,
983 3688 1181 3781 dequibus
1229 3691 1472 3761 multitudine.
1504 3688 1601 3759 Haec
1615 3703 1655 3758 ut
1669 3689 1774 3774 fiant,
1798 3713 1935 3759 necesse
1952 3695 2056 3762 estin
2073 3711 2217 3784 pastore

193 3812 410 3883 dictumest:
439 3799 516 3871 Vae
533 3793 686 3874 homiui,
702 3817 721 3860 a
739 3815 810 3883 quo
827 3789 1032 3858 scandalum
1051 3791 1178 3861 oritur.
1229 3794 1384 3884 primum
1399 3805 1551 3860 mentem
1570 3792 1700 3860 bonam
1717 3814 1805 3860 esse:
1833 3793 1961 3863 deinde
1980 3817 2096 3864 rerum
2117 3797 2213 3886 ipsa-

293 3900 514 3978 Nominatim
536 3920 620 3966 vero
641 3891 818 3986 praecepit
833 3887 985 3976 Paulus,
1009 3903 1050 3963 ut
1070 3893 1180 3964 simus
1229 3917 1323 3978 rum,
1349 3916 1436 3987 quas
1455 3896 1580 3963 docere
1594 3893 1710 3973 debet,
1736 3893 1987 3984 cognitionem,
2011 3896 2216 3967 facultatem
2250 3931 2257 3943 ·

191 4011 351 4102 exemplo
366 4004 550 4085 fidelibus,
574 3999 670 4091 quod
686 3995 766 4064 ideo
784 3994 895 4078 addit,
919 4007 959 4063 ut
975 3995 1179 4084 cogitemus,
1230 3996 1448 4087 explicandi,
1489 3995 1677 4064 consilium
1700 3994 1739 4062 in
1762 3995 1992 4065 custodienda
2020 3999 2220 4090 propietate

191 4118 230 4187 in
246 4138 316 4209 qua
336 4119 435 4203 parte
449 4101 637 4174 hominum
656 4097 828 4178 vivamus,
850 4109 884 4164 et
899 4119 988 4188 qrrae
1003 4097 1175 4185 guberna·
1230 4112 1264 4168 et
1283 4097 1507 4189 simplicitate
1531 4096 1732 4180 doctrinae,
1767 4110 1887 4187 pectus
1912 4120 2034 4167 amans
2051 4100 2220 4190 publicae

188 4218 240 4290 tio
263 4214 368 4285 nobis
391 4203 634 4279 commendata
656 4199 713 4267 sit.
771 4196 890 4266 Multo
914 4198 1075 4284 graviora
1096 4213 1180 4269 sunt
1229 4200 1458 4284 concordiae,
1480 4199 1636 4287 fugitans
1651 4196 1930 4269 cavillationum.
1986 4196 2125 4270 Harum
2144 4203 2220 4272 vir-

187 4318 320 4388 delicta
342 4333 484 4390 eorum,
511 4297 772 4396 qui'Ecclesiae
795 4297 867 4367 Dei
890 4320 996 4389 prava
1020 4302 1177 4390 exempla
1228 4315 1344 4371 tutum
1361 4323 1571 4371 consensum
1583 4297 1716 4369 Paulus
1732 4300 1998 4392 complectitur,
2021 4326 2102 4373 cum
2118 4303 2219 4374 iubet

191 4426 418 4513 proponunt,
441 4421 475 4477 et
491 4407 529 4473 in
555 4401 658 4471 bonis
678 4401 801 4468 dolore
817 4399 988 4468 adficiunt
1004 4397 1177 4490 Spiritum
1228 4428 1294 4472 nos
1316 4404 1395 4473 aliis
1418 4403 1576 4495 exemplo
1600 4424 1672 4470 esse
1696 4399 1737 4469 in
1761 4424 1941 4487 sermone,
1973 4426 2076 4496 quas,
2102 4429 2217 4498 quau·

179 4532 372 4600 sanctum,
414 4525 448 4582 et
472 4502 668 4579 imbecilles
690 4510 939 4590 corrumpunt,
980 4524 1085 4592 quam
1115 4505 1177 4596 qui
1227 4530 1333 4600 quam
1349 4507 1483 4576 multae
1499 4520 1533 4575 et
1549 4502 1711 4572 difficiles
1728 4516 1829 4586 sunt,
1856 4517 1975 4573 tamon
1996 4504 2033 4572 in
2057 4499 2126 4576 hoc
2152 4532 2219 4576 no-

187 4621 273 4695 alibi
293 4621 388 4690 inter
408 4609 536 4703 impios
558 4603 793 4698 delinquunt,
825 4601 888 4695 qui
913 4601 1048 4695 alioqui
1071 4605 1176 4673 etiam
1226 4621 1299 4678 stro
1316 4620 1454 4678 oratore
1469 4629 1542 4676 esse
1557 4615 1709 4696 oportet.
2180 4667 2187 4674 ,

187 4725 264 4796 sine
282 4719 440 4812 exemplo
456 4710 645 4799 indulgent
660 4705 825 4775 omnibus
841 4704 960 4795 pravis
973 4703 1177 4796 cupiditati·
1327 4706 1406 4779 Etsi
1428 4721 1546 4778 autem
1572 4707 1610 4775 in
1629 4718 1728 4778 tanta
1752 4703 1978 4793 ingeniorum
2002 4703 2218 4793 infirmitate,

185 4830 263 4898 bus.
304 4823 428 4914 Cogita
442 4816 570 4908 igitur,
596 4833 666 4904 qua
683 4809 722 4879 in
739 4807 890 4878 statione
906 4803 1003 4877 Deus
1018 4820 1052 4877 te
1065 4808 1177 4880 collo-
1225 4823 1278 4882 tot
1302 4808 1473 4882 virtutum
1497 4807 1676 4901 copulatio
1700 4808 1759 4877 vix
1781 4805 1962 4898 possibilis
1981 4821 2051 4889 est,
2097 4821 2217 4881 tamen

185 4927 329 5001 caverit.
377 4921 461 4994 Non
479 4910 685 5011 prophanae
705 4908 950 4992 multitudini,
975 4911 1035 4978 sed
1050 4906 1176 4981 Eccle-
1227 4914 1392 4983 voluntas
1407 4914 1502 4980 bona
1518 4911 1556 4979 in
1569 4911 1737 4981 omnibus
1753 4921 1788 4979 et
1802 4908 1908 4977 debet
1923 4912 1998 4976 esse
2012 4923 2045 4981 et
2060 4933 2136 4982 esse
2154 4938 2218 5005 po-

184 5026 333 5104 siaeDei
346 5042 505 5117 praeesse
519 5032 554 5090 te
569 5016 677 5100 scias,
703 5013 742 5083 in
758 5035 828 5105 qua
842 5033 925 5080 vere
938 5010 1175 5086 adsuntDeus
1224 5028 1306 5087 test:
1349 5012 1479 5084 deinde
1498 5026 1533 5084 et
1556 5012 1748 5088 mediocris
1768 5007 1973 5100 diligentia,
2009 5024 2044 5082 et
2062 5013 2219 5086 circum-

182 5147 348 5207 aeternus
362 5138 463 5219 pater
472 5118 622 5191 Domini
637 5115 749 5186 nostri
760 5114 841 5183 Iesu
851 5107 1004 5198 Christi,
1031 5128 1065 5185 et
1080 5115 1174 5186 filius
1223 5116 1354 5209 spectio
1371 5116 1539 5186 omnihus
1554 5113 1735 5207 possibilis
1754 5125 1826 5194 est,
1856 5124 1898 5181 ut
1920 5124 2030 5199 reete,
2062 5117 2218 5209 proprie,

180 5235 360 5310 Dominus
375 5236 496 5298 noster
506 5220 603 5290 lesus
612 5213 777 5289 Christus
797 5229 831 5286 et
845 5212 1003 5307 Spiritus
1019 5231 1172 5300 sanctos,
1224 5218 1423 5312 perspicue,
1456 5218 1656 5288 verecunde
1680 5218 1818 5298 dicant,
1851 5213 1916 5284 nec
1937 5214 2079 5304 ignavia
2104 5219 2219 5310 negli-

179 5357 213 5415 ει
234 5339 376 5433 piorum
394 5323 615 5417 Angelorum
634 5319 791 5410 agmina,
824 5330 859 5388 et
879 5316 986 5387 multi
1006 5312 1172 5391 homiues
1223 5332 1307 5412 gant
1319 5320 1501 5390 doctrinae
1523 5319 1702 5404 studium,
1724 5340 1792 5388 nee
1807 5315 2003 5388 ambitione
2015 5317 2147 5393 ludant
2161 5346 2219 5393 ca-

177 5443 238 5538 qui
254 5452 337 5512 sunt
353 5424 576 5507 domicilium
585 5420 740 5515 Spiritus
755 5420 879 5492 sancti.
903 5417 983 5490 Hoc
997 5421 1170 5513 templum
1222 5421 1487 5507 villationibus‚
1530 5434 1566 5492 et
1593 5432 1760 5514 spargant
1782 5417 1921 5491 'semina
1943 5420 2217 5498 discordiarum.
