4732 6030
246 256 317 334 1⁹1
734 244 893 321 unct,
925 242 986 317 IN
1016 239 1264 320 LAUDEM
1295 244 1479 321 ARTts
1512 241 1790 321 MEDICAE.
2206 251 2281 326 192

243 430 334 502 siad
351 425 490 499 ordinis
505 419 808 495 conservationem
825 417 1026 510 pertinent,
1050 433 1086 490 et
1102 419 1235 511 absque
1260 423 1264 559 q
1287 419 1470 508 ignorent,
1496 430 1669 510 quantum
1685 411 1773 487 haec
1788 439 1846 487 ars
1861 417 1899 488 in
1918 443 1955 489 se
1969 418 2058 489 boni
2073 415 2221 507 habeat,
2247 437 2284 497 et

243 533 318 605 illis
334 531 468 603 maiora
481 523 594 597 teneri
615 544 689 590 non
709 534 868 611 possunt.
920 517 1044 614 Neque
1059 543 1143 590 vero
1158 520 1234 589 sine
1260 562 1263 627 q
1287 521 1530 612 imprudentes
1550 542 1625 588 rem
1654 519 1870 608 singularem
1900 535 2139 614 praetereant,
2171 539 2213 596 ut
2232 538 2285 597 est

244 633 302 706 his
314 633 439 727 primis
452 628 588 697 artibus
600 623 674 694 ulla
690 623 855 692 doctrina
869 637 1030 692 constare
1043 635 1174 715 potest,
1200 633 1236 692 et
1260 638 1263 677 ¹
1287 645 1327 694 ca
1342 634 1437 693 aetas
1457 621 1589 689 infirmi
1606 622 1766 706 consilii,
1791 635 1826 692 et
1845 646 2025 716 praeceps,
2048 648 2164 719 neque
2184 627 2284 697 iudi-

243 734 283 807 hi
302 736 431 827 grados
446 742 551 822 atque
572 725 733 796 examina
753 720 851 794 hunc
872 724 1072 795 studiorum
1087 725 1236 794 artium·
1288 724 1362 810 cio,
1390 725 1452 793 sed
1477 722 1629 792 libidine
1649 724 1782 808 fertur,
1807 724 1838 791 si
1862 725 1894 795 ei
1911 727 1999 807 dux,
2025 750 2132 819 quem
2155 732 2284 800 admo-

178 887 184 908 .
246 860 314 934 que
331 833 495 903 ordinem
518 840 748 907 conservant,
772 822 1034 919 prohibentque
1055 826 1237 897 confusio-
1289 839 1434 896 nentem
1467 838 1652 918 sequatur,
1694 826 1858 896 deluerit.
1919 824 2055 897 Verum
2086 831 2285 902 admodum

245 922 326 1010 netu
345 959 385 1004 ac
401 931 716 1024 perturbationem.
764 927 877 999 Porro
892 931 956 1021 qui
969 931 1015 998 ab
1029 924 1086 998 his
1101 928 1237 998 artibus
1290 930 1411 1020 paucis
1436 927 1479 994 dc
1511 949 1550 994 re
1579 927 1793 1018 amplissima
1822 928 1958 1013 dicam,
1992 931 2091 1024 quod
2121 931 2286 1022 intelligo

245 1039 356 1132 probe
371 1034 546 1118 instructi,
562 1035 605 1102 ad
621 1031 819 1121 superiores
835 1031 1041 1123 disciplinas
1057 1032 1238 1114 accedunt,
1288 1025 1378 1099 mihi
1396 1053 1473 1097 eam
1499 1031 1674 1098 sermonis
1696 1029 1835 1121 copiam
1862 1045 1895 1101 et
1919 1032 2153 1102 benedicendi
2173 1037 2290 1104 lacul-

244 1140 285 1213 hi
307 1140 480 1210 foeliciter
501 1137 539 1205 in
564 1134 636 1203 illis
659 1133 788 1203 deinde
814 1145 1020 1217 versantur,
1045 1148 1079 1203 et
1100 1133 1238 1202 fructus
1290 1145 1399 1204 tatem
1413 1131 1551 1215 deesse,
1578 1155 1684 1223 quarn
1706 1132 1782 1201 eius
1805 1133 1892 1202 artis
1912 1135 2061 1204 virtutes
2077 1136 2289 1228 deposcunt,

245 1244 445 1316 studiorum
461 1262 609 1307 suorum
625 1237 825 1306 uberrimos
843 1234 1042 1325 percipiunt
1060 1235 1237 1304 reddunt·
1290 1234 1321 1303 si
1335 1228 1524 1303 hominum
1540 1233 1653 1303 oculis
1668 1228 1836 1304 exhibere
1851 1236 1951 1311 velis,
2004 1234 2288 1331 Nequeeocon·

245 1369 328 1440 que.
379 1337 446 1412 Est
469 1340 564 1410 enim
589 1335 675 1407 haec
699 1337 814 1428 prima
830 1361 870 1406 ac
888 1337 1033 1426 puerilis
1049 1336 1239 1420 institutio,
1291 1336 1372 1407 silio
1388 1329 1479 1405 hanc
1497 1335 1715 1425 provinciam
1731 1338 1888 1428 suscepi,
1911 1339 2007 1431 quod
2027 1334 2095 1408 hoc
2114 1365 2288 1433 meprae·

245 1450 343 1518 velut
371 1446 438 1512 flos
467 1442 629 1512 omnium
662 1440 828 1531 deinceps
856 1451 1117 1530 proventuum,
1149 1460 1239 1531 quos
1291 1438 1458 1508 stitutum
1475 1437 1715 1522 confiderem„
1733 1440 1792 1507 sed
1809 1463 1855 1507 ne
1871 1440 1911 1508 in
1927 1435 2204 1539 pulcherrimam
2217 1467 2286 1517 no·

244 1547 428 1621 redditura
444 1559 527 1616 sunt
546 1543 700 1634 ingenia.

273 1690 309 1758 st
322 1695 399 1752 bene
413 1690 569 1748 floruerint
586 1683 702 1767 (inquit
716 1679 828 1760 Ovid.)
845 1693 969 1762 segetes,
989 1684 1045 1742 erit
1062 1701 1127 1741 area
1144 1680 1239 1762 dives,

321 1791 358 1856 st
371 1794 447 1853 bene
463 1793 599 1850 floruerit
612 1791 718 1864 vinea,
743 1781 882 1846 Bocchus
897 1786 963 1844 erit.

273 1895 310 1961 st
323 1900 400 1957 bene
412 1897 569 1954 floruerint
583 1894 684 1967 oleae,
710 1888 909 1948 nitidissimus
922 1905 1029 1962 annus,

322 1997 418 2061 Poma
434 2016 555 2082 quoqne
570 2006 711 2054 eventum
723 1993 868 2072 temporis
882 1990 974 2050 huius
990 1988 1112 2053 hebent.

690 2084 787 2160 Dixi.

885 2428 951 2510 (aa.
967 2426 1062 2493 saro.
1078 2429 1126 2487 va
1142 2425 1194 2490 ao.
1207 2421 1242 2506 r)

260 2435 328 2506 No.
345 2433 406 2508 25.
517 2406 520 2415 Ι

487 2637 613 2724 caso
640 2635 757 2718 artis
785 2630 1004 2719 medicae.

318 2806 342 2859 Α
362 2801 399 2855 ud
413 2797 570 2869 Crat.Myl.
586 2813 615 2867 p.
624 2795 676 2849 286
688 2811 765 2864 sqq,
784 2791 813 2846 io
826 2791 979 2847 Declamat.
998 2788 1064 2845 ΤΛ.
1082 2807 1109 2860 p.
1117 2787 1196 2857 291„
1212 2787 1241 2842 in

343 2822 393 2926 id.
409 2871 530 2926 Servent.
548 2868 571 2923 1.
590 2863 786 2938 p.251.,apot
805 2859 935 2917 Richard.
953 2861 985 2916 T.
1004 2861 1041 2916 ll.
1058 2859 1137 2930 pso.

250 3030 377 3103 Oratio
395 3030 438 3100 io
465 3016 619 3096 taudem
645 3021 750 3192 aqtiq
762 3012 959 3107 medicae,
987 3011 1241 3112 Vitenderqae

703 3141 727 3191 a
751 3122 821 3192 ita.

200 3347 202 3352 .
249 3265 415 3357 Vereor,
448 3271 529 3340 Viri
549 3267 779 3360 amplissimi,
811 3291 855 3336 ne
882 3267 946 3359 qui
973 3268 1017 3336 de
1039 3263 1241 3345 Medicinae

249 3379 423 3471 dignitate
447 3375 538 3443 male
558 3371 775 3453 existiment,
800 3393 879 3438 cum
897 3392 973 3437 eam
989 3369 1140 3439 subinde
1162 3370 1242 3439 lau-

249 3485 356 3555 dibus
378 3477 517 3561 0rnari,
542 3488 576 3544 et
596 3470 766 3543 encomiis
788 3471 959 3540 celebrari
977 3495 997 3539 a
1013 3471 1125 3540 nostri
1143 3471 1241 3541 ordi-

250 3586 307 3655 nis
334 3578 540 3652 hominibus
563 3577 721 3649 audiant.
782 3569 965 3643 Omnibus
994 3573 1154 3642 enimin
1180 3597 1242 3643 ore

249 3700 320 3774 est,
341 3685 446 3755 rebus
458 3705 522 3775 per
537 3691 573 3749 se
587 3701 714 3772 parum
731 3672 888 3747 honestis
906 3700 945 3746 ac
960 3670 1129 3766 pulchris,
1154 3676 1241 3745 alie-

249 3815 297 3861 no
322 3799 472 3871 ornatu,
505 3798 540 3854 et
564 3779 738 3851 orationis
760 3780 842 3849 fuco
868 3800 959 3869 opus
983 3801 1074 3862 esse,
1111 3780 1241 3871 quibus

249 3891 561 3971 commendentur,
587 3884 732 3978 quando
751 3877 847 3951 nihil
870 3880 908 3949 in
931 3904 968 3949 se
990 3874 1143 3961 habent,
1169 3904 1240 3974 quo

248 3995 317 4065 sibi
330 3992 479 4084 gratiam
497 4001 557 4058 aut
573 3989 679 4057 decus
694 3997 830 4073 parent.
874 3982 974 4054 Sicut
989 3984 1165 4053 foeminae
1183 3985 1240 4052 in·

249 4094 419 4169 honestae
449 4117 489 4160 ac
511 4090 708 4171 deformes,
744 4087 827 4178 quia
856 4085 952 4177 ipsae
975 4081 1242 4177 pulchritudine

249 4210 382 4276 carent,
409 4218 428 4262 a
444 4212 583 4262 cerussa
598 4190 733 4259 formae
746 4187 989 4256 adiumentum
1006 4202 1142 4277 petunt,
1168 4212 1241 4281 quo

250 4323 286 4368 se
312 4298 392 4367 aliis
417 4294 611 4364 venditent.
662 4287 730 4358 His
753 4285 881 4383 (siqui
898 4287 1135 4375 sunt)'nostri
1155 4313 1242 4358 con-

248 4401 321 4473 silii
340 4398 514 4468 rationem
529 4394 745 4463 reddendam
763 4390 867 4473 duri,
901 4412 947 4457 ne
964 4411 1002 4456 re
1018 4389 1121 4459 aliter
1137 4402 1241 4482 atque

250 4520 300 4576 est
327 4500 524 4583 intellecta,
557 4510 591 4566 et
615 4494 703 4562 falsa
734 4491 965 4585 persuasione
1000 4491 1163 4577 adducti,
1196 4493 1241 4561 de

249 4605 437 4698 disciplina
463 4599 641 4693 praeclara
667 4596 791 4689 inique
820 4595 998 4678 iudicent,
1031 4606 1093 4663 ant
1113 4595 1157 4662 de
1176 4589 1242 4664 ho-

247 4710 358 4780 nestis
372 4707 472 4777 iactis
484 4699 671 4774 inhoneste
687 4698 933 4790 pronuncient.
959 4695 1033 4766 Nos
1048 4720 1122 4766 non
1139 4720 1242 4787 prae-

249 4813 409 4882 dicamus
422 4810 544 4879 laudes
560 4803 782 4885 Medicinae,
810 4814 850 4871 ut
866 4801 897 4870 ei
913 4800 1062 4891 gratiam
1077 4814 1111 4870 et
1128 4823 1239 4869 venu-

249 4929 372 4987 statem
391 4912 639 4991 conciliemus,
665 4906 808 4999 quando
824 4917 921 4974 tanta
937 4902 1015 4970 eius
1035 4902 1153 4974 nativa
1169 4903 1241 4970 ele·

1291 1540 1357 1610 stri
1392 1536 1582 1632 Gymnasii
1619 1541 1913 1611 consuetudinem
1953 1565 2152 1633 peccarem,
2196 1570 2287 1637 quae

1292 1644 1383 1713 tanti
1405 1641 1511 1711 bonis
1532 1640 1618 1710 viris
1639 1655 1711 1727 est,
1736 1657 1777 1715 ut
1799 1666 1875 1713 uon
1890 1644 2057 1716 dubitent
2070 1645 2229 1717 difficilia
2251 1661 2289 1718 et

1234 1808 1238 1828 ,
1293 1745 1423 1823 ardua,
1448 1755 1484 1811 et
1499 1765 1645 1833 prorsus
1658 1767 1749 1837 quae
1761 1767 1872 1836 ‚supra
1895 1768 1976 1817 suas
1992 1747 2085 1817 vires
2104 1761 2188 1818 sunt
2205 1773 2287 1818 mo-

1292 1847 1373 1929 liri,
1404 1846 1513 1913 modo
1535 1845 1635 1914 illam
1657 1861 1810 1918 servent.
1870 1846 1991 1937 Quare
2010 1851 2095 1919 dum
2120 1850 2285 1941 publicae

1292 1946 1440 2017 utilitati
1454 1947 1626 2016 inservire
1649 1971 1779 2029 conor,
1807 1964 1842 2020 et
1858 1951 1916 2041 pie
1929 1951 2093 2042 quidem,
2116 1951 2199 2023 licet
2221 1977 2287 2043 pa·

1292 2073 1374 2119 rum
1403 2047 1596 2132 foeliciter,
1627 2072 1685 2118 me
1712 2075 1841 2143 quaeso
1869 2053 2025 2143 benigne
2045 2065 2082 2124 et
2112 2053 2288 2146 patienter

1295 2150 1427 2221 audite.
1489 2148 1533 2219 ln
1559 2149 1759 2242 disciplinis
1792 2177 1883 2246 quae
1914 2155 2170 2228 excellentibus
2204 2157 2288 2226 illu·

1294 2254 1421 2324 strium
1438 2247 1626 2325 hominum
1644 2253 1798 2343 ingeniis
1816 2256 1982 2329 inventae
1998 2272 2101 2338 sunt,
2122 2271 2157 2329 et
2172 2259 2288 2328 incre·

1295 2356 1398 2425 dibili
1416 2356 1576 2444 gravium
1589 2355 1749 2425 virorum
1764 2381 1859 2443 cura,
1877 2372 1912 2429 et
1923 2360 2099 2429 industria
2115 2361 2289 2451 perfectae

1295 2471 1329 2528 et
1344 2457 1540 2547 expolitae,
1566 2481 1604 2525 ea
1621 2458 1786 2550 princeps
1802 2485 1842 2530 ac
1858 2460 1980 2550 regina
2002 2461 2196 2533 existimari
2211 2462 2289 2532 sine

1295 2560 1535 2630 controversia
1566 2560 1688 2644 debet,
1731 2585 1821 2655 quae
1852 2557 2046 2634 honestatis
2078 2565 2287 2656 splendore,

1293 2661 1458 2733 utilitatis
1473 2662 1737 2751 magnitudine,
1763 2663 1993 2735 iucunditatis
2007 2666 2185 2735 illecebris
2199 2666 2286 2734 reli-

1295 2787 1383 2857 quas
1405 2788 1528 2832 omnes
1550 2764 1678 2848 vincit,
1702 2777 1778 2835 turn
1799 2765 1904 2835 rebus
1920 2760 2088 2837 humanis
2104 2765 2285 2857 inprimis

1294 2865 1489 2936 necessaria
1502 2879 1570 2947 est,
1594 2890 1700 2959 quam
1714 2890 1788 2937 esse
1804 2864 2035 2953 Medicinm
2060 2881 2101 2939 ut
2114 2893 2209 2952 vere,
2235 2869 2284 2938 ita

1295 2983 1329 3039 et
1349 2969 1461 3037 libere
1483 2968 1719 3060 pronunciare
1739 2963 1833 3040 nihil
1854 2992 2037 3051 veremur,
2059 2993 2149 3064 quae
2172 2965 2288 3040 hone-

1294 3085 1384 3141 stam
1412 3095 1531 3140 rerum
1561 3070 1779 3142 naturalium
1805 3070 2006 3155 scientiam,
2037 3086 2074 3142 et
2094 3072 2289 3163 elegantem

1294 3168 1471 3245 humanae
1487 3187 1633 3243 naturae
1646 3171 1884 3259 cognitionem
1899 3172 2156 3264 complectitur,
2179 3199 2288 3269 caque

1294 3276 1421 3356 tradit,
1453 3275 1584 3367 quibus
1610 3274 1668 3341 vel
1692 3273 1824 3342 bonam
1851 3274 2092 3349 valetudinem
2127 3269 2288 3350 tueamur

1294 3390 1327 3448 et
1341 3389 1591 3460 sustentemus,
1612 3375 1670 3442 vel
1685 3375 1814 3443 malam
1830 3375 2049 3467 corrigamus
2064 3400 2105 3448 ac
2119 3383 2286 3450 emende-

1293 3501 1393 3562 mus,
1425 3478 1471 3545 ad
1507 3471 1612 3561 haec,
1644 3478 1730 3569 quid
1764 3480 1943 3548 commodi
1976 3494 2038 3550 aut
2068 3481 2289 3553 incommodi

1295 3603 1454 3675 quaeque
1481 3603 1538 3649 res
1562 3580 1668 3650 nobis
1690 3580 1863 3650 adferant.
1927 3579 2024 3669 Quid
2048 3596 2164 3653 eutem
2187 3584 2287 3653 hono

1294 3683 1386 3766 viro,
1411 3695 1447 3752 et
1462 3681 1663 3752 excellentis
1681 3681 1815 3770 ingenii
1831 3677 1970 3752 homini
1987 3679 2180 3769 honestius,
2195 3687 2288 3779 quid

1294 3785 1441 3875 melius,
1463 3784 1550 3876 quid
1564 3783 1723 3873 dignius,
1750 3808 1856 3875 quam
1873 3786 2005 3855 versari
2026 3787 2066 3855 in
2088 3806 2211 3857 earum
2228 3812 2290 3858 re-

1294 3910 1373 3957 rum
1393 3884 1627 3978 inquisitione
1648 3900 1683 3956 et
1701 3886 1946 3975 indagatione,
1972 3914 2123 3980 quarum
2139 3891 2290 3961 scientia

1293 4002 1330 4059 et
1347 3988 1566 4079 splendoris,
1594 4003 1628 4060 et
1647 3989 1928 4077 magnificentiae
1946 3992 2142 4082 plurimum
2158 3987 2290 4066 habes?

1293 4115 1398 4162 usum
1413 4114 1496 4160 vero
1512 4115 1553 4160 ac
1568 4092 1723 4161 fructum
1740 4092 1966 4177 immensum,
1986 4094 2207 4187 maximeque
2223 4120 2290 4167 na—

1293 4207 1411 4265 turam
1426 4188 1544 4262 rerum
1563 4193 1723 4261 omnium
1741 4208 1920 4283 parentem
1938 4197 2107 4286 attingit?
2141 4195 2289 4291 Iamque

1294 4297 1454 4366 animum
1477 4293 1639 4364 attollere
1662 4290 1791 4380 humo,
1826 4310 1861 4367 et
1886 4298 2052 4367 sublimia
2076 4313 2217 4392 petere,
2248 4313 2292 4370 ut

1294 4398 1385 4467 aeris
1405 4410 1569 4466 naturam
1593 4409 1628 4467 et
1642 4397 1731 4465 coeli
1756 4396 1836 4466 vim‘
1852 4399 2081 4490 inspicias-ct
2106 4401 2291 4491 vigilanti·

1293 4501 1362 4572 bus
1379 4499 1493 4569 oculis
1515 4499 1555 4567 in
1576 4497 1621 4566 iis
1644 4499 1824 4584 observes,
1856 4525 1947 4592 qnae
1970 4526 2054 4571 cura
2075 4517 2109 4575 et
2131 4504 2289 4575 admire-

1294 4602 1393 4672 tione
1409 4602 1516 4690 digna
1529 4613 1622 4680 sunt,
1643 4624 1802 4694 quaeque
1815 4602 1994 4672 commodi
2009 4618 2070 4674 aut
2085 4605 2292 4676 detrimenti

1293 4702 1427 4796 aliquid
1444 4698 1633 4774 hominum
1652 4717 1800 4773 naturae
1814 4707 2041 4795 portendant,
2065 4719 2105 4777 ut
2120 4707 2235 4798 possis
2251 4720 2288 4779 et

1294 4807 1560 4877 commoditates
1588 4828 1630 4872 ex
1661 4807 1829 4874 omnibus
1857 4808 2061 4896 decerpere,
2096 4823 2129 4879 et
2153 4810 2288 4880 damna

1293 4932 1426 4979 cavere.
1479 4904 1554 4976 lam
1578 4930 1662 4975 vero
1692 4906 1842 4976 infinitis
1874 4901 2065 4980 herbarum
2098 4911 2291 5001 generibus

249 5016 367 5109 gantia
385 5026 418 5083 et
434 5014 597 5081 innatum
616 5021 667 5078 est
680 5010 805 5092 decus,
831 5020 871 5076 nt
885 5005 1027 5073 nullum
1042 5028 1118 5074 non
1134 5007 1240 5075 modo
1294 5008 1578 5099 contemplandis
1597 5024 1632 5078 te
1654 5011 1802 5090 dedere,
1834 5010 1956 5103 ibique
1982 5013 2046 5083 diu
2067 5014 2220 5098 morari,
2255 5030 2292 5086 et

153 5104 157 5111 ⁵
249 5117 466 5191 lenocinium
481 5115 649 5207 requirat,
675 5114 735 5180 sed
750 5113 856 5180 etiam
871 5131 936 5176 nec
950 5106 1023 5176 ulla
1040 5120 1115 5177 arte
1129 5108 1241 5197 magis
1294 5108 1444 5203 propius
1467 5135 1676 5201 cognoscere
1699 5111 1926 5181 admirabiles
1946 5115 2027 5184 illas
2051 5128 2085 5184 et
2104 5109 2293 5207 planant.

248 5219 415 5293 exornari
437 5218 566 5310 possit,
601 5236 706 5308 quam
734 5213 856 5283 nativo
885 5204 1125 5300 pulcherrimo
1149 5210 1241 5295 suco,
1293 5213 1395 5280 vinas
1409 5237 1529 5283 earum
1546 5214 1694 5284 virtutes
1708 5227 1812 5306 atque
1828 5240 1929 5308 opes,
1955 5243 2045 5310 quae
2065 5232 2136 5287 tam
2157 5220 2292 5301 variae,

249 5327 310 5395 sed
337 5346 408 5417 quo
440 5316 723 5389 adolescentibus
755 5309 871 5382 adhuc
903 5336 1022 5382 rerum
1055 5312 1241 5404 imperitis,
1294 5328 1364 5382 tam
1386 5330 1602 5405 praestantes
1628 5330 1771 5407 tamque
1793 5317 2020 5390 incredibiles
2042 5335 2141 5408 sunt,
2167 5337 2209 5394 ut
2231 5322 2293 5392 ni·

249 5429 326 5497 eius
354 5425 580 5518 splendorem
606 5443 646 5488 ac
673 5416 889 5488 maiestatem
917 5417 1161 5501 ostendamus,
1195 5438 1241 5484 ne
1294 5412 1347 5487 bil
1362 5419 1519 5508 prolecto
1538 5419 1576 5486 in
1601 5417 1677 5508 ipsa
1691 5431 1819 5491 natura
1831 5423 1900 5506 sit,
1924 5436 1985 5493 aut
2005 5425 2167 5514 dignius,
2193 5428 2294 5520 qnod
