4732 6030
267 281 345 360 sce
768 266 934 346 nuce.
983 258 1061 345 uu
1091 258 1472 358 stutsttttttno
1504 265 1786 363 lucunas.
2225 287 2305 365 ιω

315 460 410 534 Μ,
424 460 543 530 ,amn
556 456 637 541 pan,
662 469 817 539 amquam
832 470 954 538 passer·
965 448 1103 518 Deorum
1118 467 1173 522 sss.
1407 443 1572 545 Cumque
1585 445 1835 541 sigismundus
1850 448 2041 525 accersitus
2064 469 2156 533 esset
2170 458 2216 532 ad
2236 459 2308 534 im-

367 568 464 634 Nemo
480 564 640 627 bominum
653 558 710 621 lact
722 565 786 622 star
801 578 941 642 superero
957 570 1067 642 potest.
1306 548 1463 644 perium,
1495 564 1597 624 eraut
1624 564 1697 625 tres
1712 540 1882 625 ¹Romani
1904 551 2116 645 Pontifices,
2152 559 2308 638 loannes

266 668 380 741 Porro
406 659 492 733 haec
516 657 633 728 clades
653 657 699 726 ad
721 653 913 748 Nicopolin
937 668 1097 745 accepta,
1129 647 1257 721 accidit
1308 651 1509 736 Bononiae,
1553 648 1748 744 Gregorius
1789 651 1969 744 Arimini,
2007 649 2225 737 Benedictus
2263 667 2307 740 in

268 766 409 852 nostris,
433 760 573 834 circiter
586 782 721 829 aunum
737 770 817 851 post
828 752 963 827 Christi
982 757 1148 838 natalem,
1173 751 1258 820 ruil-
1307 752 1491 848 Hispania.
1534 752 1613 826 Hoc
1626 756 1814 827 dissidium
1830 782 1905 828 non
1920 760 2047 848 armis,
2073 769 2308 840 nonviolen.

266 867 451 947 lesimum,
472 860 769 945 trecentesimum,
792 858 1062 950 nonagesimum
1077 855 1258 951 quintum.
1308 856 1354 929 tis
1385 856 1502 927 modis
1535 857 1659 929 tollere
1684 857 1935 948 sigismundus
1961 862 2136 954 decrevic;
2181 884 2308 944 extant

366 965 416 1040 Ut
443 979 560 1037 autem
583 962 757 1033 secundae
783 983 838 1031 res
869 959 1094 1031 autoritatem
1121 957 1258 1027 addunt
1309 957 1405 1028 enim
1425 957 1569 1028 divinae
1585 959 1688 1049 leges,
1714 984 1804 1054 quae
1819 962 1960 1049 docent,
1985 988 2058 1057 quo
2073 969 2202 1040 ordine
2217 996 2309 1044 con.

251 1070 446 1154 Ducibus,
470 1068 519 1136 ita
543 1067 710 1135 adversae
731 1062 919 1145 minuunt,
944 1061 1125 1132 interdum
1150 1059 1257 1129 etiam
1310 1059 1499 1131 troversiae
1528 1060 1782 1133 ecclesiasticae
1805 1068 2071 1153 cognoscendae
2096 1069 2179 1142 sint,
2228 1071 2306 1145 fla.

268 1176 350 1246 odia
365 1171 575 1242 accendunt.
607 1163 728 1254 Quare
743 1188 822 1234 eum
838 1163 984 1233 redisset
1000 1163 1037 1231 in
1054 1159 1259 1250 Ungariam,
1310 1159 1579 1251 sigismundus,
1611 1178 1786 1256 quantum
1808 1165 1847 1234 in
1871 1164 1949 1256 ipsu
1973 1167 2062 1254 luit,
2091 1195 2166 1243 non
2188 1175 2305 1247 votuit

269 1273 405 1349 amissis
434 1271 557 1343 multis
583 1265 786 1338 fortissimis
806 1264 963 1351 civibus,
991 1285 1153 1356 proceres
1176 1259 1259 1354 qui·
1311 1263 1512 1356 praeterire.
1546 1258 1594 1335 Et
1609 1264 1693 1358 quia
1712 1266 1790 1335 siue
1805 1289 1979 1338 consensu
1995 1283 2211 1344 caeterorum
2227 1273 2304 1347 Re·

269 1383 351 1451 dam
372 1386 494 1444 contra
512 1394 592 1441 eum
609 1367 926 1460 conspiraverunt,
949 1389 1101 1459 qnorum
1121 1362 1259 1433 animus
1311 1387 1394 1454 gum
1409 1364 1538 1435 frustra
1554 1362 1740 1460 Synodum
1762 1367 1964 1440 indicturus
1981 1384 2072 1459 erat,
2097 1374 2173 1466 ipse
2193 1389 2303 1447 totam

269 1478 494 1575 quorundam
510 1469 693 1562 suppliciis
706 1469 746 1537 in
759 1468 924 1561 auspiciis
938 1467 1039 1557 regni
1053 1466 1259 1536 offenderat.
1311 1462 1493 1559 Europam
1514 1479 1722 1558 pervagatus
1741 1481 1809 1538 est:
1835 1471 1924 1541 adiit
1942 1468 2100 1544 Galliam
2126 1491 2160 1547 et
2174 1472 2304 1571 Hispa·

269 1583 403 1673 Captus
427 1575 535 1664 igitur
564 1595 585 1642 a
609 1570 821 1655 coniuratis,
854 1569 892 1639 in
916 1571 1068 1663 quadam
1093 1591 1173 1637 arce
1195 1564 1260 1636 diu
1311 1568 1426 1650 niam,
1452 1567 1522 1657 egit
1544 1581 1580 1639 et
1601 1593 1682 1639 curn
1703 1567 1801 1659 Rege
1815 1565 1985 1661 Anglico,
2010 1578 2166 1648 ostendit
2188 1604 2305 1672 quau-

269 1679 468 1754 custoditus
486 1687 551 1758 est,
572 1675 667 1744 unde
683 1674 824 1741 tandem
841 1671 999 1754 domina,
1023 1669 1185 1739 miserata
1200 1667 1261 1734 in·
1312 1683 1389 1740 tum
1406 1668 1545 1739 intersit
1565 1667 1720 1762 Reipub.
1736 1667 1980 1759 Christianae,
2004 1690 2045 1747 ut
2060 1675 2227 1770 Synudhs
2244 1678 2304 1749 in-

270 1783 415 1872 dignam
428 1779 609 1848 fortuitam
623 1773 712 1842 huni
728 1772 917 1864 Principis,
942 1772 1031 1841 clam
1054 1794 1135 1841 eum
1153 1767 1261 1839 dimi·
1312 1771 1461 1846 dicatur.
1513 1766 1632 1859 Rogat
1654 1786 1694 1842 ut
1716 1774 1970 1859 assentiantur,
2001 1790 2035 1847 et
2057 1779 2158 1869 pium
2182 1781 2304 1850 cousi-

272 1885 329 1956 sit.
367 1876 518 1972 Elapsus
533 1875 639 1947 rediit
653 1875 691 1942 in
708 1897 875 1964 regnum,
900 1872 1091 1944 instructus
1108 1871 1262 1942 Germa-
1313 1871 1402 1940 lium
1425 1895 1465 1940 ac
1485 1871 1721 1943 necessarium
1736 1871 1892 1966 Reipub.
1911 1876 2097 1968 adiuvent,
2129 1892 2169 1949 ut
2183 1878 2303 1971 Reges

270 1984 361 2057 uicis
375 1980 529 2059 auxiliis,
550 1991 584 2047 et
599 1976 741 2066 triginta
756 1972 913 2066 Regulos
930 1973 1071 2065 capitali
1085 1970 1260 2064 supplicio
1313 1971 1443 2066 quibus
1464 1973 1651 2066 praecipue
1666 1971 1845 2045 Ecclesiae
1865 1977 2025 2049 custodia
2046 1980 2230 2051 commissa
2247 1984 2304 2067 sit,

271 2084 398 2158 affecit.
448 2079 546 2151 Haec
567 2077 736 2149 severitas
761 2078 793 2145 ei
817 2076 950 2167 profuit
964 2076 1009 2144 ad
1031 2087 1185 2145 caeteros
1201 2096 1261 2141 co-
1314 2075 1422 2147 decet.
1452 2071 1811 2160 Persuadettaudem,
1827 2078 2069 2150 utconsilium
2083 2080 2304 2173 sigismundi

271 2185 487 2269 hercendus,
518 2194 554 2252 et
578 2180 855 2269 recuperandam
880 2176 1067 2270 pristinam
1090 2174 1263 2245 autorita-
1313 2176 1528 2267 approbent,
1554 2199 1595 2246 ac
1615 2177 1826 2267 promittant
1850 2201 1886 2249 se
1902 2202 1979 2251 uon
2000 2182 2185 2255 defuturus
2206 2208 2304 2256 euru-

273 2306 355 2363 tem.
406 2282 486 2356 Etsi
501 2283 596 2354 enim
619 2302 797 2374 nusquam
816 2279 1053 2349 discedebata
1069 2276 1206 2347 iusticia
1222 2275 1261 2344 in
1313 2275 1416 2344 muni
1443 2275 1560 2351 saluti.
1618 2276 1744 2348 Postea
1772 2279 1938 2350 venitin
1971 2278 2127 2370 ltaliam,
2159 2298 2194 2356 et
2223 2308 2304 2358 cum

271 2389 429 2480 negociis
444 2383 703 2466 diiudicandis,
728 2395 847 2451 tamen
865 2404 1004 2472 semper
1019 2379 1106 2448 alias
1123 2378 1159 2446 in
1179 2398 1263 2468 pue-
1315 2375 1448 2446 loan'ne
1472 2376 1706 2472 colloquitur,
1741 2404 1786 2450 ne
1808 2381 2070 2457 desideraretur
2093 2384 2132 2454 ln
2154 2385 2303 2480 Synudo

271 2493 329 2560 nis
344 2488 517 2560 iusticiam
533 2483 717 2553 clementia
734 2494 770 2552 et
784 2481 929 2552 leuitate
953 2494 1147 2571 temperare
1171 2479 1262 2547 solc-
1313 2501 1444 2549 nomen
1480 2475 1718 2556 Pontificinm.
1769 2479 1877 2553 Hunc
1911 2508 2053 2580 quoque
2084 2487 2229 2557 adducit
2264 2488 2304 2556 iu

272 2594 343 2664 bat.
394 2587 437 2659 ln
459 2581 527 2657 hoc
547 2608 621 2656 nno
643 2582 737 2654 facto
760 2584 946 2653 necessitas
967 2581 1083 2672 co'e'git
1102 2604 1183 2650 eum
1207 2601 1263 2647 se-
1314 2602 1413 2649 suam
1429 2581 1652 2664 senteutiam,
1674 2597 1709 2653 et
1723 2585 1926 2676 persuadet,
1949 2600 1989 2658 ut
2006 2602 2195 2660 venturum
2212 2610 2250 2657 se
2265 2588 2305 2658 in

272 2692 419 2763 veritate
445 2690 580 2757 maiore
602 2684 667 2757 uti.
721 2681 954 2755 Verissimum
978 2683 1073 2752 enim
1096 2694 1146 2752 est
1171 2681 1263 2749 illud
1315 2678 1545 2751 Germaniam
1562 2681 1782 2774 polliceatur.
1836 2684 2005 2781 Synodus
2020 2687 2307 2762 indicitanon·'

272 2796 407 2867 dictum
424 2783 624 2871 Aeschinis,
649 2786 745 2880 quod
760 2780 1020 2857 Demosthenes
1035 2783 1135 2855 citat:
1160 2777 1263 2852 Nihil
1314 2783 1475 2854 stantiae.

273 2896 367 2966 valet
389 2891 599 2983 imperium,
624 2889 720 2982 quod
737 2911 810 2956 non
827 2882 936 2956 habet
950 2908 1079 2955 nervos
1096 2888 1264 2955 adversus

272 2998 401 3068 seelera
416 3006 468 3064 tot
487 3005 523 3063 et
537 2989 762 3060 insanabiles.
814 2986 1009 3060 Laudanda
1026 2999 1077 3057 est
1099 2986 1208 3077 igitur
1223 2985 1263 3054 iu

273 3095 342 3169 hoc
356 3120 438 3167 casu
452 3095 563 3186 ipsius
578 3091 730 3181 gravitas
745 3113 785 3159 ac
803 3088 980 3164 severitas.

374 3195 466 3269 Cum
481 3206 597 3265 autem
611 3192 681 3261 iam
696 3193 735 3259 in
750 3205 847 3263 tanta
863 3191 1026 3261 lonuuae
1047 3203 1079 3261 et
1096 3188 1264 3280 negociu-

274 3325 354 3372 rum
371 3296 539 3369 varietate
556 3306 735 3386 perspecta
751 3305 839 3362 esset
859 3292 935 3361 eius
951 3292 1085 3376 virtus,
1110 3305 1144 3362 ct
1158 3291 1264 3360 dissi-

273 3404 332 3477 dia
356 3399 477 3472 ltaliea
501 3395 702 3487 flagitarent
726 3389 977 3484 imperatorem
1006 3415 1082 3461 non
1109 3413 1263 3481 segnem,

274 3526 391 3599 neque
406 3500 591 3592 ignavum,
615 3497 675 3565 sed
693 3494 755 3589 qui
776 3492 924 3564 consilio
949 3506 984 3563 et
999 3493 1187 3564 autoritate
1204 3515 1264 3562 ex-

275 3606 428 3688 celleret,
451 3596 656 3670 Germanici
666 3594 849 3688 Principes
859 3592 1127 3686 sigismundum
1144 3605 1265 3665 creant

276 3706 548 3800 Imperatorem,
579 3722 676 3768 anuo
699 3697 891 3767 millesimo
915 3694 1264 3791 quadringentesimo

275 3825 309 3882 et
322 3805 544 3881 duodecimo.
595 3798 669 3873 Nec
682 3799 808 3870 fefellit
824 3821 883 3869 eos
903 3796 1077 3870 iudicium
1093 3798 1137 3867 de
1153 3794 1265 3889 ipsius

1409 2914 1482 2989 Nec
1496 2916 1615 2989 minus
1629 2916 1767 3010 negocii
1780 2916 1848 2992 luit
1865 2934 1994 3014 postea,
2014 2920 2193 2998 durabant
2206 2924 2304 2994 enim

1314 3019 1506 3089 certamina
1532 3019 1625 3091 inter
1645 3033 1735 3105 tres,
1760 3044 1825 3091 nec
1852 3023 2038 3120 quisquam
2054 3047 2164 3118 aequo
2182 3027 2303 3095 animo

1314 3144 1474 3191 cessurus
1490 3134 1565 3192 erat
1580 3120 1683 3194 alteri
1698 3124 1742 3191 de
1764 3122 1910 3196 nomine
1925 3122 2123 3196 Pontificio.
2173 3124 2305 3197 Memi-

1315 3221 1417 3295 nistis
1434 3223 1569 3293 dictum
1586 3222 1624 3291 in
1641 3220 1855 3315 Tragoedia:

1466 3343 1503 3407 Si
1523 3345 1699 3407 violandum
1715 3350 1840 3425 estius,
1864 3347 2010 3430 regnandi
2024 3353 2120 3431 vatia

1466 3445 1656 3510 Violsndum
1673 3461 1735 3527 est,
1760 3452 1793 3510 in
1810 3453 1877 3513 aliis
1891 3455 2033 3533 pietatem
2047 3456 2142 3516 colas·

1315 3557 1357 3630 ld
1374 3559 1508 3631 dictum
1525 3560 1621 3635 valet
1635 3562 1730 3652 apud
1747 3558 1936 3633 Pontifices
1950 3585 2024 3633 uon
2040 3564 2176 3648 minus,
2197 3589 2308 3657 quam

1316 3664 1411 3752 apud
1433 3658 1642 3734 Geometras
1665 3662 1748 3734 illae
1770 3666 1983 3746 sententiae,
2008 3686 2097 3759 quae
2112 3662 2308 3739 velaverat

1316 3758 1473 3849 ἐννοίαι,
1509 3763 1566 3832 vel
1591 3757 1784 3856 ἀξιώματα
1803 3780 1987 3840 vocantur.
2039 3762 2161 3860 ltaque
2184 3767 2310 3858 siugu-

275 3913 458 3983 voluutate
475 3905 610 3978 aclide.
661 3897 753 3974 Cum
768 3900 863 3972 enim
886 3899 1061 3972 iudicaret
1080 3894 1176 3969 nihil
1192 3918 1264 3968 esse
1316 3866 1401 3935 ¹³5⁸
1423 3865 1613 3985 “Plemiffe
1641 3878 1675 3935 ‘⁸
1695 3866 1908 3986 diligentiae·
1924 3867 2005 3937 totu
2041 3869 2193 3986 Ρῐίφψυ
2209 3870 2310 3986 {edi-

1316 3989 1397 4057 gere
1418 3990 1542 4036 omnes
1573 3991 1613 4036 ru
1635 3969 1818 4053 ordinem3
1853 3970 1981 4038 deinde
2005 3968 2308 4042 consentientibus

275 4013 418 4106 dignius
440 4008 674 4101 imperatore,
696 4027 802 4098 quam
824 4003 992 4093 legitimis
1016 4001 1133 4073 modis
1153 4000 1266 4072 eccle-
1451 4068 1472 4085 ..

1316 4069 1493 4157 suffragiis
1517 4093 1629 4139 uuum
1655 4092 1858 4158 surrogare3
1893 4082 2068 4160 postremo
2092 4093 2235 4156 cavere,
2259 4095 2309 4145 ns

274 4115 412 4186 siastica
435 4108 581 4180 dissidia
602 4106 746 4187 tollere,
779 4105 934 4194 primum
955 4103 1117 4175 omnium
1141 4124 1266 4181 curare
1444 4171 1452 4187 ,
1561 4171 1570 4188 ·
2094 4171 2103 4187 ι
2208 4172 2218 4189 ·

277 4215 404 4305 coepit,
427 4223 469 4281 ut
483 4206 651 4302 Synudus
665 4205 890 4275 indiceretur.
933 4202 1042 4274 Vetus
1055 4205 1188 4276 dictum
1202 4217 1266 4291 est,
1318 4172 1613 4290 {³¹²³dm0‘d'0‘
1628 4169 1897 4261 “pllffiflfflnh
1940 4167 2018 4243 Htt
2033 4171 2309 4243 deliberationes

275 4315 394 4385 nescio
410 4309 510 4380 cuius
525 4305 724 4377 pontificis:
749 4303 877 4374 Plures
891 4303 1059 4396 consequi
1075 4301 1266 4375 Pontifica-
1317 4295 1357 4341 ¹¹¹
1381 4271 1659 4391 q¹l⁸d¹⁵⁸⁰¹¹if¹¹¹¹
1679 4285 1984 4390 ¹¹⁸(l¹¹‘³‚²¹⁸·¹'actae
2005 4287 2106 4392 §⁰⁰¹²
2131 4297 2202 4368 ‘1¹¹⁰
2218 4286 2309 4392 lfm·

275 4433 351 4489 mm
372 4434 471 4482 more
491 4406 659 4491 Romuli,
693 4429 798 4499 qum
823 4401 931 4473 penti,
988 4401 1150 4475 Fuerunt
1170 4405 1265 4474 ,nim
1316 4397 1404 4465 pore
1420 4396 1494 4465 ipse
1509 4373 1704 4464 plurimum
1718 4386 1888 4445 sustinuit
1901 4375 2053 4461 laboris,
2078 4375 2167 4447 dum
2178 4388 2310 4447 retinet

276 4541 377 4609 saepe
398 4510 556 4602 iugentia
580 4508 772 4578 certamina
794 4507 833 4574 in
854 4503 1026 4576 electione
1041 4502 1266 4592 Pontificum,
1318 4490 1353 4545 ‘¹
1370 4475 1554 4547 ⁶⁰⁰fiffl¹³²
1567 4471 1708 4563 Regum
1725 4475 1937 4550 *0¹ttssttt08·

276 4644 366 4716 quae
381 4616 526 4712 quidem
542 4622 623 4682 aute
639 4606 906 4699 sigismundum
924 4607 972 4677 ita
988 4621 1201 4688 exarserant,
1225 4620 1267 4678 nt
1420 4607 1568 4702 Synudo
1591 4608 1779 4702 aliquoties
1800 4610 1875 4701 ipse
1894 4611 2073 4696 interfuit,
2099 4634 2139 4682 ae
2153 4611 2311 4705 primum

276 4742 390 4794 annos
413 4716 566 4810 amplius
582 4713 725 4803 triginta
739 4734 814 4780 non
831 4709 1022 4781 convenire
1037 4708 1193 4802 potuerit
1208 4709 1265 4778 in·
1318 4734 1398 4780 cum
1428 4733 1469 4779 eo
1495 4708 1660 4780 venitin
1691 4725 1794 4781 uncte
1816 4711 1952 4783 Natalis
1981 4712 2148 4799 Domini,
2181 4715 2313 4786 cecinit

276 4819 545 4896 terCardiuales
562 4817 607 4886 de
622 4813 808 4886 electione:
835 4808 911 4882 Alii
926 4811 972 4881 ab
991 4811 1071 4881 aliis
1086 4810 1267 4902 eligeban-
1318 4812 1506 4882 lectionem
1538 4806 1727 4902 Evangelii
1757 4813 1797 4882 in
1834 4813 1993 4903 liturgia:
2035 4815 2122 4886 exiit
2152 4816 2312 4888 edictum

276 4942 353 5010 tur,
387 4937 422 4994 et
446 4920 599 4990 ‘dtbtttl
626 4930 766 4987 mutuas
789 4913 1104 4984 ⁰⁰¹¹d⁰ffl¹t³t50nt³
1130 4925 1177 4992 et,
1186 4937 1267 4984 exe·
1319 4938 1338 4985 a
1359 4912 1505 4985 Caesare
1525 4907 1706 5004 Augusto,
1735 4927 1777 4984 nt
1800 4927 1894 4984 totus
1922 4916 2020 4986 orbis
2040 4916 2312 5000 describeretur,

277 5025 462 5108 crationes,
479 5042 677 5112 magnoque
693 5039 882 5100 novorum,
906 5027 946 5085 ut
960 5015 1077 5110 inquit
1090 5013 1266 5102 Lucanus,
1319 5017 1415 5110 qnod
1431 5038 1511 5085 cum
1527 5004 1658 5104 legeret
1673 5016 1757 5106 ipse,
1783 5014 1881 5084 visus
1895 5029 1947 5088 est
1963 5041 2038 5088 non
2054 5018 2169 5087 solum
2187 5020 2231 5089 de
2245 5040 2311 5092 suo

350 5131 505 5197 Proventu
518 5131 681 5198 coeterum,
708 5137 855 5210 quaerunt
869 5135 936 5186 nter
946 5126 1073 5207 imperet
1091 5125 1166 5187 orbi.
1319 5117 1435 5189 officio
1454 5111 1523 5186 boc
1539 5117 1733 5207 siguificare
1747 5140 1867 5187 curam
1884 5113 2062 5190 Ecclesiae
2077 5120 2176 5190 orbis
2198 5134 2315 5192 terra-

275 5228 468 5302 thtbttttt
490 5223 578 5292 tlttt
603 5220 773 5291 fattiotm
800 5219 954 5290 altorum
976 5217 1116 5310 Regum
1137 5218 1265 5290 studia.
1319 5241 1399 5287 rum
1425 5217 1634 5310 imperatori
1653 5219 1876 5289 commissam
1899 5242 1989 5306 esse,
2009 5224 2069 5291 sed
2094 5221 2201 5292 etiam
2223 5223 2316 5295 alius

276 5333 378 5406 ltalia
399 5324 657 5400 dilacerabatur
678 5321 856 5390 intestinis
880 5321 1000 5406 bellis,
1032 5342 1122 5415 quae
1141 5343 1267 5392 accen-
1318 5320 1528 5404 admonere,
1553 5334 1594 5390 nt
1610 5318 1819 5410 imperatori
1832 5323 1989 5413 cupienti
2006 5322 2189 5395 consulere
2205 5325 2316 5398 saluti

221 5421 225 5428 .
275 5438 409 5508 debant
425 5425 622 5501 discordiae
640 5420 864 5499 Pontificum.
1319 5420 1481 5492 omniurn
1497 5419 1672 5511 gentium,
1698 5442 1812 5516 aequo
1832 5424 1953 5497 ,nimo
1968 5437 2143 5517 pmmg
