4732 6030
60 316 137 391 587

60 501 271 560 numentum
290 478 496 575 philosophi
510 485 617 554 vestri
642 509 824 581 nunquam
843 490 1051 581 periturum,

61 592 131 682 ipsi
144 590 276 658 iudices
290 585 399 669 eritis,
419 586 449 654 si
464 587 619 656 studium
637 590 832 660 medicinae
848 593 915 661 civi
935 608 1050 685 vestro

19 722 21 725 ·
62 691 308 762 claritudinem
327 689 484 779 peperit,
510 712 555 756 an
576 691 692 779 potius
710 707 884 763 astrorum
909 695 1051 785 peritia:

59 785 201 886 utrique
215 792 310 858 enim
326 791 460 858 tametsi
479 790 671 879 plurimum
688 818 815 884 operae
828 796 1053 886 impenderit,

60 896 123 966 illa
149 893 293 986 quidem
320 914 464 981 prorsus
490 905 640 976 tacetur,
681 890 767 964 haec
802 923 884 966 vero
919 923 1048 965 nomen

61 1020 164 1067 suum
188 994 386 1062 immortale
412 993 559 1083 posteris
580 995 704 1066 effecit.
758 995 920 1069 Gaudete
943 1001 1052 1087 igitur

61 1123 84 1167 o
106 1096 269 1167 Patavini
293 1094 526 1178 nobilissimi,
559 1097 689 1187 quibus
714 1121 849 1190 semper
874 1103 1049 1170 clarorum

61 1201 219 1271 virorum
239 1198 353 1266 studia
372 1197 490 1263 decori
513 1199 623 1266 fuere.
676 1199 744 1269 Sed
763 1203 820 1270 vix
839 1200 989 1272 Antonii
1008 1206 1051 1270 de

61 1300 187 1378 Monte
205 1298 303 1370 Ulnri
319 1299 519 1366 meminisse
534 1323 725 1390 parumper
745 1306 875 1389 ausim,
900 1307 956 1374 cui
970 1307 1051 1373 'non

59 1402 256 1484 medicina,
287 1401 347 1467 sed
371 1412 545 1468 astrorum
572 1403 687 1469 studia
714 1427 844 1474 nomen
867 1420 1049 1476 aeternum

60 1506 247 1596 reliquere,
272 1501 319 1570 ita
333 1515 505 1570 nostrates
519 1495 707 1572 hortantur
722 1502 941 1600 philosophi:
968 1533 1050 1576 nam

58 1620 100 1676 ut
120 1603 284 1675 Britones
314 1614 419 1694 atque
449 1600 572 1671 Gallos
600 1605 639 1672 in
669 1601 736 1676 hoc
768 1612 965 1679 studiorum
992 1634 1051 1699 ge-

61 1732 147 1778 nere
172 1705 463 1776 celebratissimos
486 1718 718 1795 praeteream,
745 1704 914 1780 Albertus
931 1725 1052 1780 noster

61 1809 213 1897 Magnus
226 1806 407 1896 ingenium
423 1828 525 1874 suum
539 1807 722 1877 literarum
737 1810 854 1881 studio
871 1814 1051 1894 idoneum,

60 1909 1050 2002 Astronomiaeautemaccommodatissimumdepromit:

60 2014 115 2081 cui
136 2011 344 2101 ampliorem
367 2009 482 2075 locum
500 2022 618 2078 nostra
635 2012 808 2082 tribueret
823 2015 956 2097 oratio,
983 2015 1051 2082 nisi

59 2113 196 2202 egregia
213 2135 274 2179 sua
290 2109 446 2178 facinora
464 2110 585 2177 orbern
601 2125 714 2181 terrae
728 2115 837 2182 ferme
852 2130 963 2185 totum
981 2117 1051 2185 iant

59 2217 124 2284 diu
138 2224 389 2304 penetrassent.
442 2209 618 2297 Quocirca
638 2227 718 2304 post
739 2216 912 2306 plurimos
934 2219 1051 2287 natio-

59 2317 118 2385 nis
141 2329 281 2385 nostrae
309 2312 567 2400 insignissimus
591 2328 765 2385 astrorum
797 2320 1051 2410 contemplato-

60 2441 127 2500 res,
153 2433 186 2487 te
200 2416 342 2485 tandem
360 2413 493 2501 Georgi
509 2416 553 2481 de
566 2412 760 2507 Peurpach,
788 2417 1050 2490 Germanorum

61 2541 215 2611 perenne
242 2519 348 2584 decus
376 2516 553 2606 appellare
574 2517 716 2599 iubeor,
751 2521 907 2612 quinon
931 2525 1050 2592 minus

60 2623 153 2692 vitae
171 2618 380 2707 integritate,
401 2641 506 2709 quam
523 2613 773 2710 Philosophiae
790 2626 960 2692 doctrinis
975 2625 1053 2715 pol-

60 2725 172 2792 lebas:
201 2722 239 2789 in
256 2713 516 2789 Mathematicis
532 2733 648 2790 autem
666 2746 788 2792 omnes
812 2725 878 2795 tibi
895 2742 1052 2794 contem-

61 2846 234 2916 poraneos
257 2822 361 2910 longe
383 2821 558 2898 anteibas,
586 2822 685 2889 cnitts
707 2822 836 2891 nomen
854 2851 927 2894 non
945 2829 1052 2896 modo

60 2927 217 2995 nationis
235 2938 375 2991 nostrae
391 2917 552 2987 homines
568 2920 704 2989 celebre
720 2925 908 3009 ducebant,
929 2952 1051 2996 verum

60 3029 165 3098 etiam
184 3023 282 3095 Galli
296 3047 335 3090 ac
352 3017 431 3090 ltali
451 3017 675 3088 vehementer
690 3024 854 3092 admirati
873 3040 966 3110 sunt,
992 3028 1052 3120 qui

59 3131 148 3200 olim
164 3128 201 3194 in
219 3125 307 3194 urbe
325 3117 391 3188 hac
409 3119 685 3210 praeclarissima
702 3120 967 3195 Astronomiam
986 3155 1052 3218 pu·

59 3232 153 3301 hlice
173 3222 343 3305 docuisti,
369 3220 544 3312 plerisque
567 3223 713 3314 insuper
730 3221 787 3294 hic
812 3233 1053 3318 praesentibus

59 3331 213 3401 etfama
237 3325 397 3413 cognitus
419 3343 473 3403 es,
501 3336 535 3390 et
553 3323 641 3391 visu.
695 3324 748 3394 Te
765 3326 903 3396 Vienna
929 3333 1054 3402 docto-

57 3456 137 3502 rem
167 3428 295 3497 artium
326 3423 458 3494 creavit
481 3424 737 3511 dignissimum.
792 3429 844 3499 Te
868 3431 1055 3502 Ladislaus

60 3533 148 3604 olim
163 3526 366 3617 Hungariae
380 3549 440 3593 rex
456 3537 698 3597 astronomum
712 3531 779 3599 sibi
795 3533 934 3622 delegit.
968 3535 1051 3603 Tibi

60 3632 264 3706 Fridericus
287 3627 418 3700 Caesar
450 3650 514 3717 pro
533 3629 741 3711 ,virtutibus
765 3632 836 3701 tuis
867 3636 1053 3703 munificus

63 3749 147 3807 erat.
202 3732 364 3821 Longum
392 3741 479 3797 esset
504 3728 651 3798 recitare
674 3732 833 3820 singulos
858 3731 1053 3825 Principes,

63 3837 224 3908 doctrina
238 3848 297 3905 tua
314 3831 468 3901 affectos.
514 3825 655 3899 Omitto
671 3836 765 3923 quod
783 3835 948 3905 dominus
964 3835 1053 3905 Car-

63 3939 193 4010 dinalis
229 3935 343 4006 sancti
372 3931 468 4002 Petri
497 3932 541 3999 ad
569 3932 709 4001 vincula
743 3957 995 4026 saepenumero
1021 3952 1054 4007 te

63 4041 265 4113 domesticis
287 4036 361 4106 suis
382 4036 615 4103 adnumerare
633 4035 755 4108 voluit.
807 4035 915 4124 Quo'd
939 4040 1054 4107 domi.

61 4165 133 4214 nus
159 4138 308 4207 loannes
322 4135 552 4205 Varadiensis
573 4132 771 4226 Episcopus
794 4140 905 4209 multa
929 4155 962 4209 te
986 4138 1055 4208 hu-

61 4242 235 4315 manitate
255 4240 435 4330 amplexus
456 4252 518 4311 est.
576 4237 645 4309 Sed
668 4239 915 4309 Bessarionem
946 4244 1055 4311 bene-

61 4349 235 4418 factorem
269 4364 490 4408 communem
524 4354 685 4410 nostrum
715 4354 822 4434 atque
853 4358 1056 4434 patronum,

62 4446 341 4537 haudquaquam
366 4442 555 4530 praeterire
577 4442 676 4527 licet,
707 4445 839 4535 quippe
860 4448 920 4538 qui
943 4447 1056 4515 excel-

63 4549 198 4620 lentiae
229 4560 309 4615 tuae
343 4542 583 4612 testimonium
613 4545 776 4634 praebuit
803 4547 962 4616 solenne:
1000 4547 1056 4615 in·

64 4651 214 4741 dignum
232 4645 386 4740 profecto
403 4644 614 4726 arbitratus,
639 4660 679 4714 ut
697 4648 789 4716 inter
808 4662 1057 4719 conterraneos

731 314 893 389 DECL.
930 312 1006 390 DE
1041 312 1415 389 ALFRAGANO.

2020 317 2096 392 588

1105 488 1271 559 confectis
1288 487 1458 576 paulatim
1473 488 1581 556 ferme
1592 488 1698 557 rebus
1711 489 1879 560 omnibus
1894 486 2006 585 (proh
2023 493 2099 563 eius

1105 613 1248 682 quoque
1269 590 1322 657 rei
1343 590 1549 657 memoriam
1572 590 1777 679 lugubrem)
1799 593 1844 660 ad
1864 592 1978 661 sidera
1993 595 2098 684 spiri-

1105 705 1180 760 tum
1197 691 1331 759 reddis:
1360 715 1486 784 meque
1503 693 1642 781 penitus
1656 694 1783 760 orbum
1799 694 2011 787 reliquisses,
2027 696 2097 764 uisi

1105 794 1268 885 princeps
1304 793 1364 860 ille
1400 793 1661 863 munificentiae
1695 818 1841 863 manum
1876 797 2098 886 porrexisset,

1104 896 1242 964 tametsi
1257 907 1386 964 statum
1403 908 1502 963 tuum
1514 910 1636 965 nactus
1652 919 1773 969 essem.
1800 895 1897 985 Quid
1916 898 2026 985 igitur
2040 921 2098 965 re·

1105 997 1242 1090 liquum
1269 1009 1362 1078 erat,
1388 997 1458 1065 nisi
1475 1011 1516 1066 ut
1537 1000 1722 1068 orbitatem
1746 999 1814 1067 viri
1838 999 2024 1068 clarissimi
2042 1020 2098 1067 se-

1104 1100 1242 1168 ctarer?
1267 1112 1427 1188 coeptum
1453 1099 1559 1167 foelix
1582 1115 1682 1170 tuum
1707 1125 1772 1192 pro
1789 1101 1927 1170 viribus
1949 1124 2098 1194 exeque-

1104 1202 1186 1269 rer?
1217 1200 1314 1270 Duce
1330 1200 1449 1292 itaque
1471 1214 1621 1289 patrono
1639 1202 1820 1270 communi
1837 1201 1989 1272 Romam
2015 1225 2097 1292 pro·

1103 1304 1227 1386 fectus,
1251 1326 1350 1370 more
1368 1325 1446 1369 meo
1463 1302 1574 1369 literis
1592 1325 1765 1385 exerceor,
1791 1304 1853 1374 ubi
1870 1305 1998 1395 scripta
2015 1304 2096 1394 plu-

1104 1405 1194 1472 rima
1222 1401 1440 1473 Graecorum
1477 1403 1753 1471 clarissimorum
1786 1406 1830 1471 ad
1864 1407 1984 1474 literas
2016 1428 2096 1474 suas

1104 1507 1289 1575 discendas
1319 1529 1374 1573 me
1404 1505 1576 1584 invitant,
1617 1529 1688 1597 quo
1712 1504 1868 1576 latinitas
1895 1507 1932 1574 in
1959 1507 2096 1588 studiis,

1105 1608 1308 1698 praesertim
1335 1602 1606 1689 mathematicis,
1639 1607 1850 1697 locupletior
1878 1610 2095 1677 redderetur.

1105 1708 1174 1780 Sed
1190 1723 1230 1778 ut
1249 1708 1359 1776 multa
1374 1708 1768 1797 silentio'praeteream,
1793 1732 1835 1776 eo
1851 1712 1994 1777 tandem
2010 1731 2097 1775 ven-

1104 1824 1178 1878 tum
1195 1823 1262 1892 est,
1286 1821 1326 1877 ut
1341 1832 1441 1875 causa
1461 1810 1602 1897 quidem
1620 1810 1803 1897 religionis
1819 1805 2044 1880 Christianae
2059 1811 2097 1877 in

1105 1909 1290 1979 Graeciam
1312 1909 1427 1979 iturus
1451 1910 1497 1979 sit
1519 1907 1695 1978 Dominus
1717 1933 1816 1980 meus
1845 1910 2098 1979 reverendissi-

1103 2035 1199 2080 mus:
1228 2032 1290 2098 ego
1315 2035 1398 2078 vero
1424 2035 1465 2078 ex
1488 2011 1720 2100 dispositione
1737 2034 1799 2080 sua
1820 2027 1926 2105 atque
1947 2013 2096 2102 imperio

1103 2113 1143 2179 in
1166 2109 1232 2181 hoc
1258 2112 1550 2181 excellentissimo
1573 2113 1690 2181 studio
1709 2127 1824 2183 vestro
1847 2115 1956 2204 gratia
1977 2115 2099 2183 litera-

1104 2238 1183 2283 rum
1200 2215 1525 2304 prosequendarum
1545 2215 1584 2281 in
1606 2237 1743 2303 gregem
1758 2229 1911 2285 vestrum
1935 2216 2097 2306 recipiar.

1103 2314 1242 2386 Dabitis
1268 2333 1369 2404 spero
1395 2339 1459 2405 pro
1491 2310 1710 2385 humanitate
1731 2332 1845 2386 vestra
1871 2320 2031 2401 veniam,
2068 2317 2097 2384 si

1105 2419 1212 2507 paulo
1233 2417 1380 2484 liberius
1396 2417 1533 2504 evagari
1551 2416 1646 2484 visus
1672 2417 1757 2501 sim,
1782 2443 1821 2485 ac
1845 2421 1969 2486 seriem
1997 2441 2098 2507 pere-

1105 2517 1314 2607 grinationis
1340 2541 1437 2586 meae
1456 2518 1696 2607 importunius
1717 2520 1957 2608 expresserim.
2006 2514 2097 2586 Coe-

1105 2633 1200 2710 ptam
1217 2643 1345 2711 quaeso
1362 2642 1441 2707 erga
1459 2643 1515 2686 me
1535 2620 1817 2688 benevolentiam
1834 2620 2030 2711 producite,
2056 2631 2098 2687 ut

1104 2723 1208 2790 liceat
1230 2722 1358 2788 calcem
1382 2721 1553 2789 orationis
1579 2722 1835 2813 aequanimiter
1857 2724 1901 2790 ad
1927 2720 2098 2790 orationis

1105 2823 1290 2914 periodum
1306 2846 1505 2912 properare.
1557 2819 1687 2891 Parum
1703 2836 1817 2891 autem
1840 2823 1894 2890 lex
1912 2822 2097 2890 divisionis

1105 2924 1296 3015 superioris
1313 2947 1377 2991 nos
1394 2922 1652 3007 remorabitur,
1678 2947 1775 3015 quae
1786 2938 1939 2993 caeteras
1955 2918 2098 2993 Mathe-

1105 3026 1222 3094 matici
1239 3025 1374 3114 generis
1392 3037 1505 3113 partes
1519 3025 1625 3092 taceri
1640 3048 1714 3093 non
1730 3025 1826 3111 sinit,
1852 3027 2003 3118 quarum
2019 3047 2098 3092 eam

1105 3150 1195 3218 quae
1219 3127 1418 3218 quadruvio
1444 3125 1631 3206 inseritur,
1657 3125 1831 3195 Musicam
1856 3125 1959 3195 lubal
1984 3147 2099 3216 quen-

1105 3230 1186 3295 dam
1213 3227 1390 3295 invenisse
1413 3227 1580 3295 clamant:
1616 3228 1793 3296 nonnulli
1808 3241 1925 3297 autem
1948 3225 2100 3295 Herme-

1105 3343 1175 3398 tem
1192 3329 1230 3405 in
1252 3329 1370 3397 littore
1385 3328 1493 3396 maris
1511 3328 1816 3411 deambulantem,
1841 3330 2025 3397 occasione
2047 3342 2099 3397 te-

1106 3431 1259 3499 studinis
1290 3431 1333 3496 ad
1365 3431 1489 3521 pedem
1518 3452 1621 3496 suum
1654 3428 1870 3513 resonantis,
1902 3428 2099 3520 primordia

1107 3530 1214 3600 huius
1246 3531 1331 3601 artis
1366 3524 1527 3599 statuisse
1558 3543 1742 3598 testantur.
1793 3529 1955 3600 Potiores
1981 3545 2125 3615 tamen³

1106 3647 1222 3722 partes
1238 3628 1345 3700 habet
1360 3627 1576 3724 Pythagoras
1596 3631 1657 3699 ille
1673 3630 1824 3714 Samius,
1851 3633 1911 3723 qui
1929 3633 2099 3701 instinctu

1106 3735 1288 3802 fabrorum
1303 3732 1521 3814 rudentium,
1545 3732 1693 3799 eandem
1710 3733 1805 3798 sonis
1821 3733 1907 3820 ipsis
1924 3746 1958 3800 et
1973 3753 2100 3819 corpo-

1108 3836 1206 3902 ribus
1224 3832 1434 3902 sonantibus
1456 3832 1722 3920 proportionem
1742 3855 1814 3898 esse
1830 3831 1977 3914 didicit,
2002 3831 2100 3897 crude

1107 3958 1205 4004 suam
1231 3934 1359 4023 cuique
1384 3931 1635 3998 consonantiae
1660 3932 1925 4022 proportionem
1945 3931 2102 4015 eliciens,
2165 3969 2168 3976 ·

1107 4049 1215 4107 totam
1240 4046 1417 4124 postremo
1443 4032 1616 4102 artemio
1636 4031 1795 4103 numeris
1818 4057 1986 4104 sonorum
2014 4056 2100 4101 con-

1108 4135 1307 4208 summavit.
1384 4132 1519 4203 Paucos
1552 4135 1744 4204 admodum
1778 4135 1886 4205 luisse
1911 4135 2102 4225 scriptores

1111 4238 1268 4308 Musicos
1283 4237 1473 4326 comperio.
1509 4235 1683 4306 Musicam
1701 4235 1819 4306 Boetii
1836 4236 1939 4306 latini
1955 4232 2101 4314 habent,

1109 4340 1208 4410 cuius
1231 4340 1421 4408 sententias
1443 4339 1628 4432 plerasque
1647 4338 1795 4408 loannes
1820 4341 1863 4407 de
1882 4337 1998 4406 Muris
2020 4360 2101 4407 suc-

1109 4445 1222 4511 cincte
1246 4440 1444 4511 coddiovits
1471 4466 1577 4532 qrram
1599 4441 1706 4531 plane
1726 4440 1917 4530 intelliget,
1940 4439 2101 4533 quisquis

1108 4545 1285 4613 decimum
1302 4542 1444 4611 lnrdani
1461 4544 1673 4612 elementum
1691 4544 1774 4611 satis
1789 4555 1916 4611 teneat.
1962 4540 2102 4610 Musica
2166 4576 2169 4582 ·

1110 4643 1460 4753 demuantolemaei
1479 4658 1518 4711 nt
1535 4645 1642 4712 latina
1659 4645 1767 4727 lieret,
1792 4643 1958 4712 dominus
1973 4639 2101 4710 Cardi-

38 4769 41 4774 '
62 4770 146 4826 tuos
164 4753 270 4822 vitam
289 4746 472 4816 obscurius
487 4767 616 4831 ageres,
641 4748 727 4837 quin
747 4747 881 4819 ltaliam
895 4751 1054 4820 omnium
1081 4765 1085 4853 Ι
1110 4748 1201 4816 nalis
1216 4745 1325 4816 salicti
1341 4742 1436 4812 Petri
1460 4747 1502 4811 ad
1520 4745 1659 4813 vincula
1686 4757 1814 4815 aestate
1841 4742 2013 4833 superiori
2030 4742 2102 4813 sol-

11 4904 15 4910 ·
64 4855 266 4928 studiorum
282 4871 408 4940 genere
423 4847 710 4916 florentissimam
727 4865 912 4939 repeteres.
950 4851 1057 4921 Prin·
1081 4856 1084 4871 '
1110 4850 1228 4918 licitus
1261 4858 1347 4915 erat.
1399 4844 1564 4916 Succedit
1598 4847 1702 4914 etiam
1737 4846 1890 4934 speciosa
1917 4844 2101 4913 radiorum

62 4979 148 5049 ceps
171 4957 281 5044 igitur
306 4953 366 5020 ille
383 4948 610 5036 dignissimus
628 4948 831 5039 paciscitur,
855 4969 894 5024 nt
915 4944 984 5023 una
1004 4980 1057 5024 se-

65 5082 148 5131 cum
163 5060 205 5125 ad
218 5055 353 5124 ltaliam
370 5053 539 5121 concedas
555 5047 657 5146 (nam
677 5064 760 5119 tunc
775 5052 958 5141 legationis
974 5081 1059 5147 pro-

64 5161 184 5230 vincia
200 5158 265 5228 sibi
281 5157 408 5227 tradita
424 5153 491 5222 fuit
504 5151 844 5248 perAlemanniam)
860 5158 1057 5227 collibitum

66 5277 120 5335 est
134 5289 152 5331 e
167 5261 333 5350 vestigio,
357 5279 472 5349 neque
488 5269 628 5345 pactum
645 5250 711 5325 hoc
733 5280 884 5345 perenne
899 5259 1057 5328 futurum

66 5365 276 5455 suspicaris,
301 5362 370 5430 nisi
387 5381 503 5427 comes
518 5358 583 5426 tibi
600 5357 737 5442 fierem,
764 5359 824 5452 qui
841 5373 926 5428 tunc
943 5373 977 5428 et
996 5386 1061 5429 an-

1110 4950 1297 5019 visualium
1325 4947 1529 5039 disciplina,
1563 4973 1669 5042 quam
1695 4945 1813 5016 Latini
1848 4947 2101 5037 perspectivam

1112 5065 1256 5120 vocant:
1290 5050 1390 5119 cuius
1412 5051 1579 5120 volumen
1597 5065 1676 5119 octo
1698 5062 1928 5130 tractatuum,
1962 5048 2105 5116 arabico

1110 5156 1295 5222 inventore
1311 5147 1496 5236 Alhacem,
1522 5156 1564 5221 ad
1582 5149 1764 5222 Romanos
1779 5145 2011 5242 philosophos
2030 5163 2103 5216 tra-

1111 5260 1256 5326 ductum
1273 5266 1334 5337 est,
1356 5278 1436 5322 cum
1450 5254 1572 5322 libello
1592 5276 1656 5323 suo
1672 5258 1717 5322 de
1733 5252 1957 5344 crepusculis.
1987 5248 2102 5316 Vitel-

1112 5359 1161 5427 lio
1185 5369 1301 5426 autem
1333 5369 1452 5425 noster
1479 5355 1661 5446 Turingus
1693 5355 1849 5425 codicem
1875 5355 1993 5434 decem
2019 5371 2103 5438 par-

65 5482 124 5539 tea
144 5466 322 5558 plerisque
343 5461 448 5533 annis
470 5477 551 5531 tuus
578 5460 706 5528 fuerim
731 5461 938 5552 discipulus.
990 5460 1059 5532 Sed
1112 5461 1201 5532 tium
1221 5456 1385 5529 latinitati
1401 5460 1591 5546 contexuit,
1616 5482 1714 5529 more
1731 5449 2003 5528 Geometrarum
2018 5471 2104 5518 sen-
