<?xml version="1.0" encoding="UTF-8"?>
<!DOCTYPE html PUBLIC "-//W3C//DTD XHTML 1.0 Transitional//EN"
    "http://www.w3.org/TR/xhtml1/DTD/xhtml1-transitional.dtd">
<html xmlns="http://www.w3.org/1999/xhtml" xml:lang="en" lang="en">
 <head>
  <title>
</title>
<meta http-equiv="Content-Type" content="text/html;charset=utf-8" />
  <meta name='ocr-system' content='tesseract 3.04.00' />
  <meta name='ocr-capabilities' content='ocr_page ocr_carea ocr_par ocr_line ocrx_word'/>
</head>
<body>
  <div class='ocr_page' id='page_1' title='image "./philippimelanth21melagoog/philippimelanth21melagoog_0449.png"; bbox 0 0 4732 6030; ppageno 0'>
   <div class='ocr_carea' id='block_1_1' title="bbox 283 332 2324 434">
    <p class='ocr_par' dir='ltr' id='par_1_1' title="bbox 283 332 2324 434">
     <span class='ocr_line' id='line_1_1' title="bbox 283 332 2324 434; baseline -0.009 -1"><span class='ocrx_word' id='word_1_1' title='bbox 283 360 356 434; x_wconf 80' lang='lat' dir='ltr'><strong>att</strong></span> <span class='ocrx_word' id='word_1_2' title='bbox 724 338 885 416; x_wconf 85' lang='lat' dir='ltr'><strong>DECL.</strong></span> <span class='ocrx_word' id='word_1_3' title='bbox 916 337 992 412; x_wconf 87' lang='lat' dir='ltr'><strong>DE</strong></span> <span class='ocrx_word' id='word_1_4' title='bbox 1024 332 1247 412; x_wconf 85' lang='lat' dir='ltr'><strong>STUDlO</strong></span> <span class='ocrx_word' id='word_1_5' title='bbox 1280 333 1546 411; x_wconf 85' lang='lat' dir='ltr'><strong>LlNGUAE</strong></span> <span class='ocrx_word' id='word_1_6' title='bbox 1577 333 1867 413; x_wconf 84' lang='lat' dir='ltr'><strong>EBRAEAE.</strong></span> <span class='ocrx_word' id='word_1_7' title='bbox 2236 336 2324 415; x_wconf 74' lang='lat'><strong>872</strong></span> 
     </span>
    </p>
   </div>
   <div class='ocr_carea' id='block_1_2' title="bbox 256 502 2350 3550">
    <p class='ocr_par' dir='ltr' id='par_1_2' title="bbox 256 502 2350 3550">
     <span class='ocr_line' id='line_1_2' title="bbox 290 502 2324 618; baseline -0.014 -15"><span class='ocrx_word' id='word_1_8' title='bbox 290 553 373 602; x_wconf 89' lang='lat' dir='ltr'><strong>vera</strong></span> <span class='ocrx_word' id='word_1_9' title='bbox 396 526 539 618; x_wconf 88' lang='lat' dir='ltr'><strong>pietate,</strong></span> <span class='ocrx_word' id='word_1_10' title='bbox 574 515 769 588; x_wconf 77' lang='lat' dir='ltr'><strong>Lucienus:</strong></span> <span class='ocrx_word' id='word_1_11' title='bbox 802 513 961 584; x_wconf 89' lang='lat' dir='ltr'><strong>scribunt</strong></span> <span class='ocrx_word' id='word_1_12' title='bbox 984 510 1080 580; x_wconf 93' lang='lat' dir='ltr'><strong>enim</strong></span> <span class='ocrx_word' id='word_1_13' title='bbox 1104 508 1275 577; x_wconf 76' lang='lat' dir='ltr'>sinceram</span> <span class='ocrx_word' id='word_1_14' title='bbox 1414 503 1468 577; x_wconf 93' lang='lat' dir='ltr'><strong>Ac</strong></span> <span class='ocrx_word' id='word_1_15' title='bbox 1481 509 1552 580; x_wconf 88' lang='lat' dir='ltr'><strong>late</strong></span> <span class='ocrx_word' id='word_1_16' title='bbox 1566 521 1660 601; x_wconf 87' lang='lat' dir='ltr'><strong>patet</strong></span> <span class='ocrx_word' id='word_1_17' title='bbox 1676 504 1743 577; x_wconf 93' lang='lat' dir='ltr'><strong>hoc</strong></span> <span class='ocrx_word' id='word_1_18' title='bbox 1758 508 1855 602; x_wconf 90' lang='lat' dir='ltr'><strong>quod</strong></span> <span class='ocrx_word' id='word_1_19' title='bbox 1869 510 1914 578; x_wconf 89' lang='lat' dir='ltr'><strong>de</strong></span> <span class='ocrx_word' id='word_1_20' title='bbox 1927 502 2048 600; x_wconf 91' lang='lat' dir='ltr'><strong>phrasi</strong></span> <span class='ocrx_word' id='word_1_21' title='bbox 2065 506 2236 585; x_wconf 85' lang='lat' dir='ltr'><strong>diximus.</strong></span> <span class='ocrx_word' id='word_1_22' title='bbox 2268 508 2324 584; x_wconf 78' lang='lat' dir='ltr'><strong>Ut</strong></span> 
     </span>
     <span class='ocr_line' id='line_1_3' title="bbox 290 606 2322 716; baseline -0.012 -13"><span class='ocrx_word' id='word_1_23' title='bbox 290 647 326 703; x_wconf 89' lang='lat' dir='ltr'><strong>et</strong></span> <span class='ocrx_word' id='word_1_24' title='bbox 339 632 579 716; x_wconf 92' lang='lat' dir='ltr'><strong>incorruptam</strong></span> <span class='ocrx_word' id='word_1_25' title='bbox 594 619 669 689; x_wconf 88' lang='lat' dir='ltr'><strong>eius</strong></span> <span class='ocrx_word' id='word_1_26' title='bbox 682 615 892 687; x_wconf 86' lang='lat' dir='ltr'><strong>sententiam</strong></span> <span class='ocrx_word' id='word_1_27' title='bbox 915 613 953 683; x_wconf 91' lang='lat' dir='ltr'><strong>in</strong></span> <span class='ocrx_word' id='word_1_28' title='bbox 973 611 1138 683; x_wconf 90' lang='lat' dir='ltr'><strong>omnibus</strong></span> <span class='ocrx_word' id='word_1_29' title='bbox 1153 606 1277 682; x_wconf 85' lang='lat' dir='ltr'><strong>Eccle-</strong></span> <span class='ocrx_word' id='word_1_30' title='bbox 1325 610 1402 679; x_wconf 88' lang='lat' dir='ltr'><strong>sine</strong></span> <span class='ocrx_word' id='word_1_31' title='bbox 1422 610 1500 680; x_wconf 92' lang='lat' dir='ltr'><strong>luce</strong></span> <span class='ocrx_word' id='word_1_32' title='bbox 1522 634 1595 679; x_wconf 91' lang='lat' dir='ltr'><strong>non</strong></span> <span class='ocrx_word' id='word_1_33' title='bbox 1618 610 1714 680; x_wconf 91' lang='lat' dir='ltr'><strong>cerni</strong></span> <span class='ocrx_word' id='word_1_34' title='bbox 1739 624 1884 702; x_wconf 87' lang='lat' dir='ltr'><strong>possunt</strong></span> <span class='ocrx_word' id='word_1_35' title='bbox 1912 609 2073 679; x_wconf 93' lang='lat' dir='ltr'><strong>colorum</strong></span> <span class='ocrx_word' id='word_1_36' title='bbox 2096 608 2322 696; x_wconf 87' lang='lat' dir='ltr'><strong>discrimina,</strong></span> 
     </span>
     <span class='ocr_line' id='line_1_4' title="bbox 290 707 2323 815; baseline -0.009 -12"><span class='ocrx_word' id='word_1_37' title='bbox 290 739 363 803; x_wconf 86' lang='lat' dir='ltr'><strong>siae</strong></span> <span class='ocrx_word' id='word_1_38' title='bbox 383 723 607 815; x_wconf 72' lang='lat' dir='ltr'>dogmatibus</span> <span class='ocrx_word' id='word_1_39' title='bbox 622 720 740 791; x_wconf 76' lang='lat' dir='ltr'><strong>facisse.</strong></span> <span class='ocrx_word' id='word_1_40' title='bbox 792 714 862 787; x_wconf 84' lang='lat' dir='ltr'><strong>llic</strong></span> <span class='ocrx_word' id='word_1_41' title='bbox 879 714 991 786; x_wconf 81' lang='lat' dir='ltr'>edidit</span> <span class='ocrx_word' id='word_1_42' title='bbox 1014 711 1277 804; x_wconf 88' lang='lat' dir='ltr'><strong>interpretatiu-</strong></span> <span class='ocrx_word' id='word_1_43' title='bbox 1327 711 1375 781; x_wconf 91' lang='lat' dir='ltr'><strong>ita</strong></span> <span class='ocrx_word' id='word_1_44' title='bbox 1396 711 1472 782; x_wconf 89' lang='lat' dir='ltr'><strong>sine</strong></span> <span class='ocrx_word' id='word_1_45' title='bbox 1493 711 1696 803; x_wconf 77' lang='lat' dir='ltr'><strong>cognitione</strong></span> <span class='ocrx_word' id='word_1_46' title='bbox 1711 707 1868 804; x_wconf 75' lang='lat' dir='ltr'>phrasis,</span> <span class='ocrx_word' id='word_1_47' title='bbox 1890 723 1985 782; x_wconf 91' lang='lat' dir='ltr'><strong>totus</strong></span> <span class='ocrx_word' id='word_1_48' title='bbox 2005 733 2122 780; x_wconf 90' lang='lat' dir='ltr'><strong>sermo</strong></span> <span class='ocrx_word' id='word_1_49' title='bbox 2137 713 2269 784; x_wconf 82' lang='lat' dir='ltr'><strong>veteris</strong></span> <span class='ocrx_word' id='word_1_50' title='bbox 2285 729 2323 786; x_wconf 90' lang='lat' dir='ltr'><strong>et</strong></span> 
     </span>
     <span class='ocr_line' id='line_1_5' title="bbox 290 810 2322 908; baseline -0.012 -3"><span class='ocrx_word' id='word_1_51' title='bbox 290 856 374 905; x_wconf 83' lang='lat' dir='ltr'><strong>nem</strong></span> <span class='ocrx_word' id='word_1_52' title='bbox 390 829 493 899; x_wconf 87' lang='lat' dir='ltr'><strong>valde</strong></span> <span class='ocrx_word' id='word_1_53' title='bbox 506 824 696 894; x_wconf 89' lang='lat' dir='ltr'><strong>laudatam.</strong></span> <span class='ocrx_word' id='word_1_54' title='bbox 739 818 859 908; x_wconf 85' lang='lat' dir='ltr'><strong>Quare</strong></span> <span class='ocrx_word' id='word_1_55' title='bbox 874 814 1010 887; x_wconf 89' lang='lat' dir='ltr'><strong>etiamsi</strong></span> <span class='ocrx_word' id='word_1_56' title='bbox 1024 811 1277 907; x_wconf 74' lang='lat' dir='ltr'><strong>Apostolorum</strong></span> <span class='ocrx_word' id='word_1_57' title='bbox 1327 814 1413 883; x_wconf 90' lang='lat' dir='ltr'><strong>novi</strong></span> <span class='ocrx_word' id='word_1_58' title='bbox 1438 811 1656 885; x_wconf 82' lang='lat' dir='ltr'><strong>Testamenti</strong></span> <span class='ocrx_word' id='word_1_59' title='bbox 1690 814 1831 905; x_wconf 85' lang='lat' dir='ltr'><strong>ignotus</strong></span> <span class='ocrx_word' id='word_1_60' title='bbox 1864 826 1926 886; x_wconf 90' lang='lat' dir='ltr'><strong>est.</strong></span> <span class='ocrx_word' id='word_1_61' title='bbox 1975 810 2069 882; x_wconf 89' lang='lat' dir='ltr'><strong>Nam</strong></span> <span class='ocrx_word' id='word_1_62' title='bbox 2095 814 2163 883; x_wconf 87' lang='lat' dir='ltr'><strong>etsi</strong></span> <span class='ocrx_word' id='word_1_63' title='bbox 2186 840 2322 888; x_wconf 84' lang='lat' dir='ltr'><strong>monu-</strong></span> 
     </span>
     <span class='ocr_line' id='line_1_6' title="bbox 292 911 2323 1019; baseline -0.014 -13"><span class='ocrx_word' id='word_1_64' title='bbox 292 946 405 1005; x_wconf 89' lang='lat' dir='ltr'><strong>aetate</strong></span> <span class='ocrx_word' id='word_1_65' title='bbox 437 924 681 1019; x_wconf 75' lang='lat' dir='ltr'><strong>interpretatio</strong></span> <span class='ocrx_word' id='word_1_66' title='bbox 712 922 753 990; x_wconf 91' lang='lat' dir='ltr'><strong>in</strong></span> <span class='ocrx_word' id='word_1_67' title='bbox 785 919 951 989; x_wconf 90' lang='lat' dir='ltr'><strong>manibus</strong></span> <span class='ocrx_word' id='word_1_68' title='bbox 981 913 1169 987; x_wconf 89' lang='lat' dir='ltr'><strong>hominum</strong></span> <span class='ocrx_word' id='word_1_69' title='bbox 1200 912 1280 992; x_wconf 91' lang='lat' dir='ltr'><strong>fuit,</strong></span> <span class='ocrx_word' id='word_1_70' title='bbox 1328 929 1446 985; x_wconf 87' lang='lat' dir='ltr'><strong>menta</strong></span> <span class='ocrx_word' id='word_1_71' title='bbox 1467 911 1720 1007; x_wconf 77' lang='lat' dir='ltr'><strong>Apostolorum</strong></span> <span class='ocrx_word' id='word_1_72' title='bbox 1744 912 1880 985; x_wconf 88' lang='lat' dir='ltr'><strong>Graeca</strong></span> <span class='ocrx_word' id='word_1_73' title='bbox 1903 928 2005 999; x_wconf 92' lang='lat' dir='ltr'><strong>sunt,</strong></span> <span class='ocrx_word' id='word_1_74' title='bbox 2036 927 2155 985; x_wconf 91' lang='lat' dir='ltr'><strong>tamen</strong></span> <span class='ocrx_word' id='word_1_75' title='bbox 2178 912 2323 1008; x_wconf 71' lang='lat' dir='ltr'><strong>phrasiu</strong></span> 
     </span>
     <span class='ocr_line' id='line_1_7' title="bbox 294 1011 2323 1130; baseline -0.015 -23"><span class='ocrx_word' id='word_1_76' title='bbox 294 1052 523 1130; x_wconf 89' lang='lat' dir='ltr'><strong>quoscunque</strong></span> <span class='ocrx_word' id='word_1_77' title='bbox 555 1026 616 1095; x_wconf 90' lang='lat' dir='ltr'><strong>illa</strong></span> <span class='ocrx_word' id='word_1_78' title='bbox 649 1037 790 1094; x_wconf 91' lang='lat' dir='ltr'><strong>autores</strong></span> <span class='ocrx_word' id='word_1_79' title='bbox 820 1016 963 1090; x_wconf 88' lang='lat' dir='ltr'><strong>habuit:</strong></span> <span class='ocrx_word' id='word_1_80' title='bbox 996 1032 1115 1091; x_wconf 91' lang='lat' dir='ltr'><strong>tamen</strong></span> <span class='ocrx_word' id='word_1_81' title='bbox 1138 1016 1280 1104; x_wconf 86' lang='lat' dir='ltr'><strong>linguae</strong></span> <span class='ocrx_word' id='word_1_82' title='bbox 1329 1011 1551 1087; x_wconf 85' lang='lat' dir='ltr'><strong>estEbraica:</strong></span> <span class='ocrx_word' id='word_1_83' title='bbox 1574 1031 1615 1088; x_wconf 94' lang='lat' dir='ltr'><strong>ut</strong></span> <span class='ocrx_word' id='word_1_84' title='bbox 1629 1040 1725 1086; x_wconf 91' lang='lat' dir='ltr'><strong>nunc</strong></span> <span class='ocrx_word' id='word_1_85' title='bbox 1741 1017 1886 1107; x_wconf 87' lang='lat' dir='ltr'><strong>plurimi</strong></span> <span class='ocrx_word' id='word_1_86' title='bbox 1898 1017 2022 1086; x_wconf 81' lang='lat' dir='ltr'><strong>Latine</strong></span> <span class='ocrx_word' id='word_1_87' title='bbox 2038 1017 2230 1111; x_wconf 78' lang='lat' dir='ltr'><strong>loquentes,</strong></span> <span class='ocrx_word' id='word_1_88' title='bbox 2253 1044 2323 1111; x_wconf 65' lang='lat' dir='ltr'><strong>pu.</strong></span> 
     </span>
     <span class='ocr_line' id='line_1_8' title="bbox 295 1112 2322 1216; baseline -0.013 -8"><span class='ocrx_word' id='word_1_89' title='bbox 295 1135 452 1209; x_wconf 90' lang='lat' dir='ltr'><strong>studium</strong></span> <span class='ocrx_word' id='word_1_90' title='bbox 487 1128 623 1199; x_wconf 88' lang='lat' dir='ltr'><strong>utiliter</strong></span> <span class='ocrx_word' id='word_1_91' title='bbox 654 1138 830 1197; x_wconf 90' lang='lat' dir='ltr'><strong>retentum</strong></span> <span class='ocrx_word' id='word_1_92' title='bbox 860 1135 929 1206; x_wconf 87' lang='lat' dir='ltr'><strong>cst,</strong></span> <span class='ocrx_word' id='word_1_93' title='bbox 960 1134 1001 1190; x_wconf 92' lang='lat' dir='ltr'><strong>ut</strong></span> <span class='ocrx_word' id='word_1_94' title='bbox 1026 1119 1152 1188; x_wconf 91' lang='lat' dir='ltr'><strong>usitata</strong></span> <span class='ocrx_word' id='word_1_95' title='bbox 1175 1115 1280 1185; x_wconf 90' lang='lat' dir='ltr'><strong>lectio</strong></span> <span class='ocrx_word' id='word_1_96' title='bbox 1329 1117 1418 1188; x_wconf 89' lang='lat' dir='ltr'><strong>triae</strong></span> <span class='ocrx_word' id='word_1_97' title='bbox 1445 1116 1587 1207; x_wconf 90' lang='lat' dir='ltr'><strong>linguae</strong></span> <span class='ocrx_word' id='word_1_98' title='bbox 1621 1112 1767 1210; x_wconf 75' lang='lat' dir='ltr'><strong>phrasin</strong></span> <span class='ocrx_word' id='word_1_99' title='bbox 1802 1132 1920 1188; x_wconf 88' lang='lat' dir='ltr'><strong>tamen</strong></span> <span class='ocrx_word' id='word_1_100' title='bbox 1950 1119 2149 1194; x_wconf 89' lang='lat' dir='ltr'><strong>imitantur.</strong></span> <span class='ocrx_word' id='word_1_101' title='bbox 2203 1118 2322 1216; x_wconf 66' lang='lat' dir='ltr'><strong>quue</strong></span> 
     </span>
     <span class='ocr_line' id='line_1_9' title="bbox 296 1215 2321 1317; baseline -0.013 -7"><span class='ocrx_word' id='word_1_102' title='bbox 296 1233 477 1310; x_wconf 90' lang='lat' dir='ltr'><strong>emendari</strong></span> <span class='ocrx_word' id='word_1_103' title='bbox 499 1243 533 1299; x_wconf 89' lang='lat' dir='ltr'><strong>ct</strong></span> <span class='ocrx_word' id='word_1_104' title='bbox 559 1226 730 1298; x_wconf 89' lang='lat' dir='ltr'><strong>illustrari</strong></span> <span class='ocrx_word' id='word_1_105' title='bbox 755 1236 882 1317; x_wconf 88' lang='lat' dir='ltr'><strong>posset.</strong></span> <span class='ocrx_word' id='word_1_106' title='bbox 938 1216 1040 1291; x_wconf 83' lang='lat' dir='ltr'><strong>Nihil</strong></span> <span class='ocrx_word' id='word_1_107' title='bbox 1060 1218 1199 1288; x_wconf 89' lang='lat' dir='ltr'><strong>facilius</strong></span> <span class='ocrx_word' id='word_1_108' title='bbox 1220 1229 1282 1300; x_wconf 86' lang='lat' dir='ltr'><strong>est,</strong></span> <span class='ocrx_word' id='word_1_109' title='bbox 1331 1218 1443 1309; x_wconf 88' lang='lat' dir='ltr'><strong>magis</strong></span> <span class='ocrx_word' id='word_1_110' title='bbox 1458 1219 1585 1290; x_wconf 90' lang='lat' dir='ltr'><strong>accidit</strong></span> <span class='ocrx_word' id='word_1_111' title='bbox 1599 1219 1799 1311; x_wconf 87' lang='lat' dir='ltr'><strong>Apostolis,</strong></span> <span class='ocrx_word' id='word_1_112' title='bbox 1830 1219 1892 1312; x_wconf 93' lang='lat' dir='ltr'><strong>qui</strong></span> <span class='ocrx_word' id='word_1_113' title='bbox 1907 1215 2167 1310; x_wconf 79' lang='lat' dir='ltr'><strong>Prophetarum</strong></span> <span class='ocrx_word' id='word_1_114' title='bbox 2184 1244 2321 1293; x_wconf 81' lang='grc' dir='ltr'>ιιιιιιο.</span> 
     </span>
     <span class='ocr_line' id='line_1_10' title="bbox 297 1318 2320 1435; baseline -0.016 -25"><span class='ocrx_word' id='word_1_115' title='bbox 297 1363 402 1435; x_wconf 91' lang='lat' dir='ltr'><strong>quam</strong></span> <span class='ocrx_word' id='word_1_116' title='bbox 424 1354 590 1423; x_wconf 88' lang='lat' dir='ltr'><strong>magnum</strong></span> <span class='ocrx_word' id='word_1_117' title='bbox 608 1351 772 1399; x_wconf 85' lang='lat' dir='ltr'><strong>acervum</strong></span> <span class='ocrx_word' id='word_1_118' title='bbox 795 1338 988 1394; x_wconf 88' lang='lat' dir='ltr'><strong>erratorum</strong></span> <span class='ocrx_word' id='word_1_119' title='bbox 1007 1333 1161 1391; x_wconf 90' lang='lat' dir='ltr'><strong>vetustae</strong></span> <span class='ocrx_word' id='word_1_120' title='bbox 1185 1318 1283 1388; x_wconf 88' lang='lat' dir='ltr'><strong>illius</strong></span> <span class='ocrx_word' id='word_1_121' title='bbox 1331 1345 1412 1390; x_wconf 89' lang='lat' dir='ltr'><strong>nem</strong></span> <span class='ocrx_word' id='word_1_122' title='bbox 1429 1319 1528 1410; x_wconf 86' lang='lat' dir='ltr'><strong>gravi</strong></span> <span class='ocrx_word' id='word_1_123' title='bbox 1541 1322 1690 1391; x_wconf 91' lang='lat' dir='ltr'><strong>consilio</strong></span> <span class='ocrx_word' id='word_1_124' title='bbox 1703 1337 1737 1392; x_wconf 93' lang='lat' dir='ltr'><strong>et</strong></span> <span class='ocrx_word' id='word_1_125' title='bbox 1752 1344 1880 1411; x_wconf 89' lang='lat' dir='ltr'><strong>magno</strong></span> <span class='ocrx_word' id='word_1_126' title='bbox 1895 1322 2015 1391; x_wconf 90' lang='lat' dir='ltr'><strong>studio</strong></span> <span class='ocrx_word' id='word_1_127' title='bbox 2029 1324 2267 1417; x_wconf 67' lang='lat' dir='ltr'><strong>sequebantur</strong></span> <span class='ocrx_word' id='word_1_128' title='bbox 2280 1348 2320 1395; x_wconf 58' lang='grc' dir='ltr'><strong>,ς</strong></span> 
     </span>
     <span class='ocr_line' id='line_1_11' title="bbox 296 1422 2321 1519; baseline -0.012 -4"><span class='ocrx_word' id='word_1_129' title='bbox 296 1441 454 1515; x_wconf 78' lang='lat' dir='ltr'><strong>Graecae</strong></span> <span class='ocrx_word' id='word_1_130' title='bbox 468 1432 630 1504; x_wconf 90' lang='lat' dir='ltr'><strong>lectionis</strong></span> <span class='ocrx_word' id='word_1_131' title='bbox 645 1451 850 1519; x_wconf 80' lang='lat' dir='ltr'><strong>congerere,</strong></span> <span class='ocrx_word' id='word_1_132' title='bbox 874 1423 1065 1515; x_wconf 87' lang='lat' dir='ltr'><strong>etquidem</strong></span> <span class='ocrx_word' id='word_1_133' title='bbox 1082 1422 1121 1491; x_wconf 88' lang='lat' dir='ltr'><strong>in</strong></span> <span class='ocrx_word' id='word_1_134' title='bbox 1140 1434 1283 1491; x_wconf 89' lang='lat' dir='ltr'><strong>senten·</strong></span> <span class='ocrx_word' id='word_1_135' title='bbox 1332 1422 1537 1492; x_wconf 85' lang='lat' dir='ltr'><strong>reddebant.</strong></span> <span class='ocrx_word' id='word_1_136' title='bbox 1589 1422 1638 1495; x_wconf 93' lang='lat' dir='ltr'><strong>Ut</strong></span> <span class='ocrx_word' id='word_1_137' title='bbox 1655 1424 1763 1513; x_wconf 88' lang='lat' dir='ltr'><strong>igitur</strong></span> <span class='ocrx_word' id='word_1_138' title='bbox 1785 1436 1877 1492; x_wconf 90' lang='lat' dir='ltr'><strong>recte</strong></span> <span class='ocrx_word' id='word_1_139' title='bbox 1899 1436 1934 1492; x_wconf 93' lang='lat' dir='ltr'><strong>et</strong></span> <span class='ocrx_word' id='word_1_140' title='bbox 1955 1425 2076 1493; x_wconf 81' lang='lat' dir='ltr'><strong>dextre</strong></span> <span class='ocrx_word' id='word_1_141' title='bbox 2100 1423 2321 1517; x_wconf 73' lang='lat' dir='ltr'><strong>intelligatur</strong></span> 
     </span>
     <span class='ocr_line' id='line_1_12' title="bbox 298 1521 2321 1633; baseline -0.017 -19"><span class='ocrx_word' id='word_1_142' title='bbox 298 1545 357 1615; x_wconf 88' lang='lat' dir='ltr'><strong>tiis</strong></span> <span class='ocrx_word' id='word_1_143' title='bbox 379 1560 468 1633; x_wconf 86' lang='lat' dir='ltr'><strong>quac</strong></span> <span class='ocrx_word' id='word_1_144' title='bbox 493 1533 705 1627; x_wconf 87' lang='lat' dir='ltr'><strong>peculiarem</strong></span> <span class='ocrx_word' id='word_1_145' title='bbox 728 1528 924 1599; x_wconf 84' lang='lat' dir='ltr'><strong>doctrinam</strong></span> <span class='ocrx_word' id='word_1_146' title='bbox 947 1525 1149 1609; x_wconf 88' lang='lat' dir='ltr'><strong>continent,</strong></span> <span class='ocrx_word' id='word_1_147' title='bbox 1182 1521 1284 1593; x_wconf 91' lang='lat' dir='ltr'><strong>utin</strong></span> <span class='ocrx_word' id='word_1_148' title='bbox 1332 1545 1442 1614; x_wconf 85' lang='lat' dir='ltr'><strong>genus</strong></span> <span class='ocrx_word' id='word_1_149' title='bbox 1473 1527 1646 1595; x_wconf 88' lang='lat' dir='ltr'><strong>sermonis</strong></span> <span class='ocrx_word' id='word_1_150' title='bbox 1680 1526 1718 1594; x_wconf 90' lang='lat' dir='ltr'><strong>iu</strong></span> <span class='ocrx_word' id='word_1_151' title='bbox 1758 1524 1925 1595; x_wconf 86' lang='lat' dir='ltr'><strong>universo</strong></span> <span class='ocrx_word' id='word_1_152' title='bbox 1957 1547 2106 1615; x_wconf 75' lang='lat' dir='ltr'><strong>corpore</strong></span> <span class='ocrx_word' id='word_1_153' title='bbox 2138 1550 2321 1599; x_wconf 66' lang='lat' dir='ltr'><strong>mmm</strong></span> 
     </span>
     <span class='ocr_line' id='line_1_13' title="bbox 286 1619 2323 1719; baseline -0.024 -4"><span class='ocrx_word' id='word_1_154' title='bbox 286 1643 439 1715; x_wconf 79' lang='lat' dir='ltr'><strong>,Psalmo</strong></span> <span class='ocrx_word' id='word_1_155' title='bbox 461 1660 535 1706; x_wconf 95' lang='lat' dir='ltr'><strong>non</strong></span> <span class='ocrx_word' id='word_1_156' title='bbox 554 1631 850 1704; x_wconf 87' lang='lat' dir='ltr'><strong>dissimulandum</strong></span> <span class='ocrx_word' id='word_1_157' title='bbox 875 1629 1036 1719; x_wconf 87' lang='lat' dir='ltr'><strong>estquod</strong></span> <span class='ocrx_word' id='word_1_158' title='bbox 1056 1626 1283 1715; x_wconf 84' lang='lat' dir='ltr'><strong>scripserunt,</strong></span> <span class='ocrx_word' id='word_1_159' title='bbox 1332 1627 1524 1705; x_wconf 88' lang='lat' dir='ltr'><strong>librorum,</strong></span> <span class='ocrx_word' id='word_1_160' title='bbox 1559 1619 1698 1717; x_wconf 74' lang='lat' dir='ltr'><strong>phrasis</strong></span> <span class='ocrx_word' id='word_1_161' title='bbox 1722 1627 1891 1696; x_wconf 65' lang='lat' dir='ltr'><strong>discenda</strong></span> <span class='ocrx_word' id='word_1_162' title='bbox 1920 1641 1985 1698; x_wconf 59' lang='grc' dir='ltr'>ω,</span> <span class='ocrx_word' id='word_1_163' title='bbox 2040 1624 2099 1698; x_wconf 69' lang='lat' dir='ltr'><strong>Ad</strong></span> <span class='ocrx_word' id='word_1_164' title='bbox 2125 1622 2220 1700; x_wconf 63' lang='lat' dir='ltr'><strong>hm</strong></span> <span class='ocrx_word' id='word_1_165' title='bbox 2247 1629 2323 1701; x_wconf 61' lang='lat' dir='ltr'><strong>,pm</strong></span> 
     </span>
     <span class='ocr_line' id='line_1_14' title="bbox 298 1721 2325 1835; baseline -0.031 -17"><span class='ocrx_word' id='word_1_166' title='bbox 298 1735 564 1835; x_wconf 86' lang='lat' dir='ltr'><strong>Apprehendite</strong></span> <span class='ocrx_word' id='word_1_167' title='bbox 588 1732 826 1825; x_wconf 80' lang='lat' dir='ltr'><strong>disciplinam:</strong></span> <span class='ocrx_word' id='word_1_168' title='bbox 867 1752 932 1821; x_wconf 90' lang='lat' dir='ltr'><strong>pro</strong></span> <span class='ocrx_word' id='word_1_169' title='bbox 960 1728 1055 1798; x_wconf 88' lang='lat' dir='ltr'><strong>dicto</strong></span> <span class='ocrx_word' id='word_1_170' title='bbox 1077 1721 1285 1817; x_wconf 86' lang='lat' dir='ltr'><strong>Prophetae,</strong></span> <span class='ocrx_word' id='word_1_171' title='bbox 1332 1724 1494 1799; x_wconf 72' lang='lat' dir='ltr'><strong>Ebraieiu</strong></span> <span class='ocrx_word' id='word_1_172' title='bbox 1507 1727 1620 1797; x_wconf 62' lang='lat' dir='ltr'><strong>literis</strong></span> <span class='ocrx_word' id='word_1_173' title='bbox 1635 1728 1813 1821; x_wconf 60' lang='lat' dir='ltr'><strong>perveniri</strong></span> <span class='ocrx_word' id='word_1_174' title='bbox 1830 1752 1904 1797; x_wconf 67' lang='lat' dir='ltr'><strong>non</strong></span> <span class='ocrx_word' id='word_1_175' title='bbox 1920 1740 2044 1819; x_wconf 48' lang='lat' dir='ltr'><strong>pom,</strong></span> <span class='ocrx_word' id='word_1_176' title='bbox 2092 1727 2184 1799; x_wconf 62' lang='lat' dir='ltr'><strong>Nam</strong></span> <span class='ocrx_word' id='word_1_177' title='bbox 2202 1731 2325 1801; x_wconf 49' lang='lat' dir='ltr'><strong>comi.</strong></span> 
     </span>
     <span class='ocr_line' id='line_1_15' title="bbox 256 1826 2325 1921; baseline -0.011 -7"><span class='ocrx_word' id='word_1_178' title='bbox 256 1910 260 1914; x_wconf 87' lang='lat'>.</span> <span class='ocrx_word' id='word_1_179' title='bbox 298 1838 522 1917; x_wconf 87' lang='lat' dir='ltr'><strong>Osculamiui</strong></span> <span class='ocrx_word' id='word_1_180' title='bbox 543 1836 668 1909; x_wconf 82' lang='lat' dir='ltr'><strong>filium.</strong></span> <span class='ocrx_word' id='word_1_181' title='bbox 721 1832 763 1901; x_wconf 92' lang='lat' dir='ltr'><strong>ln</strong></span> <span class='ocrx_word' id='word_1_182' title='bbox 787 1827 854 1901; x_wconf 92' lang='lat' dir='ltr'><strong>hoc</strong></span> <span class='ocrx_word' id='word_1_183' title='bbox 878 1832 975 1909; x_wconf 90' lang='lat' dir='ltr'><strong>loco,</strong></span> <span class='ocrx_word' id='word_1_184' title='bbox 1001 1830 1063 1921; x_wconf 93' lang='lat' dir='ltr'><strong>qui</strong></span> <span class='ocrx_word' id='word_1_185' title='bbox 1087 1830 1131 1897; x_wconf 89' lang='lat' dir='ltr'><strong>de</strong></span> <span class='ocrx_word' id='word_1_186' title='bbox 1154 1826 1285 1896; x_wconf 81' lang='lat' dir='ltr'><strong>Messio</strong></span> <span class='ocrx_word' id='word_1_187' title='bbox 1333 1829 1510 1898; x_wconf 88' lang='lat' dir='ltr'><strong>derandae</strong></span> <span class='ocrx_word' id='word_1_188' title='bbox 1531 1842 1615 1899; x_wconf 89' lang='lat' dir='ltr'><strong>sunt</strong></span> <span class='ocrx_word' id='word_1_189' title='bbox 1634 1831 1824 1900; x_wconf 90' lang='lat' dir='ltr'><strong>verborum</strong></span> <span class='ocrx_word' id='word_1_190' title='bbox 1848 1829 2000 1919; x_wconf 89' lang='lat' dir='ltr'><strong>origines</strong></span> <span class='ocrx_word' id='word_1_191' title='bbox 2019 1842 2055 1899; x_wconf 95' lang='lat' dir='ltr'><strong>et</strong></span> <span class='ocrx_word' id='word_1_192' title='bbox 2073 1826 2259 1921; x_wconf 81' lang='lat' dir='ltr'><strong>emphases</strong></span> <span class='ocrx_word' id='word_1_193' title='bbox 2281 1832 2325 1903; x_wconf 83' lang='lat' dir='ltr'><strong>in</strong></span> 
     </span>
     <span class='ocr_line' id='line_1_16' title="bbox 297 1922 2325 2023; baseline -0.008 -5"><span class='ocrx_word' id='word_1_194' title='bbox 297 1922 538 2018; x_wconf 65' lang='lat' dir='ltr'><strong>testimonium</strong></span> <span class='ocrx_word' id='word_1_195' title='bbox 563 1950 598 2006; x_wconf 85' lang='lat' dir='ltr'><strong>et</strong></span> <span class='ocrx_word' id='word_1_196' title='bbox 624 1933 821 2004; x_wconf 80' lang='lat' dir='ltr'><strong>doctrinam</strong></span> <span class='ocrx_word' id='word_1_197' title='bbox 851 1930 1089 2000; x_wconf 86' lang='lat' dir='ltr'><strong>dulcissimam</strong></span> <span class='ocrx_word' id='word_1_198' title='bbox 1116 1928 1286 2011; x_wconf 89' lang='lat' dir='ltr'><strong>continet,</strong></span> <span class='ocrx_word' id='word_1_199' title='bbox 1334 1931 1419 2023; x_wconf 88' lang='lat' dir='ltr'><strong>ipsis</strong></span> <span class='ocrx_word' id='word_1_200' title='bbox 1439 1930 1617 2015; x_wconf 85' lang='lat' dir='ltr'><strong>fontibus,</strong></span> <span class='ocrx_word' id='word_1_201' title='bbox 1645 1932 1810 2000; x_wconf 89' lang='lat' dir='ltr'><strong>discenda</strong></span> <span class='ocrx_word' id='word_1_202' title='bbox 1833 1945 1885 2000; x_wconf 91' lang='lat' dir='ltr'><strong>est</strong></span> <span class='ocrx_word' id='word_1_203' title='bbox 1906 1930 2114 2023; x_wconf 83' lang='lat' dir='ltr'><strong>proprietas,</strong></span> <span class='ocrx_word' id='word_1_204' title='bbox 2139 1946 2174 2005; x_wconf 91' lang='lat' dir='ltr'><strong>et</strong></span> <span class='ocrx_word' id='word_1_205' title='bbox 2188 1932 2325 2002; x_wconf 82' lang='lat' dir='ltr'><strong>viden-</strong></span> 
     </span>
     <span class='ocr_line' id='line_1_17' title="bbox 296 2029 2326 2128; baseline -0.007 -11"><span class='ocrx_word' id='word_1_206' title='bbox 296 2041 528 2117; x_wconf 90' lang='lat' dir='ltr'><strong>hallucinatio</strong></span> <span class='ocrx_word' id='word_1_207' title='bbox 543 2038 633 2110; x_wconf 90' lang='lat' dir='ltr'><strong>iuste</strong></span> <span class='ocrx_word' id='word_1_208' title='bbox 648 2030 929 2128; x_wconf 86' lang='lat' dir='ltr'><strong>reprehenditur.</strong></span> <span class='ocrx_word' id='word_1_209' title='bbox 962 2029 1015 2101; x_wconf 91' lang='lat' dir='ltr'><strong>Ac</strong></span> <span class='ocrx_word' id='word_1_210' title='bbox 1027 2031 1156 2101; x_wconf 92' lang='lat' dir='ltr'><strong>similia</strong></span> <span class='ocrx_word' id='word_1_211' title='bbox 1170 2043 1284 2099; x_wconf 87' lang='lat' dir='ltr'><strong>errata</strong></span> <span class='ocrx_word' id='word_1_212' title='bbox 1334 2035 1441 2114; x_wconf 88' lang='lat' dir='ltr'><strong>dum,</strong></span> <span class='ocrx_word' id='word_1_213' title='bbox 1469 2031 1533 2101; x_wconf 91' lang='lat' dir='ltr'><strong>ubi</strong></span> <span class='ocrx_word' id='word_1_214' title='bbox 1555 2034 1813 2102; x_wconf 73' lang='lat' dir='ltr'><strong>transferantur</strong></span> <span class='ocrx_word' id='word_1_215' title='bbox 1828 2057 1931 2102; x_wconf 90' lang='lat' dir='ltr'><strong>voces</strong></span> <span class='ocrx_word' id='word_1_216' title='bbox 1953 2034 2126 2124; x_wconf 87' lang='lat' dir='ltr'><strong>singulae,</strong></span> <span class='ocrx_word' id='word_1_217' title='bbox 2151 2048 2213 2105; x_wconf 89' lang='lat' dir='ltr'><strong>aut</strong></span> <span class='ocrx_word' id='word_1_218' title='bbox 2235 2035 2326 2104; x_wconf 89' lang='lat' dir='ltr'><strong>iun-</strong></span> 
     </span>
     <span class='ocr_line' id='line_1_18' title="bbox 296 2129 2323 2238; baseline -0.012 -19"><span class='ocrx_word' id='word_1_219' title='bbox 296 2140 597 2238; x_wconf 87' lang='lat' dir='ltr'><strong>interprctationis</strong></span> <span class='ocrx_word' id='word_1_220' title='bbox 614 2150 769 2210; x_wconf 86' lang='lat' dir='ltr'><strong>vetustae</strong></span> <span class='ocrx_word' id='word_1_221' title='bbox 781 2133 936 2206; x_wconf 83' lang='lat' dir='ltr'><strong>Graecae</strong></span> <span class='ocrx_word' id='word_1_222' title='bbox 951 2147 985 2203; x_wconf 91' lang='lat' dir='ltr'><strong>et</strong></span> <span class='ocrx_word' id='word_1_223' title='bbox 1003 2130 1150 2202; x_wconf 86' lang='lat' dir='ltr'><strong>Latinae</strong></span> <span class='ocrx_word' id='word_1_224' title='bbox 1176 2129 1285 2200; x_wconf 90' lang='lat' dir='ltr'><strong>multa</strong></span> <span class='ocrx_word' id='word_1_225' title='bbox 1334 2147 1428 2217; x_wconf 86' lang='lat' dir='ltr'><strong>ctae,</strong></span> <span class='ocrx_word' id='word_1_226' title='bbox 1454 2133 1628 2203; x_wconf 90' lang='lat' dir='ltr'><strong>allusione</strong></span> <span class='ocrx_word' id='word_1_227' title='bbox 1642 2150 1677 2205; x_wconf 91' lang='lat' dir='ltr'><strong>et</strong></span> <span class='ocrx_word' id='word_1_228' title='bbox 1690 2135 1811 2224; x_wconf 90' lang='lat' dir='ltr'><strong>figuris</strong></span> <span class='ocrx_word' id='word_1_229' title='bbox 1826 2134 1868 2203; x_wconf 89' lang='lat' dir='ltr'><strong>ad</strong></span> <span class='ocrx_word' id='word_1_230' title='bbox 1887 2134 2021 2205; x_wconf 88' lang='lat' dir='ltr'><strong>vicinas</strong></span> <span class='ocrx_word' id='word_1_231' title='bbox 2036 2136 2323 2227; x_wconf 68' lang='lat' dir='ltr'><strong>significationes,</strong></span> 
     </span>
     <span class='ocr_line' id='line_1_19' title="bbox 297 2229 2350 2336; baseline -0.015 -16"><span class='ocrx_word' id='word_1_232' title='bbox 297 2246 439 2320; x_wconf 88' lang='lat' dir='ltr'><strong>recitari</strong></span> <span class='ocrx_word' id='word_1_233' title='bbox 453 2254 603 2336; x_wconf 84' lang='lat' dir='ltr'><strong>possent.</strong></span> <span class='ocrx_word' id='word_1_234' title='bbox 635 2236 784 2326; x_wconf 88' lang='lat' dir='ltr'><strong>Quoties</strong></span> <span class='ocrx_word' id='word_1_235' title='bbox 798 2237 904 2306; x_wconf 92' lang='lat' dir='ltr'><strong>etiam</strong></span> <span class='ocrx_word' id='word_1_236' title='bbox 919 2234 1056 2317; x_wconf 88' lang='lat' dir='ltr'><strong>accidit,</strong></span> <span class='ocrx_word' id='word_1_237' title='bbox 1075 2245 1115 2301; x_wconf 91' lang='lat' dir='ltr'><strong>ut</strong></span> <span class='ocrx_word' id='word_1_238' title='bbox 1129 2231 1285 2300; x_wconf 89' lang='lat' dir='ltr'><strong>membra</strong></span> <span class='ocrx_word' id='word_1_239' title='bbox 1335 2229 1497 2305; x_wconf 85' lang='lat' dir='ltr'><strong>Omnino</strong></span> <span class='ocrx_word' id='word_1_240' title='bbox 1521 2236 1709 2326; x_wconf 71' lang='lat' dir='ltr'><strong>peculiaris</strong></span> <span class='ocrx_word' id='word_1_241' title='bbox 1729 2238 1841 2306; x_wconf 72' lang='lat' dir='ltr'><strong>forma</strong></span> <span class='ocrx_word' id='word_1_242' title='bbox 1867 2250 1919 2306; x_wconf 71' lang='lat' dir='ltr'><strong>eut</strong></span> <span class='ocrx_word' id='word_1_243' title='bbox 1938 2237 2131 2324; x_wconf 55' lang='lat' dir='ltr'><strong>untionis,</strong></span> <span class='ocrx_word' id='word_1_244' title='bbox 2157 2238 2323 2329; x_wconf 47' lang='lat' dir='ltr'><strong>gavini.</strong></span> <span class='ocrx_word' id='word_1_245' title='bbox 2345 2312 2350 2327; x_wconf 58' lang='lat'><em>„</em></span> 
     </span>
     <span class='ocr_line' id='line_1_20' title="bbox 296 2332 2325 2437; baseline -0.007 -17"><span class='ocrx_word' id='word_1_246' title='bbox 296 2353 336 2420; x_wconf 92' lang='lat' dir='ltr'><strong>in</strong></span> <span class='ocrx_word' id='word_1_247' title='bbox 353 2342 643 2437; x_wconf 88' lang='lat' dir='ltr'><strong>interpretatione</strong></span> <span class='ocrx_word' id='word_1_248' title='bbox 659 2350 904 2429; x_wconf 89' lang='lat' dir='ltr'><strong>compareant,</strong></span> <span class='ocrx_word' id='word_1_249' title='bbox 927 2348 961 2404; x_wconf 90' lang='lat' dir='ltr'><strong>et</strong></span> <span class='ocrx_word' id='word_1_250' title='bbox 979 2348 1096 2404; x_wconf 90' lang='lat' dir='ltr'><strong>tamen</strong></span> <span class='ocrx_word' id='word_1_251' title='bbox 1112 2332 1284 2404; x_wconf 89' lang='lat' dir='ltr'><strong>sententia</strong></span> <span class='ocrx_word' id='word_1_252' title='bbox 1334 2361 1412 2406; x_wconf 91' lang='lat' dir='ltr'><strong>mae</strong></span> <span class='ocrx_word' id='word_1_253' title='bbox 1427 2336 1524 2405; x_wconf 90' lang='lat' dir='ltr'><strong>illius</strong></span> <span class='ocrx_word' id='word_1_254' title='bbox 1539 2337 1772 2430; x_wconf 90' lang='lat' dir='ltr'><strong>antiquitatis,</strong></span> <span class='ocrx_word' id='word_1_255' title='bbox 1797 2338 1925 2423; x_wconf 87' lang='lat' dir='ltr'><strong>brevis,</strong></span> <span class='ocrx_word' id='word_1_256' title='bbox 1950 2340 2108 2411; x_wconf 91' lang='lat' dir='ltr'><strong>conferta</strong></span> <span class='ocrx_word' id='word_1_257' title='bbox 2124 2342 2240 2425; x_wconf 88' lang='lat' dir='ltr'><strong>rebus,</strong></span> <span class='ocrx_word' id='word_1_258' title='bbox 2263 2364 2325 2408; x_wconf 83' lang='lat' dir='ltr'><strong>ve-</strong></span> 
     </span>
     <span class='ocr_line' id='line_1_21' title="bbox 296 2432 2323 2534; baseline -0.013 -11"><span class='ocrx_word' id='word_1_259' title='bbox 296 2473 371 2522; x_wconf 88' lang='lat' dir='ltr'><strong>nun</strong></span> <span class='ocrx_word' id='word_1_260' title='bbox 386 2445 606 2534; x_wconf 89' lang='lat' dir='ltr'><strong>intelligatur</strong></span> <span class='ocrx_word' id='word_1_261' title='bbox 620 2439 666 2509; x_wconf 92' lang='lat' dir='ltr'><strong>ab</strong></span> <span class='ocrx_word' id='word_1_262' title='bbox 683 2439 727 2506; x_wconf 92' lang='lat' dir='ltr'><strong>iis</strong></span> <span class='ocrx_word' id='word_1_263' title='bbox 741 2439 803 2530; x_wconf 92' lang='lat' dir='ltr'><strong>qui</strong></span> <span class='ocrx_word' id='word_1_264' title='bbox 821 2432 967 2529; x_wconf 88' lang='lat' dir='ltr'><strong>phrasin</strong></span> <span class='ocrx_word' id='word_1_265' title='bbox 990 2458 1064 2504; x_wconf 93' lang='lat' dir='ltr'><strong>non</strong></span> <span class='ocrx_word' id='word_1_266' title='bbox 1082 2446 1286 2523; x_wconf 89' lang='lat' dir='ltr'><strong>agnoscunt,</strong></span> <span class='ocrx_word' id='word_1_267' title='bbox 1334 2440 1499 2522; x_wconf 86' lang='lat' dir='ltr'><strong>reconda,</strong></span> <span class='ocrx_word' id='word_1_268' title='bbox 1520 2461 1597 2507; x_wconf 90' lang='lat' dir='ltr'><strong>non</strong></span> <span class='ocrx_word' id='word_1_269' title='bbox 1611 2439 1796 2529; x_wconf 92' lang='lat' dir='ltr'><strong>ambigua,</strong></span> <span class='ocrx_word' id='word_1_270' title='bbox 1820 2440 1880 2508; x_wconf 89' lang='lat' dir='ltr'><strong>sed</strong></span> <span class='ocrx_word' id='word_1_271' title='bbox 1897 2440 1983 2510; x_wconf 90' lang='lat' dir='ltr'><strong>alibi</strong></span> <span class='ocrx_word' id='word_1_272' title='bbox 1997 2444 2157 2534; x_wconf 78' lang='lat' dir='ltr'><strong>proprie,</strong></span> <span class='ocrx_word' id='word_1_273' title='bbox 2183 2442 2323 2531; x_wconf 64' lang='lat' dir='ltr'><strong>signate</strong></span> 
     </span>
     <span class='ocr_line' id='line_1_22' title="bbox 296 2536 2324 2633; baseline -0.012 -9"><span class='ocrx_word' id='word_1_274' title='bbox 296 2566 335 2624; x_wconf 90' lang='lat' dir='ltr'><strong>ut</strong></span> <span class='ocrx_word' id='word_1_275' title='bbox 354 2551 394 2618; x_wconf 95' lang='lat' dir='ltr'><strong>in</strong></span> <span class='ocrx_word' id='word_1_276' title='bbox 410 2546 568 2618; x_wconf 89' lang='lat' dir='ltr'><strong>Psalmo:</strong></span> <span class='ocrx_word' id='word_1_277' title='bbox 594 2541 634 2613; x_wconf 83' lang='lat' dir='ltr'><strong>si</strong></span> <span class='ocrx_word' id='word_1_278' title='bbox 658 2539 841 2610; x_wconf 85' lang='lat' dir='ltr'><strong>dormietis</strong></span> <span class='ocrx_word' id='word_1_279' title='bbox 866 2539 960 2608; x_wconf 91' lang='lat' dir='ltr'><strong>iuter</strong></span> <span class='ocrx_word' id='word_1_280' title='bbox 978 2536 1115 2606; x_wconf 91' lang='lat' dir='ltr'><strong>medios</strong></span> <span class='ocrx_word' id='word_1_281' title='bbox 1130 2537 1285 2630; x_wconf 85' lang='lat' dir='ltr'><strong>clypeos,</strong></span> <span class='ocrx_word' id='word_1_282' title='bbox 1335 2553 1369 2609; x_wconf 93' lang='lat' dir='ltr'><strong>et</strong></span> <span class='ocrx_word' id='word_1_283' title='bbox 1382 2539 1538 2610; x_wconf 92' lang='lat' dir='ltr'><strong>dilucide</strong></span> <span class='ocrx_word' id='word_1_284' title='bbox 1560 2563 1763 2633; x_wconf 89' lang='lat' dir='ltr'><strong>proponens</strong></span> <span class='ocrx_word' id='word_1_285' title='bbox 1783 2541 1876 2632; x_wconf 89' lang='lat' dir='ltr'><strong>leges</strong></span> <span class='ocrx_word' id='word_1_286' title='bbox 1900 2555 1936 2612; x_wconf 96' lang='lat' dir='ltr'><strong>et</strong></span> <span class='ocrx_word' id='word_1_287' title='bbox 1950 2543 2131 2632; x_wconf 82' lang='lat' dir='ltr'><strong>dogmata,</strong></span> <span class='ocrx_word' id='word_1_288' title='bbox 2155 2543 2244 2612; x_wconf 78' lang='lat' dir='ltr'><strong>alibi</strong></span> <span class='ocrx_word' id='word_1_289' title='bbox 2268 2564 2324 2613; x_wconf 68' lang='lat' dir='ltr'><strong>m</strong></span> 
     </span>
     <span class='ocr_line' id='line_1_23' title="bbox 296 2637 2323 2748; baseline -0.006 -24"><span class='ocrx_word' id='word_1_290' title='bbox 296 2673 432 2748; x_wconf 90' lang='lat' dir='ltr'><strong>pennae</strong></span> <span class='ocrx_word' id='word_1_291' title='bbox 456 2645 640 2718; x_wconf 86' lang='lat' dir='ltr'><strong>columbae</strong></span> <span class='ocrx_word' id='word_1_292' title='bbox 657 2641 754 2711; x_wconf 88' lang='lat' dir='ltr'><strong>velut</strong></span> <span class='ocrx_word' id='word_1_293' title='bbox 777 2653 959 2729; x_wconf 89' lang='lat' dir='ltr'><strong>argentum</strong></span> <span class='ocrx_word' id='word_1_294' title='bbox 976 2651 1011 2707; x_wconf 91' lang='lat' dir='ltr'><strong>et</strong></span> <span class='ocrx_word' id='word_1_295' title='bbox 1032 2661 1158 2707; x_wconf 81' lang='lat' dir='ltr'><strong>auriam</strong></span> <span class='ocrx_word' id='word_1_296' title='bbox 1173 2637 1285 2726; x_wconf 90' lang='lat' dir='ltr'><strong>fulge-</strong></span> <span class='ocrx_word' id='word_1_297' title='bbox 1335 2642 1472 2711; x_wconf 89' lang='lat' dir='ltr'><strong>easdem</strong></span> <span class='ocrx_word' id='word_1_298' title='bbox 1490 2640 1704 2710; x_wconf 88' lang='lat' dir='ltr'><strong>dulcissimis</strong></span> <span class='ocrx_word' id='word_1_299' title='bbox 1721 2642 1841 2731; x_wconf 88' lang='lat' dir='ltr'><strong>liguris</strong></span> <span class='ocrx_word' id='word_1_300' title='bbox 1858 2643 2021 2734; x_wconf 86' lang='lat' dir='ltr'><strong>pingens:</strong></span> <span class='ocrx_word' id='word_1_301' title='bbox 2047 2668 2138 2738; x_wconf 90' lang='lat' dir='ltr'><strong>quae</strong></span> <span class='ocrx_word' id='word_1_302' title='bbox 2152 2645 2203 2716; x_wconf 89' lang='lat' dir='ltr'><strong>ita</strong></span> <span class='ocrx_word' id='word_1_303' title='bbox 2217 2638 2323 2716; x_wconf 88' lang='lat' dir='ltr'><strong>adhi-</strong></span> 
     </span>
     <span class='ocr_line' id='line_1_24' title="bbox 294 2738 2321 2839; baseline -0.008 -13"><span class='ocrx_word' id='word_1_304' title='bbox 294 2758 399 2827; x_wconf 89' lang='lat' dir='ltr'><strong>bunt.</strong></span> <span class='ocrx_word' id='word_1_305' title='bbox 448 2747 560 2821; x_wconf 88' lang='lat' dir='ltr'><strong>Recte</strong></span> <span class='ocrx_word' id='word_1_306' title='bbox 581 2745 689 2814; x_wconf 88' lang='lat' dir='ltr'><strong>verba</strong></span> <span class='ocrx_word' id='word_1_307' title='bbox 711 2741 849 2812; x_wconf 91' lang='lat' dir='ltr'><strong>reddita</strong></span> <span class='ocrx_word' id='word_1_308' title='bbox 865 2752 968 2824; x_wconf 89' lang='lat' dir='ltr'><strong>sunt,</strong></span> <span class='ocrx_word' id='word_1_309' title='bbox 994 2739 1055 2807; x_wconf 88' lang='lat' dir='ltr'><strong>sed</strong></span> <span class='ocrx_word' id='word_1_310' title='bbox 1078 2738 1164 2831; x_wconf 92' lang='lat' dir='ltr'><strong>quid</strong></span> <span class='ocrx_word' id='word_1_311' title='bbox 1187 2738 1285 2807; x_wconf 88' lang='lat' dir='ltr'><strong>dica·</strong></span> <span class='ocrx_word' id='word_1_312' title='bbox 1335 2744 1481 2828; x_wconf 90' lang='lat' dir='ltr'><strong>bentur,</strong></span> <span class='ocrx_word' id='word_1_313' title='bbox 1505 2754 1547 2811; x_wconf 95' lang='lat' dir='ltr'><strong>ut</strong></span> <span class='ocrx_word' id='word_1_314' title='bbox 1566 2742 1689 2812; x_wconf 89' lang='lat' dir='ltr'><strong>lumen</strong></span> <span class='ocrx_word' id='word_1_315' title='bbox 1716 2745 1788 2812; x_wconf 92' lang='lat' dir='ltr'><strong>sint</strong></span> <span class='ocrx_word' id='word_1_316' title='bbox 1814 2768 1935 2814; x_wconf 89' lang='lat' dir='ltr'><strong>eorum</strong></span> <span class='ocrx_word' id='word_1_317' title='bbox 1957 2771 2047 2839; x_wconf 92' lang='lat' dir='ltr'><strong>quae</strong></span> <span class='ocrx_word' id='word_1_318' title='bbox 2067 2747 2155 2816; x_wconf 91' lang='lat' dir='ltr'><strong>alibi</strong></span> <span class='ocrx_word' id='word_1_319' title='bbox 2176 2746 2321 2839; x_wconf 84' lang='lat' dir='ltr'><strong>proprio</strong></span> 
     </span>
     <span class='ocr_line' id='line_1_25' title="bbox 295 2835 2323 2941; baseline -0.008 -11"><span class='ocrx_word' id='word_1_320' title='bbox 295 2873 373 2941; x_wconf 91' lang='lat' dir='ltr'><strong>tur,</strong></span> <span class='ocrx_word' id='word_1_321' title='bbox 398 2849 519 2923; x_wconf 87' lang='lat' dir='ltr'><strong>Latini</strong></span> <span class='ocrx_word' id='word_1_322' title='bbox 533 2845 716 2926; x_wconf 85' lang='lat' dir='ltr'><strong>homines,</strong></span> <span class='ocrx_word' id='word_1_323' title='bbox 743 2841 858 2934; x_wconf 92' lang='lat' dir='ltr'><strong>ignari</strong></span> <span class='ocrx_word' id='word_1_324' title='bbox 875 2840 1142 2911; x_wconf 90' lang='lat' dir='ltr'><strong>consuetudinis</strong></span> <span class='ocrx_word' id='word_1_325' title='bbox 1156 2835 1286 2909; x_wconf 88' lang='lat' dir='ltr'><strong>Ebrai-</strong></span> <span class='ocrx_word' id='word_1_326' title='bbox 1335 2867 1496 2913; x_wconf 88' lang='lat' dir='ltr'><strong>sermone</strong></span> <span class='ocrx_word' id='word_1_327' title='bbox 1511 2843 1699 2927; x_wconf 90' lang='lat' dir='ltr'><strong>dicuntur,</strong></span> <span class='ocrx_word' id='word_1_328' title='bbox 1724 2868 1798 2914; x_wconf 91' lang='lat' dir='ltr'><strong>non</strong></span> <span class='ocrx_word' id='word_1_329' title='bbox 1815 2859 1855 2916; x_wconf 92' lang='lat' dir='ltr'><strong>ut</strong></span> <span class='ocrx_word' id='word_1_330' title='bbox 1874 2847 2060 2919; x_wconf 87' lang='lat' dir='ltr'><strong>offundant</strong></span> <span class='ocrx_word' id='word_1_331' title='bbox 2080 2848 2264 2930; x_wconf 86' lang='lat' dir='ltr'><strong>tenebras,</strong></span> <span class='ocrx_word' id='word_1_332' title='bbox 2291 2860 2323 2917; x_wconf 91' lang='lat' dir='ltr'><strong>et</strong></span> 
     </span>
     <span class='ocr_line' id='line_1_26' title="bbox 295 2939 2323 3041; baseline -0.011 -12"><span class='ocrx_word' id='word_1_333' title='bbox 295 2983 375 3041; x_wconf 89' lang='lat' dir='ltr'><strong>cac,</strong></span> <span class='ocrx_word' id='word_1_334' title='bbox 402 2952 560 3024; x_wconf 86' lang='lat' dir='ltr'><strong>iudicare</strong></span> <span class='ocrx_word' id='word_1_335' title='bbox 581 2972 655 3018; x_wconf 88' lang='lat' dir='ltr'><strong>nou</strong></span> <span class='ocrx_word' id='word_1_336' title='bbox 676 2957 835 3037; x_wconf 90' lang='lat' dir='ltr'><strong>possunt,</strong></span> <span class='ocrx_word' id='word_1_337' title='bbox 887 2940 997 3014; x_wconf 88' lang='lat' dir='ltr'><strong>Aliud</strong></span> <span class='ocrx_word' id='word_1_338' title='bbox 1014 2942 1123 3031; x_wconf 91' lang='lat' dir='ltr'><strong>igitur</strong></span> <span class='ocrx_word' id='word_1_339' title='bbox 1135 2942 1198 3011; x_wconf 90' lang='lat' dir='ltr'><strong>alii</strong></span> <span class='ocrx_word' id='word_1_340' title='bbox 1215 2939 1286 3011; x_wconf 88' lang='lat' dir='ltr'><strong>La·</strong></span> <span class='ocrx_word' id='word_1_341' title='bbox 1336 2969 1378 3014; x_wconf 82' lang='lat' dir='ltr'><strong>ex</strong></span> <span class='ocrx_word' id='word_1_342' title='bbox 1392 2944 1496 3016; x_wconf 92' lang='lat' dir='ltr'><strong>certis</strong></span> <span class='ocrx_word' id='word_1_343' title='bbox 1512 2944 1736 3034; x_wconf 90' lang='lat' dir='ltr'><strong>dogmatibus</strong></span> <span class='ocrx_word' id='word_1_344' title='bbox 1750 2947 1881 3018; x_wconf 86' lang='lat' dir='ltr'><strong>faciant</strong></span> <span class='ocrx_word' id='word_1_345' title='bbox 1898 2950 2071 3040; x_wconf 86' lang='lat' dir='ltr'><strong>ambigua.</strong></span> <span class='ocrx_word' id='word_1_346' title='bbox 2121 2947 2209 3021; x_wconf 77' lang='lat' dir='ltr'><strong>Vult</strong></span> <span class='ocrx_word' id='word_1_347' title='bbox 2224 2946 2323 3018; x_wconf 61' lang='lat' dir='ltr'><strong>Deus</strong></span> 
     </span>
     <span class='ocr_line' id='line_1_27' title="bbox 296 3043 2322 3142; baseline -0.012 -15"><span class='ocrx_word' id='word_1_348' title='bbox 296 3059 365 3127; x_wconf 92' lang='lat' dir='ltr'><strong>tini</strong></span> <span class='ocrx_word' id='word_1_349' title='bbox 391 3057 431 3125; x_wconf 89' lang='lat' dir='ltr'><strong>in</strong></span> <span class='ocrx_word' id='word_1_350' title='bbox 460 3051 661 3123; x_wconf 89' lang='lat' dir='ltr'><strong>enarrando</strong></span> <span class='ocrx_word' id='word_1_351' title='bbox 687 3047 927 3118; x_wconf 89' lang='lat' dir='ltr'><strong>somniarunt:</strong></span> <span class='ocrx_word' id='word_1_352' title='bbox 959 3046 1020 3113; x_wconf 91' lang='lat' dir='ltr'><strong>sed</strong></span> <span class='ocrx_word' id='word_1_353' title='bbox 1042 3043 1105 3137; x_wconf 92' lang='lat' dir='ltr'><strong>qui</strong></span> <span class='ocrx_word' id='word_1_354' title='bbox 1129 3043 1286 3133; x_wconf 92' lang='lat' dir='ltr'><strong>agnoscit</strong></span> <span class='ocrx_word' id='word_1_355' title='bbox 1335 3070 1435 3116; x_wconf 87' lang='lat' dir='ltr'><strong>suam</strong></span> <span class='ocrx_word' id='word_1_356' title='bbox 1451 3046 1662 3115; x_wconf 88' lang='lat' dir='ltr'><strong>sententiam</strong></span> <span class='ocrx_word' id='word_1_357' title='bbox 1678 3047 1715 3116; x_wconf 92' lang='lat' dir='ltr'><strong>in</strong></span> <span class='ocrx_word' id='word_1_358' title='bbox 1733 3047 1809 3138; x_wconf 87' lang='lat' dir='ltr'><strong>lege</strong></span> <span class='ocrx_word' id='word_1_359' title='bbox 1821 3062 1855 3118; x_wconf 91' lang='lat' dir='ltr'><strong>et</strong></span> <span class='ocrx_word' id='word_1_360' title='bbox 1870 3052 2103 3142; x_wconf 65' lang='lat' dir='ltr'><strong>promissione</strong></span> <span class='ocrx_word' id='word_1_361' title='bbox 2114 3050 2322 3121; x_wconf 56' lang='lat' dir='ltr'><strong>reconcilia.</strong></span> 
     </span>
     <span class='ocr_line' id='line_1_28' title="bbox 297 3143 2324 3249; baseline -0.008 -22"><span class='ocrx_word' id='word_1_362' title='bbox 297 3153 463 3249; x_wconf 89' lang='lat' dir='ltr'><strong>phrasin,</strong></span> <span class='ocrx_word' id='word_1_363' title='bbox 489 3151 658 3238; x_wconf 91' lang='lat' dir='ltr'><strong>intelligit</strong></span> <span class='ocrx_word' id='word_1_364' title='bbox 681 3151 725 3218; x_wconf 88' lang='lat' dir='ltr'><strong>de</strong></span> <span class='ocrx_word' id='word_1_365' title='bbox 747 3149 900 3219; x_wconf 82' lang='lat' dir='ltr'><strong>exercitu</strong></span> <span class='ocrx_word' id='word_1_366' title='bbox 922 3146 1005 3217; x_wconf 84' lang='lat' dir='ltr'><strong>dici.</strong></span> <span class='ocrx_word' id='word_1_367' title='bbox 1057 3144 1098 3216; x_wconf 87' lang='lat' dir='ltr'><strong>si</strong></span> <span class='ocrx_word' id='word_1_368' title='bbox 1113 3143 1286 3231; x_wconf 88' lang='lat' dir='ltr'><strong>iacebitis,</strong></span> <span class='ocrx_word' id='word_1_369' title='bbox 1335 3147 1444 3219; x_wconf 89' lang='lat' dir='ltr'><strong>tionis</strong></span> <span class='ocrx_word' id='word_1_370' title='bbox 1465 3161 1595 3218; x_wconf 91' lang='lat' dir='ltr'><strong>certam</strong></span> <span class='ocrx_word' id='word_1_371' title='bbox 1620 3160 1655 3219; x_wconf 94' lang='lat' dir='ltr'><strong>et</strong></span> <span class='ocrx_word' id='word_1_372' title='bbox 1677 3150 1881 3240; x_wconf 86' lang='lat' dir='ltr'><strong>explicatam</strong></span> <span class='ocrx_word' id='word_1_373' title='bbox 1909 3175 2003 3237; x_wconf 89' lang='lat' dir='ltr'><strong>esse,</strong></span> <span class='ocrx_word' id='word_1_374' title='bbox 2035 3178 2109 3224; x_wconf 90' lang='lat' dir='ltr'><strong>non</strong></span> <span class='ocrx_word' id='word_1_375' title='bbox 2134 3152 2226 3224; x_wconf 93' lang='lat' dir='ltr'><strong>ludit</strong></span> <span class='ocrx_word' id='word_1_376' title='bbox 2249 3174 2324 3220; x_wconf 76' lang='lat' dir='ltr'><strong>am.</strong></span> 
     </span>
     <span class='ocr_line' id='line_1_29' title="bbox 298 3243 2324 3347; baseline -0.009 -18"><span class='ocrx_word' id='word_1_377' title='bbox 298 3261 334 3329; x_wconf 90' lang='lat' dir='ltr'><strong>id</strong></span> <span class='ocrx_word' id='word_1_378' title='bbox 351 3270 422 3339; x_wconf 92' lang='lat' dir='ltr'><strong>est,</strong></span> <span class='ocrx_word' id='word_1_379' title='bbox 448 3253 478 3322; x_wconf 90' lang='lat' dir='ltr'><strong>si</strong></span> <span class='ocrx_word' id='word_1_380' title='bbox 492 3262 602 3320; x_wconf 89' lang='lat' dir='ltr'><strong>castra</strong></span> <span class='ocrx_word' id='word_1_381' title='bbox 616 3243 797 3317; x_wconf 89' lang='lat' dir='ltr'><strong>habebunt</strong></span> <span class='ocrx_word' id='word_1_382' title='bbox 813 3246 993 3318; x_wconf 79' lang='lat' dir='ltr'><strong>Ecclesiae</strong></span> <span class='ocrx_word' id='word_1_383' title='bbox 1008 3246 1137 3338; x_wconf 90' lang='lat' dir='ltr'><strong>passim</strong></span> <span class='ocrx_word' id='word_1_384' title='bbox 1150 3247 1189 3314; x_wconf 90' lang='lat' dir='ltr'><strong>iu</strong></span> <span class='ocrx_word' id='word_1_385' title='bbox 1204 3244 1288 3313; x_wconf 90' lang='lat' dir='ltr'><strong>tini-</strong></span> <span class='ocrx_word' id='word_1_386' title='bbox 1337 3250 1441 3340; x_wconf 89' lang='lat' dir='ltr'><strong>bigue</strong></span> <span class='ocrx_word' id='word_1_387' title='bbox 1455 3249 1578 3333; x_wconf 88' lang='lat' dir='ltr'><strong>dictis,</strong></span> <span class='ocrx_word' id='word_1_388' title='bbox 1602 3273 1677 3320; x_wconf 91' lang='lat' dir='ltr'><strong>uon</strong></span> <span class='ocrx_word' id='word_1_389' title='bbox 1690 3250 1843 3321; x_wconf 86' lang='lat' dir='ltr'><strong>offundit</strong></span> <span class='ocrx_word' id='word_1_390' title='bbox 1855 3255 2081 3347; x_wconf 84' lang='lat' dir='ltr'><strong>praestigias,</strong></span> <span class='ocrx_word' id='word_1_391' title='bbox 2107 3279 2180 3324; x_wconf 84' lang='lat' dir='ltr'><strong>nun</strong></span> <span class='ocrx_word' id='word_1_392' title='bbox 2197 3253 2324 3323; x_wconf 69' lang='lat' dir='ltr'><strong>extruit</strong></span> 
     </span>
     <span class='ocr_line' id='line_1_30' title="bbox 296 3345 2322 3451; baseline -0.019 -19"><span class='ocrx_word' id='word_1_393' title='bbox 296 3364 376 3451; x_wconf 90' lang='lat' dir='ltr'><strong>bus,</strong></span> <span class='ocrx_word' id='word_1_394' title='bbox 401 3357 520 3436; x_wconf 88' lang='lat' dir='ltr'><strong>idest,</strong></span> <span class='ocrx_word' id='word_1_395' title='bbox 547 3348 753 3442; x_wconf 87' lang='lat' dir='ltr'><strong>provinciis,</strong></span> <span class='ocrx_word' id='word_1_396' title='bbox 776 3347 962 3435; x_wconf 89' lang='lat' dir='ltr'><strong>fulgebunt</strong></span> <span class='ocrx_word' id='word_1_397' title='bbox 976 3348 1078 3427; x_wconf 86' lang='lat' dir='ltr'><strong>acies,</strong></span> <span class='ocrx_word' id='word_1_398' title='bbox 1103 3360 1145 3417; x_wconf 96' lang='lat' dir='ltr'><strong>ut</strong></span> <span class='ocrx_word' id='word_1_399' title='bbox 1160 3370 1286 3416; x_wconf 90' lang='lat' dir='ltr'><strong>aurum</strong></span> <span class='ocrx_word' id='word_1_400' title='bbox 1336 3345 1578 3443; x_wconf 84' lang='lat' dir='ltr'><strong>labyrinthos,</strong></span> <span class='ocrx_word' id='word_1_401' title='bbox 1612 3354 1671 3419; x_wconf 89' lang='lat' dir='ltr'><strong>sed</strong></span> <span class='ocrx_word' id='word_1_402' title='bbox 1697 3351 1803 3441; x_wconf 85' lang='lat' dir='ltr'><strong>plane</strong></span> <span class='ocrx_word' id='word_1_403' title='bbox 1830 3350 2082 3439; x_wconf 56' lang='lat' dir='ltr'><strong>concionatur,</strong></span> <span class='ocrx_word' id='word_1_404' title='bbox 2116 3370 2156 3427; x_wconf 62' lang='lat' dir='ltr'><strong>u,</strong></span> <span class='ocrx_word' id='word_1_405' title='bbox 2184 3369 2322 3425; x_wconf 61' lang='lat' dir='ltr'><strong>mm</strong></span> 
     </span>
     <span class='ocr_line' id='line_1_31' title="bbox 297 3444 2322 3550; baseline -0.011 -17"><span class='ocrx_word' id='word_1_406' title='bbox 297 3477 331 3533; x_wconf 89' lang='lat' dir='ltr'><strong>et</strong></span> <span class='ocrx_word' id='word_1_407' title='bbox 344 3470 541 3550; x_wconf 88' lang='lat' dir='ltr'><strong>argentum.</strong></span> <span class='ocrx_word' id='word_1_408' title='bbox 567 3449 676 3542; x_wconf 87' lang='lat' dir='ltr'><strong>Apud</strong></span> <span class='ocrx_word' id='word_1_409' title='bbox 689 3445 832 3518; x_wconf 83' lang='lat' dir='ltr'><strong>Esaiam</strong></span> <span class='ocrx_word' id='word_1_410' title='bbox 848 3447 992 3536; x_wconf 86' lang='lat' dir='ltr'><strong>legitur:</strong></span> <span class='ocrx_word' id='word_1_411' title='bbox 1017 3444 1287 3518; x_wconf 88' lang='lat' dir='ltr'><strong>Consummatio</strong></span> <span class='ocrx_word' id='word_1_412' title='bbox 1336 3464 1474 3522; x_wconf 83' lang='lat' dir='ltr'><strong>mentes</strong></span> <span class='ocrx_word' id='word_1_413' title='bbox 1495 3474 1575 3522; x_wconf 85' lang='lat' dir='ltr'><strong>eum</strong></span> <span class='ocrx_word' id='word_1_414' title='bbox 1598 3450 1781 3536; x_wconf 83' lang='lat' dir='ltr'><strong>invocare,</strong></span> <span class='ocrx_word' id='word_1_415' title='bbox 1807 3462 1842 3519; x_wconf 93' lang='grc' dir='ltr'><strong>ιι</strong></span> <span class='ocrx_word' id='word_1_416' title='bbox 1862 3462 1991 3520; x_wconf 88' lang='lat' dir='ltr'><strong>certam</strong></span> <span class='ocrx_word' id='word_1_417' title='bbox 2012 3453 2058 3523; x_wconf 91' lang='lat' dir='ltr'><strong>de</strong></span> <span class='ocrx_word' id='word_1_418' title='bbox 2076 3456 2155 3527; x_wconf 68' lang='lat' dir='ltr'><strong>eiua</strong></span> <span class='ocrx_word' id='word_1_419' title='bbox 2169 3457 2322 3526; x_wconf 62' lang='lat' dir='ltr'><strong>benum.</strong></span> 
     </span>
    </p>
   </div>
   <div class='ocr_carea' id='block_1_3' title="bbox 178 3548 2323 3644">
    <p class='ocr_par' dir='ltr' id='par_1_3' title="bbox 178 3548 2323 3644">
     <span class='ocr_line' id='line_1_32' title="bbox 178 3548 2323 3644; baseline -0.004 -10"><span class='ocrx_word' id='word_1_420' title='bbox 178 3578 187 3601; x_wconf 75' lang='grc'><strong>“</strong></span> <span class='ocrx_word' id='word_1_421' title='bbox 296 3560 498 3634; x_wconf 88' lang='lat' dir='ltr'><strong>abbreviata</strong></span> <span class='ocrx_word' id='word_1_422' title='bbox 530 3551 723 3625; x_wconf 79' lang='lat' dir='ltr'><strong>exundabit</strong></span> <span class='ocrx_word' id='word_1_423' title='bbox 750 3549 945 3638; x_wconf 89' lang='lat' dir='ltr'><strong>iusticiam,</strong></span> <span class='ocrx_word' id='word_1_424' title='bbox 976 3548 1106 3633; x_wconf 89' lang='lat' dir='ltr'><strong>idest,</strong></span> <span class='ocrx_word' id='word_1_425' title='bbox 1138 3549 1177 3617; x_wconf 91' lang='lat' dir='ltr'><strong>in</strong></span> <span class='ocrx_word' id='word_1_426' title='bbox 1202 3571 1289 3617; x_wconf 89' lang='lat' dir='ltr'><strong>con·</strong></span> <span class='ocrx_word' id='word_1_427' title='bbox 1338 3552 1447 3624; x_wconf 88' lang='lat' dir='ltr'><strong>leutia</strong></span> <span class='ocrx_word' id='word_1_428' title='bbox 1478 3553 1688 3625; x_wconf 86' lang='lat' dir='ltr'><strong>sententiam</strong></span> <span class='ocrx_word' id='word_1_429' title='bbox 1719 3550 1905 3642; x_wconf 90' lang='lat' dir='ltr'><strong>concipere</strong></span> <span class='ocrx_word' id='word_1_430' title='bbox 1927 3553 2074 3644; x_wconf 92' lang='lat' dir='ltr'><strong>possint.</strong></span> <span class='ocrx_word' id='word_1_431' title='bbox 2135 3557 2182 3629; x_wconf 93' lang='lat' dir='ltr'><strong>Ut</strong></span> <span class='ocrx_word' id='word_1_432' title='bbox 2209 3574 2323 3628; x_wconf 92' lang='lat' dir='ltr'><strong>autem</strong></span> 
     </span>
    </p>
   </div>
   <div class='ocr_carea' id='block_1_4' title="bbox 296 3649 2329 3847">
    <p class='ocr_par' dir='ltr' id='par_1_4' title="bbox 296 3649 2329 3847">
     <span class='ocr_line' id='line_1_33' title="bbox 296 3649 2326 3742; baseline -0.004 -7"><span class='ocrx_word' id='word_1_433' title='bbox 296 3660 557 3742; x_wconf 82' lang='lat' dir='ltr'><strong>summationc,</strong></span> <span class='ocrx_word' id='word_1_434' title='bbox 578 3651 647 3723; x_wconf 88' lang='lat' dir='ltr'><strong>hoc</strong></span> <span class='ocrx_word' id='word_1_435' title='bbox 670 3666 739 3738; x_wconf 90' lang='lat' dir='ltr'><strong>est,</strong></span> <span class='ocrx_word' id='word_1_436' title='bbox 771 3653 809 3720; x_wconf 95' lang='lat' dir='ltr'><strong>in</strong></span> <span class='ocrx_word' id='word_1_437' title='bbox 826 3650 898 3719; x_wconf 87' lang='lat' dir='ltr'><strong>fine</strong></span> <span class='ocrx_word' id='word_1_438' title='bbox 914 3663 950 3720; x_wconf 88' lang='lat' dir='ltr'><strong>et</strong></span> <span class='ocrx_word' id='word_1_439' title='bbox 973 3650 1121 3720; x_wconf 91' lang='lat' dir='ltr'><strong>interitu</strong></span> <span class='ocrx_word' id='word_1_440' title='bbox 1144 3650 1288 3740; x_wconf 90' lang='lat' dir='ltr'><strong>politiae</strong></span> <span class='ocrx_word' id='word_1_441' title='bbox 1337 3649 1423 3726; x_wconf 89' lang='lat' dir='ltr'><strong>haec</strong></span> <span class='ocrx_word' id='word_1_442' title='bbox 1445 3655 1620 3725; x_wconf 91' lang='lat' dir='ltr'><strong>certitudo</strong></span> <span class='ocrx_word' id='word_1_443' title='bbox 1641 3666 1803 3725; x_wconf 84' lang='lat' dir='ltr'><strong>teneatur</strong></span> <span class='ocrx_word' id='word_1_444' title='bbox 1817 3667 1851 3723; x_wconf 93' lang='grc' dir='ltr'><strong>ιι</strong></span> <span class='ocrx_word' id='word_1_445' title='bbox 1869 3652 2091 3742; x_wconf 73' lang='lat' dir='ltr'><strong>defendatur,</strong></span> <span class='ocrx_word' id='word_1_446' title='bbox 2120 3680 2262 3727; x_wconf 87' lang='lat' dir='ltr'><strong>necesse</strong></span> <span class='ocrx_word' id='word_1_447' title='bbox 2277 3668 2326 3727; x_wconf 89' lang='lat' dir='ltr'><strong>est</strong></span> 
     </span>
     <span class='ocr_line' id='line_1_34' title="bbox 297 3749 2329 3847; baseline -0.005 -11"><span class='ocrx_word' id='word_1_448' title='bbox 297 3764 477 3836; x_wconf 88' lang='lat' dir='ltr'><strong>Mosaicae</strong></span> <span class='ocrx_word' id='word_1_449' title='bbox 508 3757 720 3835; x_wconf 90' lang='lat' dir='ltr'><strong>constituto,</strong></span> <span class='ocrx_word' id='word_1_450' title='bbox 755 3753 892 3823; x_wconf 91' lang='lat' dir='ltr'><strong>iusticia</strong></span> <span class='ocrx_word' id='word_1_451' title='bbox 923 3751 1131 3822; x_wconf 79' lang='lat' dir='ltr'><strong>exundabit:</strong></span> <span class='ocrx_word' id='word_1_452' title='bbox 1166 3752 1202 3821; x_wconf 92' lang='lat' dir='ltr'><strong>id</strong></span> <span class='ocrx_word' id='word_1_453' title='bbox 1227 3763 1289 3836; x_wconf 87' lang='lat' dir='ltr'><strong>est,</strong></span> <span class='ocrx_word' id='word_1_454' title='bbox 1337 3754 1508 3825; x_wconf 91' lang='lat' dir='ltr'><strong>Doctores</strong></span> <span class='ocrx_word' id='word_1_455' title='bbox 1530 3757 1567 3825; x_wconf 90' lang='lat' dir='ltr'><strong>in</strong></span> <span class='ocrx_word' id='word_1_456' title='bbox 1586 3752 1742 3827; x_wconf 82' lang='lat' dir='ltr'><strong>Ecclesia</strong></span> <span class='ocrx_word' id='word_1_457' title='bbox 1762 3749 1911 3847; x_wconf 91' lang='lat' dir='ltr'><strong>phrasin</strong></span> <span class='ocrx_word' id='word_1_458' title='bbox 1930 3754 2004 3826; x_wconf 88' lang='lat' dir='ltr'><strong>eius</strong></span> <span class='ocrx_word' id='word_1_459' title='bbox 2023 3756 2165 3846; x_wconf 90' lang='lat' dir='ltr'><strong>linguae</strong></span> <span class='ocrx_word' id='word_1_460' title='bbox 2187 3756 2329 3826; x_wconf 86' lang='lat' dir='ltr'><strong>intelli-</strong></span> 
     </span>
    </p>
   </div>
   <div class='ocr_carea' id='block_1_5' title="bbox 160 3853 2329 3950">
    <p class='ocr_par' dir='ltr' id='par_1_5' title="bbox 160 3853 2329 3950">
     <span class='ocr_line' id='line_1_35' title="bbox 160 3853 2329 3950; baseline -0.006 -13"><span class='ocrx_word' id='word_1_461' title='bbox 160 3917 164 3925; x_wconf 78' lang='lat'><strong>,</strong></span> <span class='ocrx_word' id='word_1_462' title='bbox 298 3865 491 3937; x_wconf 91' lang='lat' dir='ltr'><strong>donabitur</strong></span> <span class='ocrx_word' id='word_1_463' title='bbox 521 3872 661 3930; x_wconf 89' lang='lat' dir='ltr'><strong>aeterna</strong></span> <span class='ocrx_word' id='word_1_464' title='bbox 689 3854 842 3938; x_wconf 88' lang='lat' dir='ltr'><strong>iustitia,</strong></span> <span class='ocrx_word' id='word_1_465' title='bbox 874 3866 909 3924; x_wconf 92' lang='grc' dir='ltr'><strong>ιι</strong></span> <span class='ocrx_word' id='word_1_466' title='bbox 939 3853 1008 3924; x_wconf 89' lang='lat' dir='ltr'><strong>late</strong></span> <span class='ocrx_word' id='word_1_467' title='bbox 1036 3853 1290 3946; x_wconf 90' lang='lat' dir='ltr'><strong>propagabitur</strong></span> <span class='ocrx_word' id='word_1_468' title='bbox 1337 3879 1428 3947; x_wconf 86' lang='lat' dir='ltr'><strong>gere,</strong></span> <span class='ocrx_word' id='word_1_469' title='bbox 1453 3881 1543 3950; x_wconf 92' lang='lat' dir='ltr'><strong>quae</strong></span> <span class='ocrx_word' id='word_1_470' title='bbox 1558 3857 1671 3928; x_wconf 90' lang='lat' dir='ltr'><strong>literis</strong></span> <span class='ocrx_word' id='word_1_471' title='bbox 1685 3856 1888 3928; x_wconf 88' lang='lat' dir='ltr'><strong>testimonia</strong></span> <span class='ocrx_word' id='word_1_472' title='bbox 1903 3870 1937 3928; x_wconf 91' lang='lat' dir='ltr'><strong>et</strong></span> <span class='ocrx_word' id='word_1_473' title='bbox 1953 3854 2206 3927; x_wconf 80' lang='lat' dir='ltr'><strong>sermonesllei</strong></span> <span class='ocrx_word' id='word_1_474' title='bbox 2223 3880 2329 3927; x_wconf 88' lang='lat' dir='ltr'><strong>com-</strong></span> 
     </span>
    </p>
   </div>
   <div class='ocr_carea' id='block_1_6' title="bbox 297 3955 2326 5473">
    <p class='ocr_par' dir='ltr' id='par_1_6' title="bbox 297 3955 2326 5374">
     <span class='ocr_line' id='line_1_36' title="bbox 299 3955 2326 4051; baseline -0.005 -13"><span class='ocrx_word' id='word_1_475' title='bbox 299 3970 407 4038; x_wconf 88' lang='lat' dir='ltr'><strong>misso</strong></span> <span class='ocrx_word' id='word_1_476' title='bbox 434 3966 676 4051; x_wconf 89' lang='lat' dir='ltr'><strong>redemptore,</strong></span> <span class='ocrx_word' id='word_1_477' title='bbox 711 3970 746 4027; x_wconf 92' lang='lat' dir='ltr'><strong>et</strong></span> <span class='ocrx_word' id='word_1_478' title='bbox 778 3978 896 4048; x_wconf 87' lang='lat' dir='ltr'><strong>sparsa</strong></span> <span class='ocrx_word' id='word_1_479' title='bbox 930 3955 969 4023; x_wconf 91' lang='lat' dir='ltr'><strong>in</strong></span> <span class='ocrx_word' id='word_1_480' title='bbox 1003 3958 1177 4026; x_wconf 89' lang='lat' dir='ltr'><strong>mundum</strong></span> <span class='ocrx_word' id='word_1_481' title='bbox 1205 3977 1290 4024; x_wconf 88' lang='lat' dir='ltr'><strong>voce</strong></span> <span class='ocrx_word' id='word_1_482' title='bbox 1338 3959 1440 4050; x_wconf 82' lang='lat' dir='ltr'><strong>plexa</strong></span> <span class='ocrx_word' id='word_1_483' title='bbox 1463 3972 1525 4031; x_wconf 86' lang='grc' dir='ltr'>ιιι.</span> <span class='ocrx_word' id='word_1_484' title='bbox 1577 3955 1627 4031; x_wconf 90' lang='lat' dir='ltr'><strong>Ut</strong></span> <span class='ocrx_word' id='word_1_485' title='bbox 1653 3959 1803 4030; x_wconf 85' lang='lat' dir='ltr'><strong>artifices</strong></span> <span class='ocrx_word' id='word_1_486' title='bbox 1823 3972 1976 4031; x_wconf 83' lang='lat' dir='ltr'><strong>caetems</strong></span> <span class='ocrx_word' id='word_1_487' title='bbox 1997 3982 2132 4029; x_wconf 85' lang='lat' dir='ltr'><strong>necesse</strong></span> <span class='ocrx_word' id='word_1_488' title='bbox 2156 3971 2211 4027; x_wconf 90' lang='lat' dir='ltr'><strong>est</strong></span> <span class='ocrx_word' id='word_1_489' title='bbox 2243 3980 2326 4029; x_wconf 88' lang='lat' dir='ltr'><strong>suae</strong></span> 
     </span>
     <span class='ocr_line' id='line_1_37' title="bbox 297 4054 2326 4157; baseline -0.007 -16"><span class='ocrx_word' id='word_1_490' title='bbox 297 4066 498 4157; x_wconf 83' lang='lat' dir='ltr'><strong>Evangelii.</strong></span> <span class='ocrx_word' id='word_1_491' title='bbox 547 4060 627 4131; x_wconf 89' lang='lat' dir='ltr'><strong>Hoc</strong></span> <span class='ocrx_word' id='word_1_492' title='bbox 642 4060 778 4130; x_wconf 92' lang='lat' dir='ltr'><strong>dictum</strong></span> <span class='ocrx_word' id='word_1_493' title='bbox 798 4056 948 4128; x_wconf 89' lang='lat' dir='ltr'><strong>aPaulo</strong></span> <span class='ocrx_word' id='word_1_494' title='bbox 967 4056 1070 4127; x_wconf 90' lang='lat' dir='ltr'><strong>citari</strong></span> <span class='ocrx_word' id='word_1_495' title='bbox 1093 4060 1138 4128; x_wconf 92' lang='lat' dir='ltr'><strong>ad</strong></span> <span class='ocrx_word' id='word_1_496' title='bbox 1154 4054 1290 4128; x_wconf 86' lang='lat' dir='ltr'><strong>Roma·</strong></span> <span class='ocrx_word' id='word_1_497' title='bbox 1338 4085 1515 4155; x_wconf 89' lang='lat' dir='ltr'><strong>quemque</strong></span> <span class='ocrx_word' id='word_1_498' title='bbox 1530 4061 1616 4132; x_wconf 88' lang='lat' dir='ltr'><strong>artis</strong></span> <span class='ocrx_word' id='word_1_499' title='bbox 1632 4061 1802 4132; x_wconf 81' lang='lat' dir='ltr'><strong>vocabula</strong></span> <span class='ocrx_word' id='word_1_500' title='bbox 1826 4082 1943 4131; x_wconf 85' lang='lat' dir='ltr'><strong>nosse:</strong></span> <span class='ocrx_word' id='word_1_501' title='bbox 1967 4061 2096 4131; x_wconf 88' lang='lat' dir='ltr'><strong>sicnos</strong></span> <span class='ocrx_word' id='word_1_502' title='bbox 2116 4061 2156 4129; x_wconf 91' lang='lat' dir='ltr'><strong>in</strong></span> <span class='ocrx_word' id='word_1_503' title='bbox 2169 4055 2326 4129; x_wconf 83' lang='lat' dir='ltr'><strong>Ecclesia</strong></span> 
     </span>
     <span class='ocr_line' id='line_1_38' title="bbox 299 4157 2325 4261; baseline -0.006 -20"><span class='ocrx_word' id='word_1_504' title='bbox 299 4195 365 4241; x_wconf 91' lang='lat' dir='ltr'><strong>nos</strong></span> <span class='ocrx_word' id='word_1_505' title='bbox 381 4164 611 4246; x_wconf 89' lang='lat' dir='ltr'><strong>meministis,</strong></span> <span class='ocrx_word' id='word_1_506' title='bbox 633 4162 695 4254; x_wconf 93' lang='lat' dir='ltr'><strong>qui</strong></span> <span class='ocrx_word' id='word_1_507' title='bbox 712 4160 899 4229; x_wconf 90' lang='lat' dir='ltr'><strong>lectionem</strong></span> <span class='ocrx_word' id='word_1_508' title='bbox 919 4171 1003 4227; x_wconf 90' lang='lat' dir='ltr'><strong>tunc</strong></span> <span class='ocrx_word' id='word_1_509' title='bbox 1020 4159 1182 4261; x_wconf 83' lang='lat' dir='ltr'><strong>usitatam</strong></span> <span class='ocrx_word' id='word_1_510' title='bbox 1205 4157 1291 4227; x_wconf 91' lang='lat' dir='ltr'><strong>reti·</strong></span> <span class='ocrx_word' id='word_1_511' title='bbox 1339 4174 1478 4253; x_wconf 87' lang='lat' dir='ltr'><strong>oportet</strong></span> <span class='ocrx_word' id='word_1_512' title='bbox 1492 4186 1613 4234; x_wconf 89' lang='lat' dir='ltr'><strong>earum</strong></span> <span class='ocrx_word' id='word_1_513' title='bbox 1628 4187 1747 4234; x_wconf 87' lang='lat' dir='ltr'><strong>rerum</strong></span> <span class='ocrx_word' id='word_1_514' title='bbox 1768 4162 2020 4254; x_wconf 89' lang='lat' dir='ltr'><strong>appellationes</strong></span> <span class='ocrx_word' id='word_1_515' title='bbox 2040 4161 2263 4250; x_wconf 86' lang='lat' dir='ltr'><strong>intelligere,</strong></span> <span class='ocrx_word' id='word_1_516' title='bbox 2288 4164 2325 4231; x_wconf 87' lang='lat' dir='ltr'><strong>de</strong></span> 
     </span>
     <span class='ocr_line' id='line_1_39' title="bbox 301 4260 2325 4357; baseline -0.005 -17"><span class='ocrx_word' id='word_1_517' title='bbox 301 4273 395 4356; x_wconf 90' lang='lat' dir='ltr'><strong>nuit,</strong></span> <span class='ocrx_word' id='word_1_518' title='bbox 418 4291 484 4336; x_wconf 86' lang='lat' dir='ltr'><strong>uec</strong></span> <span class='ocrx_word' id='word_1_519' title='bbox 498 4260 911 4341; x_wconf 64' lang='lat' dir='ltr'><strong>aberravllwnlentia</strong></span> <span class='ocrx_word' id='word_1_520' title='bbox 937 4260 1075 4329; x_wconf 86' lang='lat' dir='ltr'><strong>tametsi</strong></span> <span class='ocrx_word' id='word_1_521' title='bbox 1088 4260 1192 4330; x_wconf 92' lang='lat' dir='ltr'><strong>lectio</strong></span> <span class='ocrx_word' id='word_1_522' title='bbox 1205 4283 1291 4328; x_wconf 90' lang='lat' dir='ltr'><strong>con-</strong></span> <span class='ocrx_word' id='word_1_523' title='bbox 1340 4263 1471 4357; x_wconf 91' lang='lat' dir='ltr'><strong>quibus</strong></span> <span class='ocrx_word' id='word_1_524' title='bbox 1487 4262 1584 4335; x_wconf 86' lang='lat' dir='ltr'><strong>Deus</strong></span> <span class='ocrx_word' id='word_1_525' title='bbox 1605 4263 1848 4335; x_wconf 88' lang='lat' dir='ltr'><strong>concionatur.</strong></span> <span class='ocrx_word' id='word_1_526' title='bbox 1898 4260 2033 4332; x_wconf 90' lang='lat' dir='ltr'><strong>Paulus</strong></span> <span class='ocrx_word' id='word_1_527' title='bbox 2055 4262 2158 4331; x_wconf 89' lang='lat' dir='ltr'><strong>dicit:</strong></span> <span class='ocrx_word' id='word_1_528' title='bbox 2189 4260 2325 4333; x_wconf 88' lang='lat' dir='ltr'><strong>loduite</strong></span> 
     </span>
     <span class='ocr_line' id='line_1_40' title="bbox 301 4359 2324 4452; baseline -0.005 -10"><span class='ocrx_word' id='word_1_529' title='bbox 301 4374 380 4441; x_wconf 87' lang='lat' dir='ltr'><strong>fusa</strong></span> <span class='ocrx_word' id='word_1_530' title='bbox 394 4382 448 4439; x_wconf 91' lang='lat' dir='ltr'><strong>est</strong></span> <span class='ocrx_word' id='word_1_531' title='bbox 464 4363 649 4436; x_wconf 85' lang='lat' dir='ltr'><strong>etmutila.</strong></span> <span class='ocrx_word' id='word_1_532' title='bbox 699 4360 770 4431; x_wconf 88' lang='lat' dir='ltr'><strong>Sed</strong></span> <span class='ocrx_word' id='word_1_533' title='bbox 792 4360 929 4429; x_wconf 89' lang='lat' dir='ltr'><strong>collatis</strong></span> <span class='ocrx_word' id='word_1_534' title='bbox 946 4359 1105 4429; x_wconf 86' lang='lat' dir='ltr'><strong>fontibus</strong></span> <span class='ocrx_word' id='word_1_535' title='bbox 1131 4360 1293 4449; x_wconf 90' lang='lat' dir='ltr'><strong>agnosci·</strong></span> <span class='ocrx_word' id='word_1_536' title='bbox 1341 4366 1473 4435; x_wconf 88' lang='lat' dir='ltr'><strong>viscera</strong></span> <span class='ocrx_word' id='word_1_537' title='bbox 1488 4365 1764 4436; x_wconf 88' lang='lat' dir='ltr'><strong>miserationum.</strong></span> <span class='ocrx_word' id='word_1_538' title='bbox 1798 4362 1899 4452; x_wconf 87' lang='lat' dir='ltr'><strong>Quid</strong></span> <span class='ocrx_word' id='word_1_539' title='bbox 1914 4359 2023 4434; x_wconf 90' lang='lat' dir='ltr'><strong>homo</strong></span> <span class='ocrx_word' id='word_1_540' title='bbox 2037 4361 2189 4435; x_wconf 87' lang='lat' dir='ltr'><strong>Latinus</strong></span> <span class='ocrx_word' id='word_1_541' title='bbox 2203 4386 2248 4433; x_wconf 81' lang='lat' dir='ltr'><strong>ex</strong></span> <span class='ocrx_word' id='word_1_542' title='bbox 2262 4378 2324 4435; x_wconf 89' lang='lat' dir='ltr'><strong>tam</strong></span> 
     </span>
     <span class='ocr_line' id='line_1_41' title="bbox 302 4454 2324 4561; baseline -0.006 -16"><span class='ocrx_word' id='word_1_543' title='bbox 302 4489 362 4545; x_wconf 92' lang='lat' dir='ltr'><strong>tur</strong></span> <span class='ocrx_word' id='word_1_544' title='bbox 385 4466 577 4542; x_wconf 88' lang='lat' dir='ltr'><strong>sententia:</strong></span> <span class='ocrx_word' id='word_1_545' title='bbox 621 4454 733 4561; x_wconf 72' lang='grc' dir='ltr'><strong><em>λόγον</em></strong></span> <span class='ocrx_word' id='word_1_546' title='bbox 766 4463 954 4533; x_wconf 78' lang='grc' dir='ltr'><strong>συντελῶν</strong></span> <span class='ocrx_word' id='word_1_547' title='bbox 982 4456 1047 4531; x_wconf 84' lang='grc' dir='ltr'><strong>καὶ</strong></span> <span class='ocrx_word' id='word_1_548' title='bbox 1074 4458 1293 4555; x_wconf 78' lang='grc' dir='ltr'><strong><em>συντέμνων</em></strong></span> <span class='ocrx_word' id='word_1_549' title='bbox 1340 4467 1526 4559; x_wconf 90' lang='lat' dir='ltr'><strong>peregrina</strong></span> <span class='ocrx_word' id='word_1_550' title='bbox 1539 4470 1652 4539; x_wconf 90' lang='lat' dir='ltr'><strong>forma</strong></span> <span class='ocrx_word' id='word_1_551' title='bbox 1668 4466 1842 4536; x_wconf 89' lang='lat' dir='ltr'><strong>sermonis</strong></span> <span class='ocrx_word' id='word_1_552' title='bbox 1862 4464 2061 4556; x_wconf 83' lang='lat' dir='ltr'><strong>intelligat?</strong></span> <span class='ocrx_word' id='word_1_553' title='bbox 2093 4461 2166 4536; x_wconf 89' lang='lat' dir='ltr'><strong>Sed</strong></span> <span class='ocrx_word' id='word_1_554' title='bbox 2181 4460 2324 4535; x_wconf 76' lang='lat' dir='ltr'><strong>Ebrae&#39;u</strong></span> 
     </span>
     <span class='ocr_line' id='line_1_42' title="bbox 304 4554 2325 4663; baseline -0.006 -13"><span class='ocrx_word' id='word_1_555' title='bbox 304 4577 346 4651; x_wconf 80' lang='grc' dir='ltr'><strong>ἐν</strong></span> <span class='ocrx_word' id='word_1_556' title='bbox 361 4559 593 4661; x_wconf 77' lang='grc' dir='ltr'>δικαιοσύνῃ.</span> <span class='ocrx_word' id='word_1_557' title='bbox 653 4563 830 4655; x_wconf 88' lang='lat' dir='ltr'><strong>lntcrpres</strong></span> <span class='ocrx_word' id='word_1_558' title='bbox 852 4554 965 4661; x_wconf 75' lang='grc' dir='ltr'><strong><em>λόγον</em></strong></span> <span class='ocrx_word' id='word_1_559' title='bbox 991 4567 1179 4636; x_wconf 82' lang='grc' dir='ltr'><strong><em>συντελῶν</em></strong></span> <span class='ocrx_word' id='word_1_560' title='bbox 1204 4565 1294 4635; x_wconf 82' lang='lat' dir='ltr'><strong>dixit</strong></span> <span class='ocrx_word' id='word_1_561' title='bbox 1341 4569 1468 4639; x_wconf 87' lang='lat' dir='ltr'><strong>usitata</strong></span> <span class='ocrx_word' id='word_1_562' title='bbox 1500 4564 1705 4660; x_wconf 91' lang='lat' dir='ltr'><strong>metaphora</strong></span> <span class='ocrx_word' id='word_1_563' title='bbox 1734 4582 1803 4649; x_wconf 89' lang='lat' dir='ltr'><strong>est,</strong></span> <span class='ocrx_word' id='word_1_564' title='bbox 1834 4568 1967 4637; x_wconf 89' lang='lat' dir='ltr'><strong>viscera</strong></span> <span class='ocrx_word' id='word_1_565' title='bbox 1991 4589 2056 4658; x_wconf 91' lang='lat' dir='ltr'><strong>pro</strong></span> <span class='ocrx_word' id='word_1_566' title='bbox 2079 4590 2165 4637; x_wconf 88' lang='lat' dir='ltr'><strong>vera</strong></span> <span class='ocrx_word' id='word_1_567' title='bbox 2192 4564 2325 4663; x_wconf 70' lang='lat' dir='ltr'><strong>mom*</strong></span> 
     </span>
     <span class='ocr_line' id='line_1_43' title="bbox 303 4662 2324 4760; baseline -0.006 -10"><span class='ocrx_word' id='word_1_568' title='bbox 303 4704 378 4750; x_wconf 90' lang='lat' dir='ltr'><strong>rem</strong></span> <span class='ocrx_word' id='word_1_569' title='bbox 392 4676 534 4756; x_wconf 85' lang='lat' dir='ltr'><strong>finiens,</strong></span> <span class='ocrx_word' id='word_1_570' title='bbox 551 4684 590 4741; x_wconf 91' lang='lat' dir='ltr'><strong>ut</strong></span> <span class='ocrx_word' id='word_1_571' title='bbox 602 4668 719 4740; x_wconf 89' lang='lat' dir='ltr'><strong>solent</strong></span> <span class='ocrx_word' id='word_1_572' title='bbox 728 4662 860 4737; x_wconf 86' lang='lat' dir='ltr'><strong>Ebraei</strong></span> <span class='ocrx_word' id='word_1_573' title='bbox 876 4664 1010 4736; x_wconf 89' lang='lat' dir='ltr'><strong>dicere:</strong></span> <span class='ocrx_word' id='word_1_574' title='bbox 1025 4662 1132 4754; x_wconf 87' lang='lat' dir='ltr'><strong>Quod</strong></span> <span class='ocrx_word' id='word_1_575' title='bbox 1147 4680 1197 4736; x_wconf 88' lang='lat' dir='ltr'><strong>est</strong></span> <span class='ocrx_word' id='word_1_576' title='bbox 1214 4690 1294 4736; x_wconf 88' lang='lat' dir='ltr'><strong>ver·</strong></span> <span class='ocrx_word' id='word_1_577' title='bbox 1342 4669 1460 4739; x_wconf 91' lang='lat' dir='ltr'><strong>cordis</strong></span> <span class='ocrx_word' id='word_1_578' title='bbox 1473 4670 1601 4740; x_wconf 84' lang='lat' dir='ltr'><strong>dicere·</strong></span> <span class='ocrx_word' id='word_1_579' title='bbox 1652 4665 1850 4760; x_wconf 79' lang='lat' dir='ltr'><strong>Ergo&#39;cum</strong></span> <span class='ocrx_word' id='word_1_580' title='bbox 1874 4667 2009 4760; x_wconf 89' lang='lat' dir='ltr'><strong>inquit:</strong></span> <span class='ocrx_word' id='word_1_581' title='bbox 2038 4664 2185 4740; x_wconf 90' lang='lat' dir='ltr'><strong>loduite</strong></span> <span class='ocrx_word' id='word_1_582' title='bbox 2200 4668 2324 4737; x_wconf 82' lang='lat' dir='ltr'><strong>viscort</strong></span> 
     </span>
     <span class='ocr_line' id='line_1_44' title="bbox 303 4766 2324 4866; baseline -0.006 -14"><span class='ocrx_word' id='word_1_583' title='bbox 303 4783 410 4865; x_wconf 92' lang='lat' dir='ltr'><strong>hum,</strong></span> <span class='ocrx_word' id='word_1_584' title='bbox 434 4780 472 4848; x_wconf 92' lang='lat' dir='ltr'><strong>id</strong></span> <span class='ocrx_word' id='word_1_585' title='bbox 489 4788 552 4860; x_wconf 90' lang='lat' dir='ltr'><strong>est,</strong></span> <span class='ocrx_word' id='word_1_586' title='bbox 577 4771 665 4866; x_wconf 88' lang='lat' dir='ltr'><strong>quid</strong></span> <span class='ocrx_word' id='word_1_587' title='bbox 680 4769 751 4850; x_wconf 86' lang='lat' dir='ltr'><strong>rei,</strong></span> <span class='ocrx_word' id='word_1_588' title='bbox 777 4767 865 4864; x_wconf 90' lang='lat' dir='ltr'><strong>quid</strong></span> <span class='ocrx_word' id='word_1_589' title='bbox 877 4767 1015 4858; x_wconf 90' lang='lat' dir='ltr'><strong>negocii</strong></span> <span class='ocrx_word' id='word_1_590' title='bbox 1030 4782 1092 4840; x_wconf 88' lang='lat' dir='ltr'><strong>est.</strong></span> <span class='ocrx_word' id='word_1_591' title='bbox 1147 4766 1210 4852; x_wconf 90' lang='lat' dir='ltr'><strong>lta,</strong></span> <span class='ocrx_word' id='word_1_592' title='bbox 1235 4768 1294 4836; x_wconf 91' lang='lat' dir='ltr'><strong>in·</strong></span> <span class='ocrx_word' id='word_1_593' title='bbox 1342 4770 1628 4857; x_wconf 89' lang='lat' dir='ltr'><strong>miserationum,</strong></span> <span class='ocrx_word' id='word_1_594' title='bbox 1653 4772 1729 4841; x_wconf 91' lang='lat' dir='ltr'><strong>vult</strong></span> <span class='ocrx_word' id='word_1_595' title='bbox 1744 4793 1819 4838; x_wconf 88' lang='lat' dir='ltr'><strong>non</strong></span> <span class='ocrx_word' id='word_1_596' title='bbox 1834 4769 2034 4839; x_wconf 88' lang='lat' dir='ltr'><strong>simulatam</strong></span> <span class='ocrx_word' id='word_1_597' title='bbox 2050 4768 2324 4840; x_wconf 78' lang='lat' dir='ltr'><strong>misecicordiam</strong></span> 
     </span>
     <span class='ocr_line' id='line_1_45' title="bbox 305 4866 2325 4974; baseline -0.007 -25"><span class='ocrx_word' id='word_1_598' title='bbox 305 4883 401 4974; x_wconf 93' lang='lat' dir='ltr'><strong>quit,</strong></span> <span class='ocrx_word' id='word_1_599' title='bbox 426 4879 546 4957; x_wconf 85' lang='lat' dir='ltr'><strong>finiet,</strong></span> <span class='ocrx_word' id='word_1_600' title='bbox 571 4874 671 4945; x_wconf 91' lang='lat' dir='ltr'><strong>utin</strong></span> <span class='ocrx_word' id='word_1_601' title='bbox 694 4896 735 4941; x_wconf 92' lang='lat' dir='ltr'><strong>eo</strong></span> <span class='ocrx_word' id='word_1_602' title='bbox 761 4871 906 4940; x_wconf 91' lang='lat' dir='ltr'><strong>interitu</strong></span> <span class='ocrx_word' id='word_1_603' title='bbox 929 4884 1046 4940; x_wconf 86' lang='lat' dir='ltr'><strong>tamen</strong></span> <span class='ocrx_word' id='word_1_604' title='bbox 1070 4869 1208 4941; x_wconf 86' lang='lat' dir='ltr'><strong>iusticia</strong></span> <span class='ocrx_word' id='word_1_605' title='bbox 1234 4896 1295 4942; x_wconf 83' lang='lat' dir='ltr'><strong>ex·</strong></span> <span class='ocrx_word' id='word_1_606' title='bbox 1342 4873 1500 4957; x_wconf 89' lang='lat' dir='ltr'><strong>ostendi,</strong></span> <span class='ocrx_word' id='word_1_607' title='bbox 1539 4874 1600 4942; x_wconf 91' lang='lat' dir='ltr'><strong>sed</strong></span> <span class='ocrx_word' id='word_1_608' title='bbox 1637 4896 1755 4943; x_wconf 86' lang='lat' dir='ltr'><strong>veram</strong></span> <span class='ocrx_word' id='word_1_609' title='bbox 1787 4882 1822 4941; x_wconf 91' lang='lat' dir='ltr'><strong>et</strong></span> <span class='ocrx_word' id='word_1_610' title='bbox 1846 4882 2046 4941; x_wconf 86' lang='lat' dir='ltr'><strong>nascentem</strong></span> <span class='ocrx_word' id='word_1_611' title='bbox 2066 4870 2105 4939; x_wconf 90' lang='lat' dir='ltr'><strong>in</strong></span> <span class='ocrx_word' id='word_1_612' title='bbox 2128 4872 2243 4942; x_wconf 87' lang='lat' dir='ltr'><strong>corde</strong></span> <span class='ocrx_word' id='word_1_613' title='bbox 2262 4866 2325 4941; x_wconf 86' lang='lat' dir='ltr'><strong>eri·</strong></span> 
     </span>
     <span class='ocr_line' id='line_1_46' title="bbox 306 4971 2324 5070; baseline -0.005 -17"><span class='ocrx_word' id='word_1_614' title='bbox 306 4983 455 5054; x_wconf 89' lang='lat' dir='ltr'><strong>oriatur:</strong></span> <span class='ocrx_word' id='word_1_615' title='bbox 489 4978 552 5070; x_wconf 93' lang='lat' dir='ltr'><strong>qui</strong></span> <span class='ocrx_word' id='word_1_616' title='bbox 577 4977 727 5046; x_wconf 87' lang='lat' dir='ltr'><strong>verbum</strong></span> <span class='ocrx_word' id='word_1_617' title='bbox 750 4971 992 5044; x_wconf 88' lang='lat' dir='ltr'><strong>abbreviatum</strong></span> <span class='ocrx_word' id='word_1_618' title='bbox 1019 4972 1138 5057; x_wconf 89' lang='lat' dir='ltr'><strong>faciet,</strong></span> <span class='ocrx_word' id='word_1_619' title='bbox 1171 4972 1294 5063; x_wconf 89' lang='lat' dir='ltr'><strong>idest,</strong></span> <span class='ocrx_word' id='word_1_620' title='bbox 1341 4989 1441 5059; x_wconf 89' lang='lat' dir='ltr'><strong>stere,</strong></span> <span class='ocrx_word' id='word_1_621' title='bbox 1467 4974 1506 5043; x_wconf 89' lang='lat' dir='ltr'><strong>in</strong></span> <span class='ocrx_word' id='word_1_622' title='bbox 1522 4999 1590 5070; x_wconf 93' lang='lat' dir='ltr'><strong>qua</strong></span> <span class='ocrx_word' id='word_1_623' title='bbox 1609 4988 1723 5046; x_wconf 92' lang='lat' dir='ltr'><strong>totum</strong></span> <span class='ocrx_word' id='word_1_624' title='bbox 1739 4985 1860 5064; x_wconf 85' lang='lat' dir='ltr'><strong>pectus</strong></span> <span class='ocrx_word' id='word_1_625' title='bbox 1876 4972 2005 5043; x_wconf 87' lang='lat' dir='ltr'><strong>sentiat</strong></span> <span class='ocrx_word' id='word_1_626' title='bbox 2020 4971 2187 5042; x_wconf 85' lang='lat' dir='ltr'><strong>dolorem</strong></span> <span class='ocrx_word' id='word_1_627' title='bbox 2199 4972 2324 5045; x_wconf 76' lang='lat' dir='ltr'><strong>attense</strong></span> 
     </span>
     <span class='ocr_line' id='line_1_47' title="bbox 305 5064 2200 5170; baseline -0.005 -15"><span class='ocrx_word' id='word_1_628' title='bbox 305 5106 381 5155; x_wconf 89' lang='lat' dir='ltr'><strong>rem</strong></span> <span class='ocrx_word' id='word_1_629' title='bbox 396 5078 652 5150; x_wconf 90' lang='lat' dir='ltr'><strong>abbreviatam:</strong></span> <span class='ocrx_word' id='word_1_630' title='bbox 684 5068 753 5146; x_wconf 93' lang='lat' dir='ltr'><strong>hoc</strong></span> <span class='ocrx_word' id='word_1_631' title='bbox 770 5089 842 5159; x_wconf 88' lang='lat' dir='ltr'><strong>est,</strong></span> <span class='ocrx_word' id='word_1_632' title='bbox 867 5073 974 5141; x_wconf 86' lang='lat' dir='ltr'><strong>finem</strong></span> <span class='ocrx_word' id='word_1_633' title='bbox 996 5073 1186 5144; x_wconf 91' lang='lat' dir='ltr'><strong>constituet</strong></span> <span class='ocrx_word' id='word_1_634' title='bbox 1209 5070 1294 5145; x_wconf 90' lang='lat' dir='ltr'><strong>huic</strong></span> <span class='ocrx_word' id='word_1_635' title='bbox 1342 5075 1514 5151; x_wconf 87' lang='lat' dir='ltr'><strong>miseriae.</strong></span> <span class='ocrx_word' id='word_1_636' title='bbox 1564 5074 1650 5146; x_wconf 85' lang='lat' dir='ltr'><strong>ldeo</strong></span> <span class='ocrx_word' id='word_1_637' title='bbox 1663 5074 1749 5145; x_wconf 92' lang='lat' dir='ltr'><strong>dicit</strong></span> <span class='ocrx_word' id='word_1_638' title='bbox 1767 5064 1963 5170; x_wconf 73' lang='grc' dir='ltr'><strong><em>σπλάγχνα</em></strong></span> <span class='ocrx_word' id='word_1_639' title='bbox 1978 5073 2200 5169; x_wconf 63' lang='grc' dir='ltr'>οἰκτιρμῶν.</span> 
     </span>
     <span class='ocr_line' id='line_1_48' title="bbox 303 5170 2325 5280; baseline -0.002 -26"><span class='ocrx_word' id='word_1_640' title='bbox 303 5182 470 5280; x_wconf 89' lang='lat' dir='ltr'><strong>politiae,</strong></span> <span class='ocrx_word' id='word_1_641' title='bbox 503 5180 540 5248; x_wconf 93' lang='lat' dir='ltr'><strong>in</strong></span> <span class='ocrx_word' id='word_1_642' title='bbox 558 5203 627 5270; x_wconf 90' lang='lat' dir='ltr'><strong>qua</strong></span> <span class='ocrx_word' id='word_1_643' title='bbox 644 5176 765 5246; x_wconf 89' lang='lat' dir='ltr'><strong>ludaei</strong></span> <span class='ocrx_word' id='word_1_644' title='bbox 780 5174 953 5269; x_wconf 89' lang='lat' dir='ltr'><strong>putabant</strong></span> <span class='ocrx_word' id='word_1_645' title='bbox 970 5195 1008 5242; x_wconf 93' lang='lat' dir='ltr'><strong>se</strong></span> <span class='ocrx_word' id='word_1_646' title='bbox 1031 5173 1181 5264; x_wconf 90' lang='lat' dir='ltr'><strong>imperio</strong></span> <span class='ocrx_word' id='word_1_647' title='bbox 1197 5177 1294 5247; x_wconf 90' lang='lat' dir='ltr'><strong>orbis</strong></span> <span class='ocrx_word' id='word_1_648' title='bbox 1441 5177 1565 5264; x_wconf 87' lang='lat' dir='ltr'><strong>Dices,</strong></span> <span class='ocrx_word' id='word_1_649' title='bbox 1589 5174 1658 5248; x_wconf 91' lang='lat' dir='ltr'><strong>hoc</strong></span> <span class='ocrx_word' id='word_1_650' title='bbox 1674 5198 1747 5247; x_wconf 89' lang='lat' dir='ltr'><strong>esse</strong></span> <span class='ocrx_word' id='word_1_651' title='bbox 1762 5174 1962 5256; x_wconf 91' lang='lat' dir='ltr'><strong>minutum,</strong></span> <span class='ocrx_word' id='word_1_652' title='bbox 1987 5188 2022 5245; x_wconf 92' lang='lat' dir='ltr'><strong>et</strong></span> <span class='ocrx_word' id='word_1_653' title='bbox 2035 5174 2115 5245; x_wconf 89' lang='lat' dir='ltr'><strong>sine</strong></span> <span class='ocrx_word' id='word_1_654' title='bbox 2131 5170 2205 5249; x_wconf 84' lang='lat' dir='ltr'><strong>hac</strong></span> <span class='ocrx_word' id='word_1_655' title='bbox 2224 5171 2325 5249; x_wconf 70' lang='lat' dir='ltr'><strong>subtl-</strong></span> 
     </span>
     <span class='ocr_line' id='line_1_49' title="bbox 304 5274 2042 5374; baseline -0.008 -14"><span class='ocrx_word' id='word_1_656' title='bbox 304 5302 480 5360; x_wconf 89' lang='lat' dir='ltr'><strong>tcrrarum</strong></span> <span class='ocrx_word' id='word_1_657' title='bbox 497 5279 673 5374; x_wconf 89' lang='lat' dir='ltr'><strong>potituros</strong></span> <span class='ocrx_word' id='word_1_658' title='bbox 688 5299 773 5347; x_wconf 87' lang='lat' dir='ltr'><strong>esse.</strong></span> <span class='ocrx_word' id='word_1_659' title='bbox 820 5274 900 5347; x_wconf 85' lang='lat' dir='ltr'><strong>Etsi</strong></span> <span class='ocrx_word' id='word_1_660' title='bbox 915 5274 1023 5366; x_wconf 89' lang='lat' dir='ltr'><strong>igitur</strong></span> <span class='ocrx_word' id='word_1_661' title='bbox 1037 5274 1140 5347; x_wconf 91' lang='lat' dir='ltr'><strong>lectio</strong></span> <span class='ocrx_word' id='word_1_662' title='bbox 1158 5274 1293 5348; x_wconf 87' lang='lat' dir='ltr'><strong>Graeca</strong></span> <span class='ocrx_word' id='word_1_663' title='bbox 1341 5277 1439 5349; x_wconf 92' lang='lat' dir='ltr'><strong>litate</strong></span> <span class='ocrx_word' id='word_1_664' title='bbox 1455 5303 1575 5351; x_wconf 89' lang='lat' dir='ltr'><strong>rerum</strong></span> <span class='ocrx_word' id='word_1_665' title='bbox 1592 5301 1746 5351; x_wconf 87' lang='lat' dir='ltr'><strong>summas</strong></span> <span class='ocrx_word' id='word_1_666' title='bbox 1760 5275 1911 5365; x_wconf 90' lang='lat' dir='ltr'><strong>intelligi</strong></span> <span class='ocrx_word' id='word_1_667' title='bbox 1929 5298 2042 5369; x_wconf 88' lang='lat' dir='ltr'><strong>posse.</strong></span> 
     </span>
    </p>

    <p class='ocr_par' dir='ltr' id='par_1_7' title="bbox 305 5375 2325 5473">
     <span class='ocr_line' id='line_1_50' title="bbox 305 5375 2325 5473; baseline -0.006 -13"><span class='ocrx_word' id='word_1_668' title='bbox 305 5387 489 5461; x_wconf 83' lang='lat' dir='ltr'><strong>confusior</strong></span> <span class='ocrx_word' id='word_1_669' title='bbox 512 5395 583 5467; x_wconf 90' lang='grc' dir='ltr'>ιιι,</span> <span class='ocrx_word' id='word_1_670' title='bbox 608 5393 726 5451; x_wconf 88' lang='lat' dir='ltr'><strong>tamen</strong></span> <span class='ocrx_word' id='word_1_671' title='bbox 746 5375 898 5449; x_wconf 89' lang='lat' dir='ltr'><strong>Ebraice</strong></span> <span class='ocrx_word' id='word_1_672' title='bbox 916 5391 1098 5472; x_wconf 86' lang='lat' dir='ltr'><strong>utcunque</strong></span> <span class='ocrx_word' id='word_1_673' title='bbox 1121 5379 1294 5467; x_wconf 88' lang='lat' dir='ltr'><strong>eruditus,</strong></span> <span class='ocrx_word' id='word_1_674' title='bbox 1442 5378 1520 5473; x_wconf 88' lang='lat' dir='ltr'><strong>Ego</strong></span> <span class='ocrx_word' id='word_1_675' title='bbox 1535 5405 1621 5452; x_wconf 90' lang='lat' dir='ltr'><strong>vero</strong></span> <span class='ocrx_word' id='word_1_676' title='bbox 1636 5378 1735 5451; x_wconf 86' lang='lat' dir='ltr'><strong>volui</strong></span> <span class='ocrx_word' id='word_1_677' title='bbox 1748 5379 1946 5471; x_wconf 83' lang='lat' dir='ltr'><strong>exemplum</strong></span> <span class='ocrx_word' id='word_1_678' title='bbox 1961 5400 2170 5472; x_wconf 89' lang='lat' dir='ltr'><strong>proponere</strong></span> <span class='ocrx_word' id='word_1_679' title='bbox 2182 5404 2258 5453; x_wconf 91' lang='lat' dir='ltr'><strong>uon</strong></span> <span class='ocrx_word' id='word_1_680' title='bbox 2272 5378 2325 5449; x_wconf 91' lang='lat' dir='ltr'><strong>ob·</strong></span> 
     </span>
    </p>
   </div>
   <div class='ocr_carea' id='block_1_7' title="bbox 300 5476 2326 5645">
    <p class='ocr_par' dir='ltr' id='par_1_8' title="bbox 300 5476 2326 5645">
     <span class='ocr_line' id='line_1_51' title="bbox 304 5476 2326 5591; baseline -0.004 -29"><span class='ocrx_word' id='word_1_681' title='bbox 304 5489 462 5591; x_wconf 83' lang='lat' dir='ltr'><strong>agnoscit</strong></span> <span class='ocrx_word' id='word_1_682' title='bbox 476 5484 629 5559; x_wconf 85' lang='lat' dir='ltr'><strong>Paulum</strong></span> <span class='ocrx_word' id='word_1_683' title='bbox 644 5480 798 5563; x_wconf 84' lang='lat' dir='ltr'><strong>retinere</strong></span> <span class='ocrx_word' id='word_1_684' title='bbox 812 5479 970 5552; x_wconf 85' lang='lat' dir='ltr'><strong>nativam</strong></span> <span class='ocrx_word' id='word_1_685' title='bbox 983 5479 1205 5557; x_wconf 85' lang='lat' dir='ltr'><strong>senteutiam.</strong></span> <span class='ocrx_word' id='word_1_686' title='bbox 1316 5504 1494 5557; x_wconf 82' lang='lat' dir='ltr'><strong>¹scarum.</strong></span> <span class='ocrx_word' id='word_1_687' title='bbox 1536 5480 1585 5555; x_wconf 89' lang='lat' dir='ltr'><strong>At</strong></span> <span class='ocrx_word' id='word_1_688' title='bbox 1599 5476 1691 5553; x_wconf 90' lang='lat' dir='ltr'><strong>mihi</strong></span> <span class='ocrx_word' id='word_1_689' title='bbox 1707 5480 1839 5553; x_wconf 87' lang='lat' dir='ltr'><strong>credite</strong></span> <span class='ocrx_word' id='word_1_690' title='bbox 1854 5492 2081 5553; x_wconf 86' lang='lat' dir='ltr'><strong>totussermo</strong></span> <span class='ocrx_word' id='word_1_691' title='bbox 2102 5478 2326 5577; x_wconf 75' lang='lat' dir='ltr'><strong>prophetiam</strong></span> 
     </span>
     <span class='ocr_line' id='line_1_52' title="bbox 300 5608 317 5645; baseline 0 -16"><span class='ocrx_word' id='word_1_692' title='bbox 300 5608 317 5645; x_wconf 88' lang='grc'>,,</span> 
     </span>
    </p>
   </div>
   <div class='ocr_carea' id='block_1_8' title="bbox 0 0 2381 6020">
    <p class='ocr_par' dir='ltr' id='par_1_9' title="bbox 0 0 2381 6020">
     <span class='ocr_line' id='line_1_53' title="bbox 0 0 2381 6020; baseline 0 0"><span class='ocrx_word' id='word_1_693' title='bbox 0 0 2381 6020; x_wconf 95' lang='lat' dir='ltr'><strong> </strong></span> 
     </span>
    </p>
   </div>
  </div>
 </body>
</html>
