4732 6030
129 153 179 230 ee
864 147 1025 233 aner.
1056 146 1132 229 nn
1166 145 1434 293 suerrus.
2117 172 2168 248 70

128 322 227 397 baud
250 323 359 396 dubie
372 323 417 394 de
440 345 568 413 genere
584 319 676 394 vitae
702 323 918 407 consulturi,
945 339 1121 415 rogarent,
1173 322 1248 393 eius
1271 346 1308 394 se
1330 326 1504 412 mandato,
1521 342 1717 421 comparat,
1741 331 1800 403 cui
1825 336 1888 429 qni
1915 343 2107 433 auscultat,
2132 347 2163 420 is

131 429 307 524 quidese
327 426 403 495 beri
418 425 542 511 vellet,
567 419 661 494 nihil
677 420 735 496 hic
748 426 878 516 exegit,
907 427 976 498 nisi
992 442 1032 500 ut
1047 430 1120 500 suis
1171 448 1246 494 non
1272 428 1378 495 modo
1397 421 1490 497 nihil
1512 446 1650 520 peccat,
1676 437 1757 521 sed,
1784 443 2082 530 quemadmodum
2104 475 2161 523 sa-
2229 533 2236 546 ,

130 528 286 602 contenti
298 527 494 619 stipendiis,
520 527 699 598 neminem
714 526 1033 615 calumniarentur,
1057 545 1119 602 aut
1170 551 1250 596 ctat
1266 526 1388 598 literae
1404 530 1549 615 d⁰0²¹¹12
1575 548 1734 606 Samium
1760 541 1864 610 ellim
1889 544 2042 616 ⁰ffi⁶i¹¹¹¹¹
2065 553 2160 628 facit·

128 643 365 704 concuterent.
405 627 519 700 Porro
533 653 613 700 cum
630 627 817 721 stipendiis
833 629 931 702 iubet
945 654 1020 701 esse
1031 657 1118 703 con-
1151 625 1345 743 gl'raecipit
1359 644 1476 701 autem
1490 628 1587 701 Deus
1608 650 1721 708 morte
1738 640 1901 713 mulctari
1917 669 1998 716 eum
2014 652 2076 743 qui
2092 647 2158 724 ho-

124 746 260 817 tantos,
292 730 475 823 publicum
498 753 649 816 munus,
683 733 780 823 quod
813 731 884 801 illis
911 735 1115 803 mandatum
1167 729 1300 800 minem
1318 732 1505 814 occiderit,
1532 759 1622 829 qnae
1638 738 1693 809 lex
1708 741 1794 813 citra
1811 750 2085 821 controversiam
2102 765 2158 824 to-

125 846 217 918 erat,
243 833 347 926 plane
371 831 555 925 adprobat.
607 831 698 920 Quis
721 833 832 903 nescit
855 848 971 905 autem
998 833 1115 925 Magi·
1167 843 1239 900 tam
1256 828 1444 906 πολιτείαν
1465 838 1720 929 complectitur.
1773 837 1916 915 Etenim
1937 861 1977 919 ut
1995 836 2184 941 publicae‘

123 947 298 1008 maguum
321 958 436 1019 asma,
461 935 553 1024 teget
576 946 611 1004 tt
634 933 765 1012 iudicia
787 957 879 1016 esse,
906 959 995 1028 quae
1016 939 1114 1006 domi
1167 935 1435 1027 tranquillitatis
1458 958 1561 1009 causa
1579 941 1632 1010 las
1655 956 1706 1012 est
1720 945 1765 1012 de
1784 948 1898 1036 capite
1920 943 2077 1025 hominis
2098 957 2156 1028 iu-

124 1037 197 1106 vim
214 1060 254 1106 ac
269 1035 438 1105 iniuriam
463 1035 636 1105 acivibus
658 1030 873 1127 prohibent?
901 1037 1021 1124 Quare
1038 1062 1113 1108 non
1164 1035 1298 1121 dicare,
1328 1036 1435 1109 itaet
1461 1042 1645 1111 adrerum
1680 1045 1911 1130 divisionem,
1949 1056 1993 1121 ad
2022 1057 2154 1131 leviora

123 1138 275 1208 dubium
290 1151 351 1222 est,
372 1136 460 1229 quin
474 1137 562 1206 tanti
577 1135 670 1226 leges
684 1138 864 1207 faciendae
877 1138 960 1219 sint,
987 1142 1111 1232 quanti
1163 1137 1301 1225 negotia
1326 1139 1568 1228 transigenda,
1600 1150 1742 1236 qnando
1767 1149 1871 1220 aliter
1892 1154 2054 1242 publicae
2075 1161 2153 1249 paci

122 1238 372 1330 Magistratum
387 1236 543 1329 Baptista
558 1237 655 1309 lacit.
689 1232 1110 1330 Paulusblagistratuurn
1162 1239 1388 1308 consulinon
1406 1256 1530 1330 potest,
1557 1248 1771 1320 constituere
1788 1251 1917 1323 indicia
1932 1255 2043 1331 licerit.
2078 1257 2152 1331 Ex-

120 1341 346 1413 gutorttgttm
363 1339 552 1431 praedicat,
572 1363 652 1410 cum
668 1339 777 1430 gladii
793 1363 895 1411 usum
910 1343 1109 1414 ordinatio·
1161 1351 1212 1410 tat
1227 1340 1281 1410 lex
1295 1341 1332 1409 in
1348 1337 1481 1411 Generi
1494 1344 1539 1412 ad
1554 1342 1588 1414 N
1589 1347 1652 1432 oii,
1677 1350 1843 1422 universo
1866 1358 2070 1429 mortalium
2091 1386 2152 1452 ge-

120 1466 204 1513 nem
228 1441 296 1514 Dei
321 1453 441 1522 vocat,
473 1453 508 1511 et
531 1438 778 1532 Magistratum
799 1440 868 1513 Dei
895 1444 1109 1520 ministrum.
1160 1441 1236 1510 neri
1254 1443 1342 1527 lata,
1367 1458 1487 1537 estque
1501 1446 1706 1521 confirmata
1722 1454 1884 1525 mosaicis
1900 1459 2040 1545 edictis,
2060 1488 2150 1556 quae

120 1539 242 1636 Aquo
256 1542 399 1612 oraculo
419 1566 460 1611 ex
474 1541 649 1614 diametro
666 1543 837 1616 dissident
853 1538 910 1630 hi,
935 1546 998 1641 qui
1014 1546 1109 1636 leges
1159 1545 1298 1613 tametsi
1321 1545 1406 1613 solis
1429 1543 1601 1617 Hebraeis
1624 1554 1805 1644 proposita
1827 1569 1930 1642 sunt,
1956 1573 2072 1632 mmen
2092 1590 2150 1635 ar-

119 1643 312 1736 impietatis
340 1657 522 1715 accusant:
562 1641 627 1714 Est
655 1645 750 1714 enim
778 1644 999 1727 hostiensi,
1034 1673 1107 1717 uon
1158 1641 1403 1732 guuntDeum
1427 1650 1750 1739 probaremorem,
1776 1680 1856 1727 cum
1878 1658 2060 1732 iudicandi
2081 1690 2147 1753 res,

117 1745 298 1830 minister,
323 1744 484 1839 quisquis
502 1770 542 1815 ea
556 1745 725 1836 suscipit,
749 1772 841 1841 quae
857 1748 998 1818 divinae
1015 1749 1106 1840 leges
1158 1759 1234 1814 tum
1249 1748 1698 1838 plectendorumsontium.
1741 1755 1832 1829 Nota
1849 1760 1945 1831 enim
1960 1761 2064 1834 Pauli
2080 1793 2148 1839 vox

117 1858 249 1923 vetant,
301 1843 376 1935 Qui
399 1846 543 1917 alterius
564 1848 669 1917 uxori
682 1847 808 1919 vitium
826 1850 947 1932 offert,
972 1851 1033 1941 qui
1051 1873 1106 1919 res
1157 1858 1224 1915 est:
1259 1848 1386 1935 Legem
1409 1849 1550 1920 iniustis
1571 1853 1678 1924 latam
1700 1880 1792 1944 esse,
1825 1886 1914 1955 quae
1938 1881 2075 1952 monet,
2107 1885 2147 1941 ut

115 1948 270 2020 aliorum
286 1947 411 2016 fraude
425 1947 636 2033 intervertit,
660 1948 722 2041 qui
739 1949 897 2039 periurio
916 1948 1020 2032 fallit,
1045 1950 1106 2042 qni
1158 1946 1220 2038 qui
1243 1948 1371 2037 spiritu
1393 1945 1527 2020 Christi
1549 1978 1622 2024 non
1644 1957 1846 2047 frenantur,
1879 1988 1958 2034 cum
1981 1966 2147 2056 Hebraei,

114 2049 252 2120 bellum
268 2071 348 2116 cum
363 2047 498 2138 superis
512 2047 622 2137 gerit,
645 2072 721 2116 non
738 2048 900 2121 minister
915 2063 977 2131 est,
1003 2051 1107 2120 deni·
1155 2057 1232 2116 tum
1263 2049 1392 2143 reliqui
1419 2054 1603 2139 mortales,
1643 2058 1781 2148 legibus
1807 2061 2079 2155 coherceantur,
2111 2088 2146 2144 et

117 2173 188 2243 que
201 2144 313 2218 hostis
333 2160 403 2228 est,
429 2149 669 2242 cuiuscunque
686 2149 822 2219 functio
837 2151 979 2242 proprie
995 2151 1103 2242 impia
1156 2161 1323 2242 tanquam
1339 2175 1476 2222 carcerc
1493 2157 1582 2248 septi
1599 2172 1796 2245 teneantur,
1815 2192 1858 2237 ne
1874 2193 1978 2260 quem
1993 2171 2146 2260 laedant,

116 2266 181 2322 est.
235 2247 355 2337 Quare
376 2271 456 2318 cum
472 2246 605 2319 Paulus
621 2248 886 2341 Magistratum,
914 2248 980 2321 Dei
996 2253 1104 2321 mini·
1154 2272 1201 2318 nc
1234 2251 1334 2321 cuius
1367 2255 1474 2323 rebus
1499 2258 1670 2329 damnum
1693 2267 1788 2338 dent.
1847 2267 1984 2341 Eodem
2013 2275 2141 2366 impios

115 2364 229 2423 ,trum
251 2356 372 2433 vocat,
396 2373 471 2418 non
489 2345 642 2433 hostem,
667 2352 867 2441 negat-eius
885 2354 1102 2442 provinciam
1154 2375 1276 2421 omnes
1303 2375 1452 2424 numero
1478 2381 1557 2427 cum
1581 2358 1714 2434 Gentes
1747 2382 1823 2439 turn
1848 2369 1998 2444 ludaeos
2025 2370 2144 2462 habet,

115 2451 567 2542 cumreligqonepugnm·
621 2450 772 2537 contra,
795 2452 1102 2546 quthgistttttus
1153 2453 1342 2546 gladioque
1357 2477 1417 2524 seu
1432 2457 1499 2545 legi
1513 2462 1558 2527 ad
1574 2487 1684 2532 unum
1707 2492 1828 2541 omnes
1850 2475 1979 2545 subdit.
2030 2476 2143 2549 Suum

114 2556 305 2637 damnant,
338 2553 447 2621 semel
470 2578 545 2622 uno
571 2555 717 2623 nomine
746 2579 869 2624 omnes
894 2556 1047 2626 latrones
1069 2572 1101 2627 et
1153 2569 1269 2624 autem
1285 2558 1463 2648 quoddam
1477 2554 1609 2632 Christi
1632 2587 1779 2654 regnum
1795 2586 1864 2658 est,
1891 2578 2048 2666 quicum
2069 2605 2142 2649 nou

111 2650 182 2725 nei
212 2649 331 2724 hostat
364 2676 438 2723 esse
471 2654 729 2747 pronunciant:
764 2660 859 2749 quod
887 2683 993 2751 quam
1026 2683 1101 2727 non
1153 2654 1192 2722 in
1208 2649 1276 2725 hoc
1291 2680 1328 2725 se
1344 2659 1447 2729 nobis
1462 2666 1669 2747 ostenderit,
1694 2684 1733 2740 nt
1750 2665 1940 2745 humanam
1956 2677 2144 2752 πολιτείαν

113 2757 264 2850 quadret
279 2759 323 2825 ad
339 2752 526 2825 Paulinam
541 2758 772 2840 sententiam,
796 2760 1019 2850 perspicuum
1038 2773 1100 2831 est.
1155 2760 1339 2848 conderet,
1367 2764 1493 2830 mundi
1509 2787 1656 2854 regnum
1674 2792 1748 2839 non
1771 2776 1951 2863 labefacit,
1978 2781 2088 2851 immo
2103 2783 2141 2850 in

113 2857 212 2946 Quid
228 2857 322 2927 enim
339 2869 410 2925 tarn
426 2857 597 2926 dissimile
609 2857 722 2927 voluit
736 2859 797 2927 ille
814 2883 886 2927 esse
902 2860 1100 2940 latrocinio,
1151 2856 1189 2926 id
1214 2861 1369 2931 extrudit
1393 2885 1469 2943 eos,
1497 2891 1585 2958 quos
1607 2894 1625 2937 a
1650 2873 1870 2961 turpitudine
1885 2905 1958 2951 non
1974 2877 2142 2952 dehorta-

112 2983 219 3052 quam
235 2957 510 3044 Magistratum?
563 2953 668 3023 Hunc
691 2958 959 3048 tranquillitatis
982 2962 1101 3050 publi·
1153 2971 1211 3029 tur
1231 2961 1360 3051 pietas,
1400 2978 1440 3034 ut
1465 2965 1517 3034 vis
1539 2984 1747 3039 remoretur.
1806 2977 1944 3049 Prodiit
1968 2977 2141 3069 Christus,

110 3084 172 3131 cae
190 3060 390 3138 custodem,
414 3068 596 3144 nuncupat
610 3051 762 3139 Paulus,
786 3080 866 3125 cum
884 3081 1003 3148 gerere
1024 3062 1101 3149 gla-
1151 3073 1192 3129 ut
1204 3063 1414 3132 coelestibus
1429 3066 1655 3153 muneribus,
1675 3087 1713 3141 ut
1730 3073 1989 3153 immortalitate
2007 3108 2139 3173 paucu-

109 3161 211 3232 dinm
227 3155 368 3237 scribit,
393 3167 432 3223 ut
445 3157 559 3224 bonos
574 3150 729 3226 honores
744 3157 894 3234 adliciat.
946 3158 1052 3248 Quod
1070 3165 1100 3232 si
1151 3160 1206 3229 los
1222 3165 1405 3254 quosdam,
1430 3176 1597 3258 tanquam
1615 3171 1652 3239 in
1668 3175 1777 3243 alium
1794 3185 1937 3252 eductos
1953 3191 2140 3271 mundum,

108 3257 336 3330 latrocinium
358 3251 587 3344 Magistratus
610 3270 680 3343 est,
711 3261 892 3329 custodem
921 3261 1097 3333 bonorum
1150 3263 1317 3348 donaret,
1348 3287 1422 3332 nora
1446 3279 1485 3335 ut
1506 3269 1664 3342 civitates
1690 3280 1930 3359 constitueret.
1981 3286 2139 3379 Regibus

111 3359 176 3455 qui
197 3358 282 3428 cedo
304 3356 517 3447 adpellabit?
568 3356 672 3428 lubet
695 3359 779 3429 item
802 3358 934 3431 Paulus
957 3364 1097 3454 piorum
1151 3357 1243 3433 hanc
1269 3365 1489 3456 provinciam
1513 3371 1677 3465 reliquit,
1714 3386 1903 3453 tenendam
1924 3411 2138 3460 conservan-

107 3460 201 3531 ,οὓς
221 3456 449 3547 Magistratus
472 3454 548 3529 lleo
571 3462 827 3546 commendari,
857 3477 896 3533 ut
917 3465 1008 3534 salvi
1030 3490 1097 3558 pu·
1148 3465 1300 3558 damque
1313 3467 1380 3537 ocii
1398 3470 1522 3538 tuendi
1538 3495 1654 3546 causa.
1699 3474 1774 3570 lpse
1789 3482 1826 3552 in
1843 3487 1984 3576 piorum
1998 3506 2137 3580 pectora

104 3562 236 3634 bucam
251 3558 547 3651 tranquillitatem
561 3575 736 3631 tueantur.
792 3561 961 3659 Idemque
977 3569 1097 3637 exula-
1148 3567 1311 3655 spiritum
1327 3592 1430 3639 suum
1445 3573 1678 3661 transfundit,
1705 3596 1743 3651 ut
1760 3583 1981 3659 divinitatem
1998 3617 2077 3663 cum
2094 3596 2137 3664 iis

105 3663 196 3736 turis
211 3659 348 3731 ludaeis
362 3657 560 3732 Hieremias
577 3662 755 3754 praecipit.
806 3662 854 3736 At
869 3666 1094 3739 incolumita-
1147 3668 1394 3740 communicet.
1448 3668 1526 3761 lpse
1544 3678 1653 3748 verbo
1676 3702 1824 3758 renovat
1842 3694 1983 3780 piorum
2002 3709 2135 3765 mentes

105 3778 176 3838 tem
191 3762 379 3833 latrocinio
395 3763 550 3852 precari,
575 3758 690 3832 nihilo
706 3764 816 3854 magis
830 3766 883 3836 las
896 3782 962 3852 est,
988 3793 1093 3862 quam
1145 3762 1209 3838 καὶ
1220 3768 1542 3864 μετασχηματίζει.
1568 3775 1670 3850 Nihil
1686 3775 1771 3856 haec
1781 3791 1824 3856 ad
1834 3793 1960 3861 mundi
1977 3806 2135 3880 regnum,

104 3867 196 3938 gent
223 3864 359 3957 precati
386 3863 628 3954 lupanaribus.
689 3864 780 3935 Tam
807 3868 900 3938 clare
926 3871 1094 3942 discernit
1146 3872 1242 3960 quod
1258 3871 1296 3938 in
1312 3878 1566 3963 componendis
1582 3891 1719 3951 tantum
1739 3889 1909 3974 moribus,
1931 3888 2134 3967 inarcenda

105 3965 335 4041 ,latrocinio
359 3962 608 4054 Magistratum
631 3965 817 4056 scriptura:
852 3971 945 4040 inter
960 3995 1049 4063 quae
1064 3973 1092 4040 si
1145 3970 1315 4039 violentia
1337 3985 1506 4039 versatur.
1571 3975 1613 4044 ld
1636 3985 1731 4072 quod
1765 4009 1837 4056 non
1868 3993 1969 4062 facile
1995 4009 2132 4067 tantum

106 4065 200 4143 nihil
233 4068 395 4150 interest,
433 4066 620 4137 sceleratus
654 4081 729 4137 erat
756 4065 901 4159 loseph,
940 4095 1020 4139 cum
1054 4073 1093 4140 in
1145 4065 1407 4154 fertChristus,
1431 4073 1491 4141 sed
1509 4075 1637 4164 probat
1660 4081 1784 4170 etiam,
1810 4112 1890 4162 cum
1911 4109 1945 4167 et
1965 4117 2048 4165 suos
2069 4123 2133 4189 pa-

107 4165 266 4265 Atgypto
290 4168 500 4258 imperaret,
524 4168 685 4238 scelerati
699 4164 887 4239 Cornelius
909 4183 944 4240 et
970 4185 1093 4241 centu·
1143 4191 1221 4237 rere
1236 4168 1343 4255 iubet,
1367 4185 1400 4242 et
1416 4172 1652 4248 ministerium
1667 4179 1735 4253 Dei
1750 4210 1822 4259 esse
1837 4194 1976 4266 fatetur.
2012 4195 2132 4287 Quare

107 4272 181 4357 rio,
204 4271 304 4342 cuius
328 4271 433 4338 fidem
458 4266 621 4340 Christus
640 4269 743 4339 unice
765 4271 959 4360 praedicat,
984 4272 1092 4363 pleri·
1143 4270 1262 4362 quiad
1277 4268 1433 4362 Respub.
1450 4281 1619 4348 accessuri
1635 4298 1735 4371 sunt,
1761 4282 1917 4368 hasnon
1933 4301 2040 4370 modo
2057 4326 2132 4373 non

106 4398 175 4466 que
191 4373 273 4442 item
289 4373 350 4440 alii
367 4371 428 4464 qui
444 4367 677 4463 Respublicas
697 4383 732 4442 et
747 4372 933 4460 gentilium
956 4373 1091 4462 legibus
1142 4367 1292 4445 retrahit
1319 4374 1464 4466 religio,
1495 4381 1553 4448 sed
1581 4400 1703 4457 monet
1724 4390 1830 4462 etiam
1851 4399 1949 4489 pium
1976 4403 2130 4474 officium

103 4473 408 4546 administramnt.
471 4468 527 4542 De
558 4472 705 4542 iudaicis
738 4470 898 4561 Regibus
928 4476 1090 4544 nondum
1142 4475 1313 4559 facturos,
1339 4477 1368 4543 si
1386 4479 1527 4568 publica
1547 4507 1694 4557 munera
1709 4506 1801 4562 reete
1816 4502 2003 4589 gesserint,
2029 4506 2059 4574 si
2075 4507 2130 4576 ius

103 4575 185 4646 dico
195 4623 206 4656 ‚
230 4599 317 4667 quot
339 4587 470 4666 putant
491 4574 609 4644 minus
633 4578 793 4665 possead
812 4590 930 4646 nostra
950 4599 1091 4666 compa·
1142 4577 1291 4645 candide
1306 4577 1468 4649 dixerint.
1522 4582 1595 4671 Qui
1608 4609 1706 4658 secus
1720 4594 1864 4679 docent,
1890 4626 1970 4671 eum
1985 4606 2029 4673 de
2043 4592 2129 4697 pro-

103 4677 195 4759 mi,
219 4678 279 4744 ,ed
295 4670 360 4746 hot
374 4697 463 4769 quot
475 4675 646 4760 recensui,
672 4700 800 4770 quaeso
817 4677 1000 4768 patiamini
1017 4701 1090 4745 me·
1142 4673 1269 4767 phanis
1287 4678 1442 4768 legibus,
1475 4695 1550 4753 tum
1569 4688 1613 4757 de
1628 4685 1762 4764 Christi
1785 4701 1929 4773 nomine
1946 4707 2037 4777 male
2055 4735 2131 4780 me-

101 4778 205 4849 lioris
222 4788 325 4845 notae
341 4773 562 4863 Christianos
580 4777 707 4860 luisse,
733 4802 837 4871 quam
864 4774 902 4847 hi
919 4792 1019 4863 sunt,
1046 4781 1090 4848 de
1140 4791 1276 4850 rentur.

102 4903 257 4975 quot-um
280 4876 436 4948 moribus
456 4891 681 4972 posteaquam
704 4879 862 4970 publicas
889 4881 982 4968 leges
1003 4905 1089 4949 con·
1243 4878 1292 4950 At
1309 4880 1447 4972 litigare
1464 4899 1557 4958 vetat
1572 4884 1745 4968 Christus.
1798 4899 1888 4988 Quis
1906 4909 2035 4997 negat?
2068 4911 2128 4983 lu-

102 4997 261 5052 temnere
282 4994 493 5069 coeperunt,
526 4981 654 5072 passim
684 4982 775 5051 male
804 4982 903 5051 audit
925 4979 1090 5070 Evange-
1141 4981 1258 5051 dicare
1281 5007 1366 5052 vero
1390 5009 1463 5054 non
1485 5004 1589 5060 vetat.
1641 4991 1825 5081 Quantum
1847 5020 1962 5077 autem
1989 5012 2128 5085 intersit

102 5083 205 5153 lium.
261 5080 334 5152 Sed
362 5082 457 5149 unde
482 5083 624 5151 tandem
652 5077 844 5151 honorifica
875 5083 1090 5173 appellatio?
1142 5082 1457 5156 interiudicareet
1481 5089 1637 5179 litigare,
1663 5120 1858 5175 nemonon
1870 5109 1983 5181 videt.
2035 5114 2125 5186 Nam

101 5180 241 5277 Ecquid
260 5181 438 5273 praecepit
451 5179 546 5252 Deus
563 5185 608 5252 de
627 5183 770 5272 gladio?
803 5181 964 5253 Primum
981 5184 1088 5252 mini·
1140 5198 1182 5255 ut
1198 5186 1366 5256 viatorem
1381 5189 1521 5279 pulsare
1534 5191 1628 5264 Deus
1645 5214 1747 5288 vetat,
1772 5229 1845 5277 non
1864 5227 1955 5284 vetat
1971 5216 2126 5306 obligare

99 5282 251 5358 sterDei
276 5283 306 5353 is
326 5297 397 5369 est,
424 5282 486 5375 qui
509 5283 584 5355 eius
608 5284 740 5354 iussum
762 5283 862 5369 lacit,
893 5286 1024 5378 quique
1048 5311 1088 5356 ex
1142 5287 1292 5374 vulnus,
1318 5288 1459 5383 siquod
1485 5292 1515 5362 is
1531 5295 1621 5368 forte
1646 5308 1835 5398 acceperit,
1860 5313 1907 5384 ita
1923 5341 2123 5409 quanquam
2250 5365 2257 5375 .

1437 5387 1496 5462 5*
