4732 6030
179 277 255 351 oss
635 266 800 350 onon.
838 270 914 350 un
947 271 1285 354 rnronnmo
1316 272 1469 351 oues
1501 272 1621 349 sax.
1653 270 1736 352 un
2131 280 2207 355 oro

279 449 324 520 ln
337 441 395 518 his
405 445 490 539 ipsis
504 445 793 518 contentionibus
800 463 936 521 norunt
946 445 1063 521 adhuc
1072 450 1168 520 mul·
1318 443 1485 516 Vidimus
1499 445 1568 538 ipsi
1582 469 1690 516 manu
1708 445 1784 516 eius
1803 447 1948 539 scriptas
1963 450 2155 524 sententias
2169 456 2207 524 in

179 549 210 621 ti
224 574 298 621 non
313 550 427 620 solum
442 547 662 638 vigilantiam
672 549 866 636 Friderici,
891 552 951 622 sed
968 551 1073 622 etiam
1089 575 1165 621 mo·
1215 547 1334 641 parvis
1360 548 1526 639 pagellis,
1557 571 1642 640 quas
1671 548 1838 618 adfixerat
1860 549 2072 639 parietibus,
2088 568 2145 625 .ut
2166 556 2205 625 in

180 651 398 723 demtionem
420 648 550 735 animi,
583 662 619 720 et
634 651 866 722 constantiam
882 652 922 722 in
938 653 1070 744 optima
1086 674 1169 721 sen·
1215 662 1404 742 conspectu
1418 663 1550 734 essent,
1576 651 1619 718 de
1635 648 1743 719 animi
1759 650 2019 738 moderatione,
2041 656 2207 727 videlicet
2336 684 2338 689 ’

178 753 287 823 tentia
303 752 527 820 excellentem
539 750 665 836 fuisse,
690 751 729 821 in
745 777 815 847 qua
838 752 913 823 eius
927 754 1067 825 animus
1080 753 1168 823 alie-
1215 743 1283 820 hoc
1305 749 1457 822 Senecae
1485 751 1636 820 dictum:
1668 744 1770 818 Nihil
1794 773 1980 839 magnum,
2013 757 2107 845 quod
2132 781 2206 829 non

178 853 346 922 nissimus
365 851 434 921 fuit
454 852 500 920 ab
515 851 727 933 ambitione,
754 867 788 924 et
802 854 1030 939 abomnibus
1046 853 1167 945 priva·
1214 865 1266 921 est
1280 849 1472 943 placidum.
1519 848 1567 922 Et
1589 847 1656 922 hoc
1677 847 1875 921 Plutarchi:
1904 851 1952 924 Ut
1967 852 2028 925 Sol
2047 879 2126 924 cum
2143 881 2206 925 ve-

177 953 223 1022 tis
252 950 520 1043 cupiditatibus,
553 973 593 1021 ac
614 966 752 1023 tantum
780 956 928 1025 salutem
952 952 1166 1027 Germaniae
1213 952 1269 1022 nit
1290 954 1329 1020 in
1351 974 1530 1022 summum
1552 953 1730 1043 fastigium
1753 952 1887 1023 tardius
1910 953 2061 1036 incedit,
2095 955 2144 1027 ita
2166 958 2204 1026 in

176 1053 355 1144 publicam
368 1052 546 1143 spectavit.
598 1051 722 1124 Postea
740 1056 942 1125 etiamtum
959 1057 997 1125 in
1015 1053 1165 1126 Germa·
1213 1075 1350 1122 summa
1371 1064 1542 1144 potestate
1566 1052 1766 1125 contentius
1787 1067 1821 1123 et
1843 1056 2060 1126 moderatius
2085 1059 2203 1129 omnia

176 1154 275 1224 niam
295 1153 446 1224 venisset
461 1152 632 1239 Carolus,
655 1168 696 1225 ut
714 1178 781 1244 pax
801 1170 835 1227 et
850 1158 1038 1228 concordia
1059 1157 1165 1247 prin·
1213 1155 1348 1243 agenda
1365 1175 1450 1224 esse.

176 1255 296 1343 cipum
328 1255 616 1340 constitueretur,
648 1277 794 1344 magnos
818 1256 957 1328 labores
986 1258 1165 1344 sustinuit,
1311 1249 1551 1324 Sciebatnihil
1561 1264 1632 1322 tam
1646 1276 1719 1323 esse
1735 1249 1874 1325 homini
1887 1256 2071 1338 familiare,
2096 1280 2203 1350 quam

176 1355 307 1446 quibus
322 1365 356 1423 et
369 1355 527 1445 corporis
541 1354 635 1424 vires
648 1355 687 1425 in
703 1380 743 1426 eo
758 1356 995 1447 languelactae
1010 1372 1104 1431 sunt.
1212 1349 1424 1423 hallucinari
1446 1368 1479 1425 et
1500 1376 1629 1423 errare.
1686 1352 1771 1424 Ideo
1793 1380 1953 1428 normam
1972 1357 2201 1428 consiliorum

275 1452 349 1525 Nec
371 1455 447 1524 leve
464 1479 628 1527 curarum
645 1458 974 1530 etsollieitudinum
991 1459 1164 1530 iudicium
1212 1454 1354 1526 volebat
1374 1477 1448 1526 esse
1472 1455 1658 1547 praecipue
1674 1455 1785 1544 legem
1805 1454 1892 1543 Dei,
1917 1458 2046 1527 deinde
2066 1472 2100 1528 et
2115 1459 2202 1528 alia-

90 1573 93 1579 ’
174 1554 320 1624 fuerunt
344 1555 461 1625 morbi
482 1555 607 1646 ipsius.
662 1553 740 1627 Etsi
764 1561 858 1628 enim
875 1560 1001 1630 calculi
1016 1559 1163 1629 saevicia
1211 1579 1291 1625 rum
1307 1556 1425 1646 legum
1440 1579 1577 1641 vocem,
1603 1577 1695 1648 quae
1708 1557 1907 1646 sapientum
1924 1560 2200 1647 gubernatorum

176 1657 246 1725 orti
260 1682 281 1725 a
296 1656 443 1725 renibus
456 1657 629 1727 extinctus
654 1671 725 1742 est,
751 1672 868 1729 tamen
886 1674 920 1732 et
936 1660 1076 1731 dolores
1096 1655 1164 1752 hy·
1211 1656 1345 1727 iudicio
1363 1671 1522 1747 receptae
1551 1670 1653 1737 sunt,
1686 1671 1721 1728 et
1745 1681 1804 1728 eos
1831 1660 1891 1750 qui
1914 1683 1995 1728 suas
2016 1659 2203 1750 opiniones

174 1752 416 1846 pochondrios
431 1778 578 1846 magnos
597 1753 742 1844 habuit,
766 1785 876 1854 quare
896 1762 1025 1830 medici
1045 1774 1164 1851 postea
1210 1756 1364 1826 nimium
1379 1759 1562 1837 amabant,
1588 1780 1664 1826 non
1678 1757 1862 1848 probabat.
1915 1757 2028 1828 Valde
2044 1761 2153 1847 igitur
2168 1772 2203 1828 et

174 1857 332 1948 splenem
348 1857 576 1947 contemplati
600 1859 753 1951 lapidem
773 1862 813 1929 in
833 1861 910 1952 ipso
925 1863 1047 1953 splene
1063 1862 1165 1929 inve-
1212 1850 1277 1926 hac
1291 1857 1463 1926 sententia
1481 1857 1737 1940 delectabatur,
1762 1881 1843 1926 cum
1859 1859 1951 1928 forte
1971 1883 2047 1929 eam
2063 1859 2101 1926 in
2116 1857 2202 1928 Plu-

174 1971 306 2027 nerunt
323 1957 491 2026 maiorem
506 1959 646 2047 glande.
853 1976 856 1981 ’
1212 1953 1325 2028 tarchi
1350 1957 1481 2048 scripto
1511 1957 1666 2047 legisset,
1704 1981 1795 2049 quae
1816 1958 1988 2029 tribuitur
2006 1957 2201 2030 Simonidi:

276 2055 324 2128 Ut
340 2071 454 2127 autem
471 2053 556 2128 haec
566 2059 677 2150 ipsius
691 2072 850 2130 senectus
863 2059 965 2152 plena
977 2060 1047 2132 fuit
1061 2084 1164 2132 enra-
1211 2058 1334 2149 opinio
1352 2058 1424 2125 vim
1442 2060 1557 2128 adfert
1570 2057 1734 2139 veritati,

174 2169 305 2228 mmet
326 2157 487 2227 laborum
503 2173 648 2249 propter
662 2157 872 2247 Ecclesiam,
896 2175 930 2232 et
946 2158 1053 2232 huius
1071 2160 1164 2233 Ger·
1357 2151 1393 2218 τό
1416 2154 1516 2219 ‘imit
1536 2147 1674 2236 ,tacitum
1695 2151 1754 2237 τὴν
1775 2150 1936 2236 diluam.

173 2260 304 2328 manici
330 2256 470 2349 imperii
494 2260 632 2349 negotia
657 2261 768 2330 multa
797 2276 832 2333 et
853 2284 996 2352 magna,
1027 2265 1074 2333 ita
1099 2264 1164 2332 do·
1311 2257 1385 2330 Nec
1400 2260 1501 2329 rudis
1517 2273 1592 2330 erat
1612 2260 1795 2329 doctrinae
1812 2262 1857 2330 de
1870 2256 2025 2330 motibus
2041 2260 2201 2330 eoelesti-

174 2359 318 2428 mestica
339 2358 411 2429 vita
431 2359 501 2431 fuit
526 2362 631 2450 plena
658 2355 887 2432 honestorum
912 2365 1163 2455 exemplorum.
1211 2360 1294 2445 bus,
1326 2361 1427 2431 cuius
1449 2361 1621 2430 didicerat
1644 2361 1815 2430 elementa
1847 2384 1865 2428 a
1891 2361 2030 2430 medico
2054 2359 2201 2430 Meller-

175 2457 219 2528 ln
240 2459 319 2529 aula
339 2459 479 2529 adsidui
502 2463 649 2531 aderant
671 2462 741 2531 viri
764 2462 970 2533 excellentes
992 2463 1162 2556 sapientia
1210 2462 1346 2542 stadio,
1378 2462 1440 2553 qui
1460 2462 1493 2530 ei
1517 2461 1602 2530 inde
1622 2482 1734 2553 usque
1753 2461 1798 2530 ab
1820 2459 2053 2530 adolescentia
2073 2461 2118 2530 ad
2144 2482 2201 2529 se·

175 2574 208 2630 et
223 2560 354 2630 virtute
363 2557 569 2631 Fabianusa
580 2557 767 2647 Feilitsch‚
789 2558 992 2635 Fridericus
1008 2561 1162 2650 a'l'hun,
1210 2574 1348 2631 nectam
1361 2561 1657 2631 familiarissimus
1672 2561 1760 2646 fuit,
1784 2573 1819 2631 et
1834 2584 1951 2630 comes
1970 2562 2084 2630 fuerat
2100 2584 2200 2655 pere·

173 2657 408 2743 Einsidelius,
446 2657 622 2732 lohannes
654 2685 674 2731 a
705 2662 936 2749 Mincltwitz‚
967 2663 1164 2751 Pantanus,
1211 2661 1421 2751 grinationis
1435 2662 1473 2729 in
1490 2660 1738 2735 Palaestinam.

174 2783 276 2851 saepe
299 2772 333 2828 et
356 2756 598 2855 Hiemnymus
624 2757 769 2833 Schurli
794 2776 828 2832 et
852 2763 915 2832 alii
937 2768 1162 2835 accerseban·
1312 2760 1418 2832 Scitis
1438 2762 1615 2831 veteribus
1637 2762 1778 2851 regibus
1802 2777 1836 2835 et
1858 2762 2008 2832 ducibus
2029 2761 2199 2830 usitatum

173 2876 244 2932 tur.
293 2858 451 2951 Eratque
473 2861 661 2929 consilium
685 2862 772 2944 tale,
797 2866 892 2953 quod
912 2888 1039 2952 magno
1053 2890 1162 2956 regno
1210 2860 1368 2932 studium
1398 2863 1506 2932 fuisse
1544 2862 1629 2932 artis
1666 2862 1841 2949 medicae,
1880 2876 1921 2932 ut
1955 2865 1999 2932 de
2030 2857 2200 2945 Chirone,

172 2962 296 3032 luisset
332 2972 555 3030 ornamento.
626 2955 718 3027 Cum
757 2955 814 3028 his
849 2961 934 3030 viris
973 2965 1161 3037 familiaria
1211 2958 1372 3047 Achille,
1407 2959 1610 3038 Alexandro
1632 2961 1791 3051 legimus.
1849 2963 1903 3032 Ita
1932 2975 1968 3033 et
1998 2960 2201 3032 Fridericus

174 3074 277 3130 erant
305 3057 499 3149 colloquia,
532 3061 577 3128 de
611 3058 783 3147 religione
812 3074 846 3130 et
882 3062 927 3131 de
962 3066 1163 3154 republica,
1211 3063 1366 3132 studiose
1393 3062 1562 3133 didicita
1592 3061 1805 3132 doctissimis
1832 3063 1920 3132 viris
1940 3061 2199 3147 Mellerstadio,

172 3160 278 3254 plena
303 3157 512 3248 prudentiae
537 3173 573 3231 et
593 3159 824 3255 eruditionis,
857 3173 893 3232 et
915 3165 1058 3235 condita
1080 3188 1163 3236 sua-
1212 3176 1245 3233 et
1259 3161 1435 3248 Pistorio,
1460 3164 1545 3235 artis
1566 3163 1723 3233 medicae
1743 3164 1878 3244 fontes,
1913 3187 2034 3233 causas
2052 3165 2199 3232 morbo-

172 3261 281 3332 vitate
300 3280 448 3329 summa.
1211 3286 1291 3333 rum
1302 3276 1336 3334 et
1350 3265 1517 3339 remedia.
1558 3262 1675 3333 Multa
1688 3265 1792 3332 etiam
1803 3264 2041 3356 experimenta
2052 3288 2070 3332 a
2081 3263 2201 3333 Maxi-

273 3355 389 3432 Erant
412 3358 570 3430 enimin
593 3359 878 3432 Fridericocum
901 3363 992 3433 aliae
1015 3364 1162 3435 virtutes
1210 3364 1359 3433 miliano
1374 3376 1409 3434 et
1423 3365 1498 3433 eius
1517 3363 1662 3433 medicis
1675 3363 1818 3461 accepit.
1871 3361 1994 3457 ltaque
2009 3363 2200 3458 quotannis

173 3463 306 3534 multae
326 3484 367 3530 ac
388 3483 553 3551 magnae,
587 3463 775 3553 prudentia
799 3487 905 3554 quam
929 3466 1034 3534 etiam
1049 3464 1161 3535 literis
1210 3465 1321 3535 multa
1337 3465 1494 3534 remedia
1518 3487 1581 3534 sua
1597 3487 1705 3532 manu
1723 3464 1932 3552 adparabat,
1958 3488 2108 3556 eumque
2126 3464 2200 3532 vir-

174 3577 207 3635 et
224 3561 412 3656 colloquiis
425 3560 624 3652 sapientum
644 3563 776 3641 alebat,
800 3563 958 3648 iusticia,
983 3587 1085 3634 amor
1098 3589 1161 3634 ve·
1211 3577 1321 3635 tutem
1343 3565 1505 3659 principe
1519 3564 1662 3651 dignam
1677 3583 1751 3630 esse
1775 3563 1878 3632 sciret
1891 3556 2078 3633 hominum
2095 3563 2199 3634 saluti

172 3664 307 3751 ritatis,
322 3664 415 3735 tides
429 3662 467 3730 in
484 3662 611 3753 pactis,
635 3662 829 3732 constantia
842 3661 881 3730 in
897 3663 1003 3733 bonis
1018 3677 1161 3734 senten·
1210 3685 1313 3753 opem
1337 3663 1447 3742 lerre,
1476 3662 1629 3731 officiose
1651 3662 1760 3731 dabat
1778 3662 1933 3732 remedia
1959 3663 2143 3733 nobilibus
2165 3678 2200 3736 et

172 3765 250 3846 tiis,
280 3761 528 3848 beneficentia,
560 3776 636 3834 tum
651 3785 735 3832 vero
752 3762 856 3832 etiam
877 3762 1066 3853 singularis
1082 3788 1161 3833 mo·
1211 3761 1441 3850 ignobilibus.
1492 3760 1650 3832 Vulnera
1667 3774 1703 3832 et
1717 3762 1887 3832 tabefacta
1902 3765 2060 3832 membra
2077 3765 2201 3853 singu-

171 3866 309 3937 deratio
331 3878 367 3936 et
389 3862 554 3949 comitas,
582 3863 722 3958 qualem
744 3863 783 3933 in
798 3861 898 3934 Lelio
923 3877 957 3936 et
975 3865 1013 3935 in
1035 3862 1160 3955 Augu·
1210 3862 1279 3931 lari
1294 3862 1484 3932 faelicitate
1494 3863 1657 3946 curabat,
1680 3885 1830 3955 quarum
1847 3863 2123 3935 medicationem
2141 3866 2199 3933 in-

172 3979 227 4037 sto
242 3966 460 4060 praedicant.
1210 3962 1324 4053 signia
1343 3961 1500 4052 exempla
1520 3960 1666 4031 recitare
1684 3985 1876 4052 possemus.

274 4067 328 4137 Ac
347 4079 388 4136 ut
411 4078 513 4135 vetus
533 4061 685 4156 scriptor
707 4060 827 4157 inquit
850 4063 895 4133 de
913 4064 1045 4154 gratia,
1071 4090 1177 4159 quae,
1312 4061 1504 4132 Postremis
1526 4084 1610 4131 vero
1631 4063 1753 4145 annis,
1784 4086 1863 4132 cum
1896 4086 2020 4133 mrsus
2037 4059 2200 4154 Evange-

172 4164 328 4236 actiones
336 4159 509 4236 humanas
521 4188 644 4235 omnes
659 4163 786 4234 eximie
795 4176 913 4235 ornat:
933 4161 957 4260 ἡ
972 4159 1096 4238 πάντα
1111 4169 1160 4239 τὰ
1211 4164 1300 4234 lium
1317 4163 1534 4234 illucesceret
1552 4159 1607 4232 his
1623 4163 1848 4253 regionibus,
1874 4179 2045 4257 quantum
2063 4179 2199 4257 tempu·

174 4256 399 4360 ἀνθρώπινα
419 4264 669 4358 lamosacum
680 4257 812 4361 χάρις,
846 4258 938 4336 hanc
952 4268 1158 4339 suavitatem
1210 4266 1261 4336 ris
1289 4264 1456 4336 suffurari
1482 4264 1637 4355 negociis
1666 4264 1934 4355 gubernationis
1964 4279 2119 4357 poterat,
2159 4267 2197 4336 id

173 4367 342 4438 omnibus
372 4367 595 4436 sermonibus
628 4380 734 4461 atque
765 4366 964 4438 actionibus
983 4370 1160 4457 miscebat,
1210 4366 1355 4437 lectioni
1377 4365 1580 4437 divinorum
1603 4365 1779 4435 librorum
1794 4378 1828 4435 et
1843 4367 1981 4456 piarum
2005 4368 2199 4455 enarratio,

173 4492 280 4562 quam
310 4466 416 4537 etiam
440 4465 592 4537 eruditio
614 4468 774 4559 augebat.
839 4464 1034 4540 curaverat
1064 4472 1159 4540 enim
1210 4492 1297 4536 nram
1321 4467 1521 4554 tribuebat,
1551 4469 1681 4561 quibus
1705 4479 1739 4535 et
1754 4468 1896 4537 erudire
1916 4489 1953 4537 se
1972 4480 2008 4538 et
2023 4470 2066 4538 ad
2080 4491 2199 4538 veram

172 4568 243 4641 sihi
256 4565 427 4661 perscribi
441 4566 619 4657 epitomen
640 4567 889 4653 historiarum,
914 4568 956 4638 in
969 4594 1038 4664 qua
1054 4573 1160 4643 series
1210 4568 1469 4639 invocationem
1485 4569 1630 4638 accendi
1643 4567 1861 4652 adfirmabat.
1910 4565 1964 4637 Ac
1978 4591 2079 4657 saepe
2094 4569 2132 4636 in
2145 4569 2200 4644 la·
2307 4606 2314 4618 ·

174 4684 250 4743 erat
265 4668 428 4741 omnium
449 4679 650 4758 temporum
672 4681 707 4738 et
722 4665 1027 4757 monarchiarum,
1054 4697 1159 4766 quam
1209 4669 1410 4739 miliaribus
1426 4669 1649 4738 sermonibus
1664 4668 1825 4737 tenebras
1840 4664 2018 4737 Ecclesiae
2035 4668 2201 4759 deplora·

174 4770 273 4842 ithin
291 4781 478 4861 conspectu
495 4763 643 4852 habeat,
666 4782 707 4837 ut
729 4769 769 4839 in
788 4771 1002 4860 gravissimis
1024 4775 1160 4844 delibe-
1210 4772 1291 4854 bat,
1314 4772 1471 4863 adeoque
1497 4771 1618 4839 dextre
1639 4768 1854 4837 diiudicabat
1875 4768 2116 4838 doctrinarum
2139 4792 2202 4859 ge-

173 4872 389 4955 rationibus,
426 4892 529 4960 saepe
559 4868 645 4937 inde
669 4871 825 4959 exempla
855 4873 1027 4945 recitaret.
1086 4873 1161 4945 Nec
1209 4893 1317 4954 nera,
1349 4885 1389 4941 ut
1412 4872 1595 4962 adpareret
1618 4870 1710 4939 serio
1730 4891 1811 4938 eum
1834 4867 2020 4938 intendere
2045 4882 2198 4941 mentem

173 4997 257 5045 raro
266 4974 415 5052 dicebat,
439 4993 561 5041 senon
577 4981 715 5041 tantum
730 4971 920 5061 voluptatis
932 4998 1034 5044 eausa
1047 4971 1161 5047 histo-
1209 4972 1250 5041 in
1267 4967 1392 5041 harum
1406 4971 1638 5041 maximarum
1654 4993 1772 5039 rerum
1787 4969 2117 5045 considerationem.

173 5076 245 5144 rias
260 5075 394 5164 legere,
418 5073 480 5141 sed
495 5094 634 5142 sumere
647 5071 731 5138 inde
745 5071 791 5139 de
806 5072 928 5143 multis
942 5079 1047 5147 rebus
1062 5101 1161 5146 com·
1311 5070 1473 5166 Cumque
1494 5086 1621 5142 natura
1642 5070 1759 5161 gravis
1784 5084 1819 5139 et
1847 5070 2079 5165 pauciloquus
2100 5084 2201 5156 esset,

173 5174 467 5259 monelaetiones,
490 5186 525 5244 et
538 5172 776 5263 cognitionem
793 5195 914 5241 earum
928 5178 1159 5251 necessariam
1210 5187 1246 5245 et
1259 5195 1383 5264 parum
1401 5177 1432 5261 ei
1448 5175 1652 5244 concederet
1668 5171 1769 5241 vacui
1786 5171 1955 5262 temporis
1971 5172 2112 5263 respub.
2134 5194 2198 5240 ne-

174 5300 267 5363 esse,
292 5300 366 5345 non
381 5275 496 5345 solum
510 5272 823 5364 gubernatoribus,
846 5276 908 5344 sed
927 5277 1032 5348 etiam
1047 5294 1158 5350 caete-
1210 5299 1386 5370 quaquam
1401 5276 1642 5346 delectabatur
1656 5272 1804 5343 curiosis
1820 5284 1855 5342 et
1869 5273 2058 5344 inutilibus
2074 5271 2200 5361 dispu-

173 5378 224 5450 ris
237 5375 445 5457 hominibus
457 5376 636 5452 omnibus.
771 5375 774 5380 ’
1208 5377 1422 5458 tationibus,
1442 5376 1481 5444 in
1496 5376 1626 5469 quibus
1640 5374 1783 5446 videbat
1795 5374 1928 5445 multos
1940 5372 2126 5443 ambitiose
2140 5375 2198 5443 in·
