<?xml version="1.0" encoding="UTF-8"?>
<!DOCTYPE html PUBLIC "-//W3C//DTD XHTML 1.0 Transitional//EN"
    "http://www.w3.org/TR/xhtml1/DTD/xhtml1-transitional.dtd">
<html xmlns="http://www.w3.org/1999/xhtml" xml:lang="en" lang="en">
 <head>
  <title>
</title>
<meta http-equiv="Content-Type" content="text/html;charset=utf-8" />
  <meta name='ocr-system' content='tesseract 3.04.00' />
  <meta name='ocr-capabilities' content='ocr_page ocr_carea ocr_par ocr_line ocrx_word'/>
</head>
<body>
  <div class='ocr_page' id='page_1' title='image "./philippimelanth21melagoog_0295.png"; bbox 0 0 4732 6030; ppageno 0'>
   <div class='ocr_carea' id='block_1_1' title="bbox 189 357 265 434">
    <p class='ocr_par' dir='ltr' id='par_1_1' title="bbox 189 357 265 434">
     <span class='ocr_line' id='line_1_1' title="bbox 189 357 265 434; baseline -0.026 0"><span class='ocrx_word' id='word_1_1' title='bbox 189 357 265 434; x_wconf 73' lang='grc'>668</span> 
     </span>
    </p>
   </div>
   <div class='ocr_carea' id='block_1_2' title="bbox 192 514 1181 619">
    <p class='ocr_par' dir='ltr' id='par_1_2' title="bbox 192 514 1181 619">
     <span class='ocr_line' id='line_1_2' title="bbox 192 514 1181 619; baseline -0.021 -20"><span class='ocrx_word' id='word_1_2' title='bbox 192 525 405 619; x_wconf 80' lang='lat' dir='ltr'>Hieronymi</span> <span class='ocrx_word' id='word_1_3' title='bbox 423 533 531 592; x_wconf 90' lang='lat' dir='ltr'>aetate</span> <span class='ocrx_word' id='word_1_4' title='bbox 551 518 588 586; x_wconf 91' lang='lat' dir='ltr'>iu</span> <span class='ocrx_word' id='word_1_5' title='bbox 604 515 769 585; x_wconf 91' lang='lat' dir='ltr'>manibus</span> <span class='ocrx_word' id='word_1_6' title='bbox 791 514 932 606; x_wconf 90' lang='lat' dir='ltr'>piorum</span> <span class='ocrx_word' id='word_1_7' title='bbox 953 515 1115 594; x_wconf 84' lang='lat' dir='ltr'>luerunt,</span> <span class='ocrx_word' id='word_1_8' title='bbox 1141 523 1181 579; x_wconf 91' lang='lat' dir='ltr'>ut</span> 
     </span>
    </p>
   </div>
   <div class='ocr_carea' id='block_1_3' title="bbox 846 334 1545 425">
    <p class='ocr_par' dir='ltr' id='par_1_3' title="bbox 846 334 1545 425">
     <span class='ocr_line' id='line_1_3' title="bbox 846 334 1545 425; baseline -0.021 -2"><span class='ocrx_word' id='word_1_9' title='bbox 846 350 1006 425; x_wconf 85' lang='lat' dir='ltr'>DECL.</span> <span class='ocrx_word' id='word_1_10' title='bbox 1056 346 1131 422; x_wconf 84' lang='lat' dir='ltr'>DE</span> <span class='ocrx_word' id='word_1_11' title='bbox 1172 334 1545 419; x_wconf 84' lang='lat' dir='ltr'>POLYCARPO.</span> 
     </span>
    </p>
   </div>
   <div class='ocr_carea' id='block_1_4' title="bbox 2146 343 2225 418">
    <p class='ocr_par' dir='ltr' id='par_1_4' title="bbox 2146 343 2225 418">
     <span class='ocr_line' id='line_1_4' title="bbox 2146 343 2225 418; baseline 0.025 -2"><span class='ocrx_word' id='word_1_12' title='bbox 2146 343 2225 418; x_wconf 76' lang='lat'>564</span> 
     </span>
    </p>
   </div>
   <div class='ocr_carea' id='block_1_5' title="bbox 1232 497 2229 578">
    <p class='ocr_par' dir='ltr' id='par_1_5' title="bbox 1232 497 2229 578">
     <span class='ocr_line' id='line_1_5' title="bbox 1232 497 2229 578; baseline -0.003 -2"><span class='ocrx_word' id='word_1_13' title='bbox 1232 504 1383 576; x_wconf 82' lang='lat' dir='ltr'>subinde</span> <span class='ocrx_word' id='word_1_14' title='bbox 1410 513 1576 571; x_wconf 89' lang='lat' dir='ltr'>renovata</span> <span class='ocrx_word' id='word_1_15' title='bbox 1602 513 1661 569; x_wconf 89' lang='lat' dir='ltr'>est.</span> <span class='ocrx_word' id='word_1_16' title='bbox 1723 497 1799 570; x_wconf 90' lang='lat' dir='ltr'>Sub</span> <span class='ocrx_word' id='word_1_17' title='bbox 1823 499 2030 572; x_wconf 90' lang='lat' dir='ltr'>Domitiano</span> <span class='ocrx_word' id='word_1_18' title='bbox 2056 528 2137 575; x_wconf 90' lang='lat' dir='ltr'>cum</span> <span class='ocrx_word' id='word_1_19' title='bbox 2164 508 2229 578; x_wconf 86' lang='lat' dir='ltr'>alii</span> 
     </span>
    </p>
   </div>
   <div class='ocr_carea' id='block_1_6' title="bbox 194 597 2228 817">
    <p class='ocr_par' dir='ltr' id='par_1_6' title="bbox 194 597 2228 817">
     <span class='ocr_line' id='line_1_6' title="bbox 194 597 2228 721; baseline -0.011 -21"><span class='ocrx_word' id='word_1_20' title='bbox 194 629 269 721; x_wconf 91' lang='lat' dir='ltr'>ipse</span> <span class='ocrx_word' id='word_1_21' title='bbox 287 634 547 698; x_wconf 74' lang='lat' dir='ltr'><strong>commemorat.</strong></span> <span class='ocrx_word' id='word_1_22' title='bbox 597 616 722 687; x_wconf 86' lang='lat' dir='ltr'>Postea</span> <span class='ocrx_word' id='word_1_23' title='bbox 738 631 853 686; x_wconf 90' lang='lat' dir='ltr'>secuta</span> <span class='ocrx_word' id='word_1_24' title='bbox 872 629 922 684; x_wconf 90' lang='lat' dir='ltr'>est</span> <span class='ocrx_word' id='word_1_25' title='bbox 944 629 1037 684; x_wconf 89' lang='lat' dir='ltr'>aetas</span> <span class='ocrx_word' id='word_1_26' title='bbox 1059 615 1182 681; x_wconf 92' lang='lat' dir='ltr'>ineru-</span> <span class='ocrx_word' id='word_1_27' title='bbox 1232 605 1337 675; x_wconf 91' lang='lat' dir='ltr'>multi</span> <span class='ocrx_word' id='word_1_28' title='bbox 1352 602 1526 672; x_wconf 82' lang='lat' dir='ltr'>interfecti</span> <span class='ocrx_word' id='word_1_29' title='bbox 1542 614 1672 683; x_wconf 90' lang='lat' dir='ltr'>essent,</span> <span class='ocrx_word' id='word_1_30' title='bbox 1700 597 1876 671; x_wconf 87' lang='lat' dir='ltr'>lohannes</span> <span class='ocrx_word' id='word_1_31' title='bbox 1890 603 1928 670; x_wconf 94' lang='lat' dir='ltr'>in</span> <span class='ocrx_word' id='word_1_32' title='bbox 1943 606 2123 696; x_wconf 86' lang='lat' dir='ltr'>quandam</span> <span class='ocrx_word' id='word_1_33' title='bbox 2139 611 2228 678; x_wconf 91' lang='lat' dir='ltr'>soli-</span> 
     </span>
     <span class='ocr_line' id='line_1_7' title="bbox 196 699 2227 817; baseline -0.008 -20"><span class='ocrx_word' id='word_1_34' title='bbox 196 730 291 810; x_wconf 89' lang='lat' dir='ltr'>dita,</span> <span class='ocrx_word' id='word_1_35' title='bbox 324 747 413 817; x_wconf 89' lang='lat' dir='ltr'>quae</span> <span class='ocrx_word' id='word_1_36' title='bbox 437 732 603 811; x_wconf 90' lang='lat' dir='ltr'>occupata</span> <span class='ocrx_word' id='word_1_37' title='bbox 627 718 839 802; x_wconf 76' lang='lat' dir='ltr'>ambitione,</span> <span class='ocrx_word' id='word_1_38' title='bbox 873 717 991 787; x_wconf 89' lang='lat' dir='ltr'>literas</span> <span class='ocrx_word' id='word_1_39' title='bbox 1020 713 1183 805; x_wconf 82' lang='lat' dir='ltr'>neglexit,</span> <span class='ocrx_word' id='word_1_40' title='bbox 1232 708 1415 787; x_wconf 78' lang='lat' dir='ltr'>tudinem,</span> <span class='ocrx_word' id='word_1_41' title='bbox 1447 717 1481 773; x_wconf 92' lang='lat' dir='ltr'>et</span> <span class='ocrx_word' id='word_1_42' title='bbox 1504 703 1666 793; x_wconf 91' lang='lat' dir='ltr'>scopulos</span> <span class='ocrx_word' id='word_1_43' title='bbox 1690 702 1827 771; x_wconf 88' lang='lat' dir='ltr'>insulae</span> <span class='ocrx_word' id='word_1_44' title='bbox 1849 699 1992 773; x_wconf 91' lang='lat' dir='ltr'>Pathmi</span> <span class='ocrx_word' id='word_1_45' title='bbox 2021 708 2227 799; x_wconf 82' lang='lat' dir='ltr'>deportatus</span> 
     </span>
    </p>
   </div>
   <div class='ocr_carea' id='block_1_7' title="bbox 196 819 905 910">
    <p class='ocr_par' dir='ltr' id='par_1_7' title="bbox 196 819 905 910">
     <span class='ocr_line' id='line_1_8' title="bbox 196 819 905 910; baseline -0.014 -10"><span class='ocrx_word' id='word_1_46' title='bbox 196 843 230 900; x_wconf 84' lang='lat' dir='ltr'>et</span> <span class='ocrx_word' id='word_1_47' title='bbox 243 842 358 897; x_wconf 79' lang='lat' dir='ltr'>vetera</span> <span class='ocrx_word' id='word_1_48' title='bbox 374 835 602 892; x_wconf 90' lang='lat' dir='ltr'>monumenta</span> <span class='ocrx_word' id='word_1_49' title='bbox 618 820 768 910; x_wconf 77' lang='lat' dir='ltr'>turpiter</span> <span class='ocrx_word' id='word_1_50' title='bbox 780 819 905 890; x_wconf 86' lang='lat' dir='ltr'>amisit.</span> 
     </span>
    </p>
   </div>
   <div class='ocr_carea' id='block_1_8' title="bbox 197 929 1188 2237">
    <p class='ocr_par' dir='ltr' id='par_1_8' title="bbox 197 929 1188 2237">
     <span class='ocr_line' id='line_1_9' title="bbox 284 929 1182 1029; baseline -0.011 -19"><span class='ocrx_word' id='word_1_51' title='bbox 284 940 446 1011; x_wconf 90' lang='lat' dir='ltr'>Primum</span> <span class='ocrx_word' id='word_1_52' title='bbox 462 953 578 1009; x_wconf 88' lang='lat' dir='ltr'>autem</span> <span class='ocrx_word' id='word_1_53' title='bbox 594 952 751 1029; x_wconf 90' lang='lat' dir='ltr'>tempora</span> <span class='ocrx_word' id='word_1_54' title='bbox 768 937 1046 1007; x_wconf 88' lang='lat' dir='ltr'>consideremus:</span> <span class='ocrx_word' id='word_1_55' title='bbox 1072 929 1182 1005; x_wconf 89' lang='lat' dir='ltr'>Anno</span> 
     </span>
     <span class='ocr_line' id='line_1_10' title="bbox 197 1033 1184 1131; baseline -0.013 -17"><span class='ocrx_word' id='word_1_56' title='bbox 197 1044 386 1114; x_wconf 91' lang='lat' dir='ltr'>centesimo</span> <span class='ocrx_word' id='word_1_57' title='bbox 402 1041 656 1131; x_wconf 89' lang='lat' dir='ltr'>septuagesimo</span> <span class='ocrx_word' id='word_1_58' title='bbox 672 1054 751 1130; x_wconf 92' lang='lat' dir='ltr'>post</span> <span class='ocrx_word' id='word_1_59' title='bbox 763 1033 898 1108; x_wconf 81' lang='lat' dir='ltr'>Christi</span> <span class='ocrx_word' id='word_1_60' title='bbox 916 1038 1079 1120; x_wconf 90' lang='lat' dir='ltr'>natalem,</span> <span class='ocrx_word' id='word_1_61' title='bbox 1096 1034 1184 1104; x_wconf 90' lang='lat' dir='ltr'>scri-</span> 
     </span>
     <span class='ocr_line' id='line_1_11' title="bbox 197 1134 1184 1234; baseline -0.014 -19"><span class='ocrx_word' id='word_1_62' title='bbox 197 1146 251 1215; x_wconf 89' lang='lat' dir='ltr'>bit</span> <span class='ocrx_word' id='word_1_63' title='bbox 266 1142 440 1213; x_wconf 79' lang='lat' dir='ltr'>Eusebius</span> <span class='ocrx_word' id='word_1_64' title='bbox 455 1141 688 1234; x_wconf 81' lang='lat' dir='ltr'>Polycarpum</span> <span class='ocrx_word' id='word_1_65' title='bbox 706 1141 926 1209; x_wconf 88' lang='lat' dir='ltr'>interfectum</span> <span class='ocrx_word' id='word_1_66' title='bbox 941 1160 1031 1221; x_wconf 87' lang='lat' dir='ltr'>esse,</span> <span class='ocrx_word' id='word_1_67' title='bbox 1057 1134 1184 1204; x_wconf 88' lang='lat' dir='ltr'>videli-</span> 
     </span>
     <span class='ocr_line' id='line_1_12' title="bbox 197 1237 1183 1334; baseline -0.014 -17"><span class='ocrx_word' id='word_1_68' title='bbox 197 1261 251 1317; x_wconf 88' lang='lat' dir='ltr'>cet</span> <span class='ocrx_word' id='word_1_69' title='bbox 275 1243 529 1334; x_wconf 78' lang='lat' dir='ltr'>imperantibus</span> <span class='ocrx_word' id='word_1_70' title='bbox 544 1240 666 1310; x_wconf 86' lang='lat' dir='ltr'>Marco</span> <span class='ocrx_word' id='word_1_71' title='bbox 681 1255 715 1311; x_wconf 91' lang='lat' dir='ltr'>et</span> <span class='ocrx_word' id='word_1_72' title='bbox 733 1240 826 1308; x_wconf 90' lang='lat' dir='ltr'>Vero</span> <span class='ocrx_word' id='word_1_73' title='bbox 842 1240 1020 1310; x_wconf 81' lang='lat' dir='ltr'>fratribus.</span> <span class='ocrx_word' id='word_1_74' title='bbox 1071 1237 1183 1306; x_wconf 90' lang='lat' dir='ltr'>Porro</span> 
     </span>
     <span class='ocr_line' id='line_1_13' title="bbox 198 1337 1185 1433; baseline -0.013 -16"><span class='ocrx_word' id='word_1_75' title='bbox 198 1370 218 1417; x_wconf 89' lang='lat' dir='ltr'>a</span> <span class='ocrx_word' id='word_1_76' title='bbox 243 1345 389 1414; x_wconf 88' lang='lat' dir='ltr'>Traiani</span> <span class='ocrx_word' id='word_1_77' title='bbox 411 1344 513 1413; x_wconf 92' lang='lat' dir='ltr'>initio</span> <span class='ocrx_word' id='word_1_78' title='bbox 540 1345 582 1409; x_wconf 92' lang='lat' dir='ltr'>ad</span> <span class='ocrx_word' id='word_1_79' title='bbox 609 1355 757 1411; x_wconf 90' lang='lat' dir='ltr'>mortem</span> <span class='ocrx_word' id='word_1_80' title='bbox 782 1339 968 1433; x_wconf 92' lang='lat' dir='ltr'>Polycarpi</span> <span class='ocrx_word' id='word_1_81' title='bbox 994 1355 1076 1409; x_wconf 92' lang='lat' dir='ltr'>sunt</span> <span class='ocrx_word' id='word_1_82' title='bbox 1099 1337 1185 1405; x_wconf 89' lang='lat' dir='ltr'>anni</span> 
     </span>
     <span class='ocr_line' id='line_1_14' title="bbox 199 1439 1184 1537; baseline -0.011 -21"><span class='ocrx_word' id='word_1_83' title='bbox 199 1447 429 1537; x_wconf 89' lang='lat' dir='ltr'>septuaginta.</span> <span class='ocrx_word' id='word_1_84' title='bbox 480 1441 653 1514; x_wconf 80' lang='lat' dir='ltr'>Audierat</span> <span class='ocrx_word' id='word_1_85' title='bbox 677 1443 784 1530; x_wconf 89' lang='lat' dir='ltr'>igitur</span> <span class='ocrx_word' id='word_1_86' title='bbox 807 1439 1002 1511; x_wconf 90' lang='lat' dir='ltr'>lohannem</span> <span class='ocrx_word' id='word_1_87' title='bbox 1016 1440 1184 1534; x_wconf 90' lang='lat' dir='ltr'>Polycar-</span> 
     </span>
     <span class='ocr_line' id='line_1_15' title="bbox 198 1538 1185 1639; baseline -0.01 -23"><span class='ocrx_word' id='word_1_88' title='bbox 198 1570 265 1639; x_wconf 92' lang='lat' dir='ltr'>pus</span> <span class='ocrx_word' id='word_1_89' title='bbox 292 1560 372 1615; x_wconf 89' lang='lat' dir='ltr'>ante</span> <span class='ocrx_word' id='word_1_90' title='bbox 398 1569 510 1614; x_wconf 93' lang='lat' dir='ltr'>annos</span> <span class='ocrx_word' id='word_1_91' title='bbox 537 1543 773 1633; x_wconf 85' lang='lat' dir='ltr'>septuaginta3</span> <span class='ocrx_word' id='word_1_92' title='bbox 809 1567 890 1610; x_wconf 91' lang='lat' dir='ltr'>nam</span> <span class='ocrx_word' id='word_1_93' title='bbox 919 1538 1093 1610; x_wconf 88' lang='lat' dir='ltr'>lohannes</span> <span class='ocrx_word' id='word_1_94' title='bbox 1120 1539 1185 1608; x_wconf 93' lang='lat' dir='ltr'>ali-</span> 
     </span>
     <span class='ocr_line' id='line_1_16' title="bbox 199 1639 1186 1740; baseline -0.009 -23"><span class='ocrx_word' id='word_1_95' title='bbox 199 1660 332 1740; x_wconf 91' lang='lat' dir='ltr'>quanto</span> <span class='ocrx_word' id='word_1_96' title='bbox 349 1662 426 1734; x_wconf 92' lang='lat' dir='ltr'>post</span> <span class='ocrx_word' id='word_1_97' title='bbox 442 1646 588 1715; x_wconf 88' lang='lat' dir='ltr'>Traiani</span> <span class='ocrx_word' id='word_1_98' title='bbox 605 1646 744 1714; x_wconf 88' lang='lat' dir='ltr'>initium</span> <span class='ocrx_word' id='word_1_99' title='bbox 761 1644 918 1712; x_wconf 88' lang='lat' dir='ltr'>decessit.</span> <span class='ocrx_word' id='word_1_100' title='bbox 971 1639 1186 1712; x_wconf 85' lang='lat' dir='ltr'>Adolescens</span> 
     </span>
     <span class='ocr_line' id='line_1_17' title="bbox 198 1743 1185 1840; baseline -0.007 -24"><span class='ocrx_word' id='word_1_101' title='bbox 198 1749 306 1835; x_wconf 86' lang='lat' dir='ltr'>igitur</span> <span class='ocrx_word' id='word_1_102' title='bbox 316 1746 530 1840; x_wconf 90' lang='lat' dir='ltr'>Polycarpus</span> <span class='ocrx_word' id='word_1_103' title='bbox 547 1769 636 1835; x_wconf 90' lang='lat' dir='ltr'>pene</span> <span class='ocrx_word' id='word_1_104' title='bbox 651 1747 694 1812; x_wconf 94' lang='lat' dir='ltr'>ad</span> <span class='ocrx_word' id='word_1_105' title='bbox 707 1743 912 1812; x_wconf 87' lang='lat' dir='ltr'>vicesimum</span> <span class='ocrx_word' id='word_1_106' title='bbox 927 1766 1061 1811; x_wconf 90' lang='lat' dir='ltr'>annum</span> <span class='ocrx_word' id='word_1_107' title='bbox 1075 1765 1185 1833; x_wconf 91' lang='lat' dir='ltr'>usque</span> 
     </span>
     <span class='ocr_line' id='line_1_18' title="bbox 201 1841 1188 1938; baseline -0.007 -21"><span class='ocrx_word' id='word_1_108' title='bbox 201 1845 371 1917; x_wconf 76' lang='lat' dir='ltr'>Iohannis</span> <span class='ocrx_word' id='word_1_109' title='bbox 385 1849 524 1917; x_wconf 92' lang='lat' dir='ltr'>auditor</span> <span class='ocrx_word' id='word_1_110' title='bbox 538 1847 614 1928; x_wconf 83' lang='lat' dir='ltr'>luit,</span> <span class='ocrx_word' id='word_1_111' title='bbox 641 1869 731 1938; x_wconf 90' lang='lat' dir='ltr'>quac</span> <span class='ocrx_word' id='word_1_112' title='bbox 746 1857 839 1914; x_wconf 88' lang='lat' dir='ltr'>aetas</span> <span class='ocrx_word' id='word_1_113' title='bbox 853 1843 891 1910; x_wconf 91' lang='lat' dir='ltr'>in</span> <span class='ocrx_word' id='word_1_114' title='bbox 906 1845 1010 1911; x_wconf 91' lang='lat' dir='ltr'>bonis</span> <span class='ocrx_word' id='word_1_115' title='bbox 1025 1841 1188 1932; x_wconf 89' lang='lat' dir='ltr'>ingeniis,</span> 
     </span>
     <span class='ocr_line' id='line_1_19' title="bbox 200 1941 1186 2028; baseline -0.006 -12"><span class='ocrx_word' id='word_1_116' title='bbox 200 1972 280 2017; x_wconf 92' lang='lat' dir='ltr'>cum</span> <span class='ocrx_word' id='word_1_117' title='bbox 297 1948 431 2016; x_wconf 90' lang='lat' dir='ltr'>ac&#39;cedit</span> <span class='ocrx_word' id='word_1_118' title='bbox 446 1960 537 2015; x_wconf 88' lang='lat' dir='ltr'>recta</span> <span class='ocrx_word' id='word_1_119' title='bbox 556 1946 742 2028; x_wconf 90' lang='lat' dir='ltr'>institutio,</span> <span class='ocrx_word' id='word_1_120' title='bbox 769 1945 838 2012; x_wconf 91' lang='lat' dir='ltr'>iam</span> <span class='ocrx_word' id='word_1_121' title='bbox 856 1945 1054 2013; x_wconf 89' lang='lat' dir='ltr'>doctrinam</span> <span class='ocrx_word' id='word_1_122' title='bbox 1066 1941 1186 2012; x_wconf 90' lang='lat' dir='ltr'>Evan-</span> 
     </span>
     <span class='ocr_line' id='line_1_20' title="bbox 199 2046 1185 2139; baseline -0.004 -23"><span class='ocrx_word' id='word_1_123' title='bbox 199 2049 281 2139; x_wconf 91' lang='lat' dir='ltr'>gelii</span> <span class='ocrx_word' id='word_1_124' title='bbox 305 2072 429 2138; x_wconf 91' lang='lat' dir='ltr'>puram</span> <span class='ocrx_word' id='word_1_125' title='bbox 452 2047 667 2135; x_wconf 89' lang='lat' dir='ltr'>intelligere,</span> <span class='ocrx_word' id='word_1_126' title='bbox 694 2048 787 2116; x_wconf 90' lang='lat' dir='ltr'>etde</span> <span class='ocrx_word' id='word_1_127' title='bbox 804 2046 1027 2134; x_wconf 81' lang='lat' dir='ltr'>dogmatibus</span> <span class='ocrx_word' id='word_1_128' title='bbox 1044 2058 1185 2114; x_wconf 90' lang='lat' dir='ltr'>contra·</span> 
     </span>
     <span class='ocr_line' id='line_1_21' title="bbox 200 2149 715 2237; baseline 0.002 -19"><span class='ocrx_word' id='word_1_129' title='bbox 200 2149 263 2218; x_wconf 85' lang='lat' dir='ltr'>riis</span> <span class='ocrx_word' id='word_1_130' title='bbox 278 2172 461 2217; x_wconf 86' lang='lat' dir='ltr'>censuram</span> <span class='ocrx_word' id='word_1_131' title='bbox 477 2170 575 2235; x_wconf 89' lang='lat' dir='ltr'>agere</span> <span class='ocrx_word' id='word_1_132' title='bbox 591 2160 715 2237; x_wconf 88' lang='lat' dir='ltr'>potest.</span> 
     </span>
    </p>
   </div>
   <div class='ocr_carea' id='block_1_9' title="bbox 200 2256 1188 2860">
    <p class='ocr_par' dir='ltr' id='par_1_9' title="bbox 200 2256 1188 2860">
     <span class='ocr_line' id='line_1_22' title="bbox 301 2256 1187 2352; baseline -0.008 -19"><span class='ocrx_word' id='word_1_133' title='bbox 301 2263 461 2333; x_wconf 83' lang='lat' dir='ltr'>Fuerunt</span> <span class='ocrx_word' id='word_1_134' title='bbox 480 2267 602 2332; x_wconf 89' lang='lat' dir='ltr'>eodem</span> <span class='ocrx_word' id='word_1_135' title='bbox 625 2276 785 2352; x_wconf 87' lang='lat' dir='ltr'>tempore</span> <span class='ocrx_word' id='word_1_136' title='bbox 808 2261 987 2330; x_wconf 87' lang='lat' dir='ltr'>auditores</span> <span class='ocrx_word' id='word_1_137' title='bbox 1006 2256 1187 2343; x_wconf 88' lang='lat' dir='ltr'>lobannis,</span> 
     </span>
     <span class='ocr_line' id='line_1_23' title="bbox 203 2355 1188 2456; baseline -0.004 -23"><span class='ocrx_word' id='word_1_138' title='bbox 203 2364 377 2455; x_wconf 86' lang='lat' dir='ltr'>lgnatius,</span> <span class='ocrx_word' id='word_1_139' title='bbox 405 2365 466 2456; x_wconf 92' lang='lat' dir='ltr'>qui</span> <span class='ocrx_word' id='word_1_140' title='bbox 491 2376 608 2455; x_wconf 88' lang='lat' dir='ltr'>postea</span> <span class='ocrx_word' id='word_1_141' title='bbox 628 2364 780 2453; x_wconf 78' lang='lat' dir='ltr'>praefuit</span> <span class='ocrx_word' id='word_1_142' title='bbox 798 2359 975 2431; x_wconf 83' lang='lat' dir='ltr'>Ecclesiae</span> <span class='ocrx_word' id='word_1_143' title='bbox 994 2355 1188 2432; x_wconf 92' lang='lat' dir='ltr'>Antioche-</span> 
     </span>
     <span class='ocr_line' id='line_1_24' title="bbox 200 2460 1186 2552; baseline -0.005 -18"><span class='ocrx_word' id='word_1_144' title='bbox 200 2489 284 2548; x_wconf 87' lang='lat' dir='ltr'>nae,</span> <span class='ocrx_word' id='word_1_145' title='bbox 311 2478 346 2534; x_wconf 89' lang='lat' dir='ltr'>et</span> <span class='ocrx_word' id='word_1_146' title='bbox 359 2466 521 2534; x_wconf 84' lang='lat' dir='ltr'>adfirmat</span> <span class='ocrx_word' id='word_1_147' title='bbox 545 2489 580 2534; x_wconf 88' lang='lat' dir='ltr'>se</span> <span class='ocrx_word' id='word_1_148' title='bbox 594 2460 775 2535; x_wconf 89' lang='lat' dir='ltr'>Christum</span> <span class='ocrx_word' id='word_1_149' title='bbox 800 2478 877 2552; x_wconf 91' lang='lat' dir='ltr'>post</span> <span class='ocrx_word' id='word_1_150' title='bbox 897 2463 1186 2532; x_wconf 87' lang='lat' dir='ltr'>resurrectionem</span> 
     </span>
     <span class='ocr_line' id='line_1_25' title="bbox 200 2561 1188 2658; baseline -0.003 -24"><span class='ocrx_word' id='word_1_151' title='bbox 200 2567 345 2635; x_wconf 83' lang='lat' dir='ltr'>vidisse:</span> <span class='ocrx_word' id='word_1_152' title='bbox 381 2579 416 2634; x_wconf 91' lang='lat' dir='ltr'>et</span> <span class='ocrx_word' id='word_1_153' title='bbox 438 2565 580 2657; x_wconf 89' lang='lat' dir='ltr'>Papias,</span> <span class='ocrx_word' id='word_1_154' title='bbox 608 2567 669 2658; x_wconf 91' lang='lat' dir='ltr'>qui</span> <span class='ocrx_word' id='word_1_155' title='bbox 693 2567 783 2633; x_wconf 81' lang='lat' dir='ltr'>rexit</span> <span class='ocrx_word' id='word_1_156' title='bbox 799 2562 989 2633; x_wconf 82' lang='lat' dir='ltr'>Ecclesiam</span> <span class='ocrx_word' id='word_1_157' title='bbox 1007 2565 1044 2631; x_wconf 89' lang='lat' dir='ltr'>in</span> <span class='ocrx_word' id='word_1_158' title='bbox 1059 2561 1188 2634; x_wconf 88' lang='lat' dir='ltr'>Hiera-</span> 
     </span>
     <span class='ocr_line' id='line_1_26' title="bbox 200 2666 1187 2758; baseline -0.004 -22"><span class='ocrx_word' id='word_1_159' title='bbox 200 2667 293 2758; x_wconf 88' lang='lat' dir='ltr'>poli,</span> <span class='ocrx_word' id='word_1_160' title='bbox 319 2692 357 2735; x_wconf 94' lang='lat' dir='ltr'>ac</span> <span class='ocrx_word' id='word_1_161' title='bbox 373 2667 504 2735; x_wconf 90' lang='lat' dir='ltr'>dicitur</span> <span class='ocrx_word' id='word_1_162' title='bbox 520 2667 667 2756; x_wconf 86' lang='lat' dir='ltr'>praefari</span> <span class='ocrx_word' id='word_1_163' title='bbox 686 2666 758 2733; x_wconf 87' lang='lat' dir='ltr'>suis</span> <span class='ocrx_word' id='word_1_164' title='bbox 782 2667 941 2755; x_wconf 88' lang='lat' dir='ltr'>scriptis,</span> <span class='ocrx_word' id='word_1_165' title='bbox 967 2689 1002 2732; x_wconf 86' lang='lat' dir='ltr'>se</span> <span class='ocrx_word' id='word_1_166' title='bbox 1021 2669 1187 2735; x_wconf 87' lang='lat' dir='ltr'>mandare</span> 
     </span>
     <span class='ocr_line' id='line_1_27' title="bbox 201 2765 1162 2860; baseline 0 -24"><span class='ocrx_word' id='word_1_167' title='bbox 201 2767 312 2838; x_wconf 88' lang='lat' dir='ltr'>literis</span> <span class='ocrx_word' id='word_1_168' title='bbox 332 2791 388 2853; x_wconf 88' lang='lat' dir='ltr'>ea,</span> <span class='ocrx_word' id='word_1_169' title='bbox 414 2792 503 2860; x_wconf 90' lang='lat' dir='ltr'>quae</span> <span class='ocrx_word' id='word_1_170' title='bbox 526 2769 570 2836; x_wconf 94' lang='lat' dir='ltr'>ab</span> <span class='ocrx_word' id='word_1_171' title='bbox 587 2767 767 2856; x_wconf 92' lang='lat' dir='ltr'>Apostolis</span> <span class='ocrx_word' id='word_1_172' title='bbox 782 2765 862 2834; x_wconf 87' lang='lat' dir='ltr'>viva</span> <span class='ocrx_word' id='word_1_173' title='bbox 881 2790 965 2834; x_wconf 91' lang='lat' dir='ltr'>voce</span> <span class='ocrx_word' id='word_1_174' title='bbox 982 2766 1162 2856; x_wconf 89' lang='lat' dir='ltr'>acceperit.</span> 
     </span>
    </p>
   </div>
   <div class='ocr_carea' id='block_1_10' title="bbox 202 2883 1189 3658">
    <p class='ocr_par' dir='ltr' id='par_1_10' title="bbox 202 2883 1189 3658">
     <span class='ocr_line' id='line_1_28' title="bbox 303 2883 1188 2979; baseline 0 -28"><span class='ocrx_word' id='word_1_175' title='bbox 303 2883 376 2953; x_wconf 90' lang='lat' dir='ltr'>lam</span> <span class='ocrx_word' id='word_1_176' title='bbox 406 2887 555 2975; x_wconf 89' lang='lat' dir='ltr'>cogitato</span> <span class='ocrx_word' id='word_1_177' title='bbox 577 2884 681 2979; x_wconf 89' lang='lat' dir='ltr'>quale</span> <span class='ocrx_word' id='word_1_178' title='bbox 712 2883 820 2952; x_wconf 76' lang='lat' dir='ltr'>larcrit</span> <span class='ocrx_word' id='word_1_179' title='bbox 847 2884 1066 2965; x_wconf 87' lang='lat' dir='ltr'>sodalitium,</span> <span class='ocrx_word' id='word_1_180' title='bbox 1099 2906 1188 2975; x_wconf 89' lang='lat' dir='ltr'>quae</span> 
     </span>
     <span class='ocr_line' id='line_1_29' title="bbox 202 2979 1188 3075; baseline -0.002 -23"><span class='ocrx_word' id='word_1_181' title='bbox 202 2986 317 3054; x_wconf 86' lang='lat' dir='ltr'>studia</span> <span class='ocrx_word' id='word_1_182' title='bbox 334 2988 514 3056; x_wconf 90' lang='lat' dir='ltr'>doctrinae</span> <span class='ocrx_word' id='word_1_183' title='bbox 529 3001 563 3055; x_wconf 91' lang='lat' dir='ltr'>et</span> <span class='ocrx_word' id='word_1_184' title='bbox 579 2987 719 3057; x_wconf 90' lang='lat' dir='ltr'>virtutis</span> <span class='ocrx_word' id='word_1_185' title='bbox 734 2986 771 3053; x_wconf 93' lang='lat' dir='ltr'>in</span> <span class='ocrx_word' id='word_1_186' title='bbox 786 2980 850 3054; x_wconf 93' lang='lat' dir='ltr'>hac</span> <span class='ocrx_word' id='word_1_187' title='bbox 868 2979 986 3053; x_wconf 92' lang='lat' dir='ltr'>schola</span> <span class='ocrx_word' id='word_1_188' title='bbox 999 2981 1188 3075; x_wconf 91' lang='lat' dir='ltr'>Ephesina‚</span> 
     </span>
     <span class='ocr_line' id='line_1_30' title="bbox 203 3084 1188 3177; baseline -0.001 -24"><span class='ocrx_word' id='word_1_189' title='bbox 203 3108 243 3153; x_wconf 83' lang='lat' dir='ltr'>ex</span> <span class='ocrx_word' id='word_1_190' title='bbox 259 3108 328 3177; x_wconf 90' lang='lat' dir='ltr'>qua</span> <span class='ocrx_word' id='word_1_191' title='bbox 344 3099 440 3154; x_wconf 91' lang='lat' dir='ltr'>tanta</span> <span class='ocrx_word' id='word_1_192' title='bbox 460 3088 593 3156; x_wconf 89' lang='lat' dir='ltr'>lumina</span> <span class='ocrx_word' id='word_1_193' title='bbox 612 3088 829 3177; x_wconf 91' lang='lat' dir='ltr'>prodierunt.</span> <span class='ocrx_word' id='word_1_194' title='bbox 878 3084 1006 3155; x_wconf 90' lang='lat' dir='ltr'>Narrat</span> <span class='ocrx_word' id='word_1_195' title='bbox 1025 3085 1188 3155; x_wconf 90' lang='lat' dir='ltr'>lrenaeus</span> 
     </span>
     <span class='ocr_line' id='line_1_31' title="bbox 202 3182 1187 3278; baseline 0 -24"><span class='ocrx_word' id='word_1_196' title='bbox 202 3183 436 3278; x_wconf 85' lang='lat' dir='ltr'>Polycarpum</span> <span class='ocrx_word' id='word_1_197' title='bbox 452 3187 595 3253; x_wconf 92' lang='lat' dir='ltr'>solitum</span> <span class='ocrx_word' id='word_1_198' title='bbox 619 3188 728 3256; x_wconf 91' lang='lat' dir='ltr'>multa</span> <span class='ocrx_word' id='word_1_199' title='bbox 749 3210 893 3255; x_wconf 90' lang='lat' dir='ltr'>narrare</span> <span class='ocrx_word' id='word_1_200' title='bbox 911 3182 1080 3256; x_wconf 91' lang='lat' dir='ltr'>lohannis</span> <span class='ocrx_word' id='word_1_201' title='bbox 1096 3188 1187 3255; x_wconf 90' lang='lat' dir='ltr'>dicta</span> 
     </span>
     <span class='ocr_line' id='line_1_32' title="bbox 204 3282 1188 3377; baseline -0.001 -22"><span class='ocrx_word' id='word_1_202' title='bbox 204 3298 238 3355; x_wconf 85' lang='lat' dir='ltr'>et</span> <span class='ocrx_word' id='word_1_203' title='bbox 262 3285 372 3366; x_wconf 82' lang='lat' dir='ltr'>facta,</span> <span class='ocrx_word' id='word_1_204' title='bbox 399 3285 508 3353; x_wconf 92' lang='lat' dir='ltr'>multa</span> <span class='ocrx_word' id='word_1_205' title='bbox 530 3286 612 3353; x_wconf 93' lang='lat' dir='ltr'>item</span> <span class='ocrx_word' id='word_1_206' title='bbox 636 3310 725 3377; x_wconf 88' lang='lat' dir='ltr'>quae</span> <span class='ocrx_word' id='word_1_207' title='bbox 742 3282 918 3354; x_wconf 90' lang='lat' dir='ltr'>lohannes</span> <span class='ocrx_word' id='word_1_208' title='bbox 936 3310 1188 3355; x_wconf 89' lang='lat' dir='ltr'>commemora·</span> 
     </span>
     <span class='ocr_line' id='line_1_33' title="bbox 203 3380 1189 3477; baseline -0.004 -20"><span class='ocrx_word' id='word_1_209' title='bbox 203 3387 366 3457; x_wconf 75' lang='lat' dir='ltr'>neratde</span> <span class='ocrx_word' id='word_1_210' title='bbox 389 3380 522 3454; x_wconf 87' lang='lat' dir='ltr'>Christi</span> <span class='ocrx_word' id='word_1_211' title='bbox 550 3387 652 3455; x_wconf 89' lang='lat' dir='ltr'>dictis</span> <span class='ocrx_word' id='word_1_212' title='bbox 673 3399 707 3454; x_wconf 91' lang='lat' dir='ltr'>et</span> <span class='ocrx_word' id='word_1_213' title='bbox 729 3387 846 3469; x_wconf 83' lang='lat' dir='ltr'>sactis,</span> <span class='ocrx_word' id='word_1_214' title='bbox 871 3410 942 3477; x_wconf 89' lang='lat' dir='ltr'>quo</span> <span class='ocrx_word' id='word_1_215' title='bbox 966 3410 1005 3453; x_wconf 86' lang='lat' dir='ltr'>ex</span> <span class='ocrx_word' id='word_1_216' title='bbox 1029 3409 1189 3454; x_wconf 88' lang='lat' dir='ltr'>sermone</span> 
     </span>
     <span class='ocr_line' id='line_1_34' title="bbox 204 3482 1187 3576; baseline -0.001 -22"><span class='ocrx_word' id='word_1_217' title='bbox 204 3486 354 3576; x_wconf 83' lang='lat' dir='ltr'>intelligi</span> <span class='ocrx_word' id='word_1_218' title='bbox 372 3499 486 3576; x_wconf 89' lang='lat' dir='ltr'>potest</span> <span class='ocrx_word' id='word_1_219' title='bbox 504 3488 741 3556; x_wconf 90' lang='lat' dir='ltr'>dulcissimam</span> <span class='ocrx_word' id='word_1_220' title='bbox 760 3487 866 3555; x_wconf 89' lang='lat' dir='ltr'>fuisse</span> <span class='ocrx_word' id='word_1_221' title='bbox 886 3482 1013 3554; x_wconf 93' lang='lat' dir='ltr'>horum</span> <span class='ocrx_word' id='word_1_222' title='bbox 1030 3487 1187 3555; x_wconf 89' lang='lat' dir='ltr'>virorum</span> 
     </span>
     <span class='ocr_line' id='line_1_35' title="bbox 203 3588 666 3658; baseline -0.006 0"><span class='ocrx_word' id='word_1_223' title='bbox 203 3588 507 3658; x_wconf 86' lang='lat' dir='ltr'>consuetudinem.</span> <span class='ocrx_word' id='word_1_224' title='bbox 664 3595 666 3599; x_wconf 76' lang='grc'>’</span> 
     </span>
    </p>
   </div>
   <div class='ocr_carea' id='block_1_11' title="bbox 202 3693 1190 4601">
    <p class='ocr_par' dir='ltr' id='par_1_11' title="bbox 202 3693 1190 4601">
     <span class='ocr_line' id='line_1_36' title="bbox 305 3693 1189 3795; baseline -0.002 -23"><span class='ocrx_word' id='word_1_225' title='bbox 305 3702 400 3772; x_wconf 92' lang='lat' dir='ltr'>Haec</span> <span class='ocrx_word' id='word_1_226' title='bbox 425 3705 578 3795; x_wconf 91' lang='lat' dir='ltr'>primum</span> <span class='ocrx_word' id='word_1_227' title='bbox 601 3693 703 3774; x_wconf 85' lang='lat' dir='ltr'>initia</span> <span class='ocrx_word' id='word_1_228' title='bbox 721 3704 866 3774; x_wconf 85' lang='lat' dir='ltr'>fuerunt</span> <span class='ocrx_word' id='word_1_229' title='bbox 881 3704 1128 3793; x_wconf 91' lang='lat' dir='ltr'>collegiorum,</span> <span class='ocrx_word' id='word_1_230' title='bbox 1151 3703 1189 3771; x_wconf 94' lang='lat' dir='ltr'>in</span> 
     </span>
     <span class='ocr_line' id='line_1_37' title="bbox 204 3801 1189 3899; baseline -0.002 -25"><span class='ocrx_word' id='word_1_231' title='bbox 204 3805 334 3898; x_wconf 92' lang='lat' dir='ltr'>quibus</span> <span class='ocrx_word' id='word_1_232' title='bbox 350 3829 445 3874; x_wconf 91' lang='lat' dir='ltr'>nunc</span> <span class='ocrx_word' id='word_1_233' title='bbox 460 3830 524 3895; x_wconf 90' lang='lat' dir='ltr'>pro</span> <span class='ocrx_word' id='word_1_234' title='bbox 543 3804 698 3896; x_wconf 89' lang='lat' dir='ltr'>lgnatiis,</span> <span class='ocrx_word' id='word_1_235' title='bbox 724 3804 939 3899; x_wconf 91' lang='lat' dir='ltr'>Polycarpis,</span> <span class='ocrx_word' id='word_1_236' title='bbox 960 3818 1043 3873; x_wconf 80' lang='lat' dir='ltr'>strnt</span> <span class='ocrx_word' id='word_1_237' title='bbox 1060 3801 1189 3898; x_wconf 93' lang='lat' dir='ltr'>Cyclo-</span> 
     </span>
     <span class='ocr_line' id='line_1_38' title="bbox 205 3905 1187 3997; baseline -0.001 -22"><span class='ocrx_word' id='word_1_238' title='bbox 205 3929 285 3997; x_wconf 89' lang='lat' dir='ltr'>pes,</span> <span class='ocrx_word' id='word_1_239' title='bbox 313 3920 345 3976; x_wconf 90' lang='lat' dir='ltr'>et</span> <span class='ocrx_word' id='word_1_240' title='bbox 364 3905 534 3978; x_wconf 90' lang='lat' dir='ltr'>Centauri</span> <span class='ocrx_word' id='word_1_241' title='bbox 556 3908 667 3997; x_wconf 91' lang='lat' dir='ltr'>ignari</span> <span class='ocrx_word' id='word_1_242' title='bbox 685 3931 758 3977; x_wconf 94' lang='lat' dir='ltr'>non</span> <span class='ocrx_word' id='word_1_243' title='bbox 776 3909 882 3977; x_wconf 82' lang='lat' dir='ltr'>moda</span> <span class='ocrx_word' id='word_1_244' title='bbox 895 3905 1095 3996; x_wconf 87' lang='lat' dir='ltr'>religionis,</span> <span class='ocrx_word' id='word_1_245' title='bbox 1127 3907 1187 3974; x_wconf 91' lang='lat' dir='ltr'>sed</span> 
     </span>
     <span class='ocr_line' id='line_1_39' title="bbox 204 4003 1190 4092; baseline -0.002 -16"><span class='ocrx_word' id='word_1_246' title='bbox 204 4006 308 4076; x_wconf 86' lang='lat' dir='ltr'>etiam</span> <span class='ocrx_word' id='word_1_247' title='bbox 324 4007 482 4077; x_wconf 90' lang='lat' dir='ltr'>civilium</span> <span class='ocrx_word' id='word_1_248' title='bbox 499 4009 712 4092; x_wconf 79' lang='lat' dir='ltr'>officiorum,</span> <span class='ocrx_word' id='word_1_249' title='bbox 737 4009 851 4077; x_wconf 92' lang='lat' dir='ltr'>studia</span> <span class='ocrx_word' id='word_1_250' title='bbox 866 4003 996 4077; x_wconf 88' lang='lat' dir='ltr'>scholis</span> <span class='ocrx_word' id='word_1_251' title='bbox 1010 4030 1190 4077; x_wconf 88' lang='lat' dir='ltr'>commen-</span> 
     </span>
     <span class='ocr_line' id='line_1_40' title="bbox 205 4104 1190 4202; baseline -0.002 -25"><span class='ocrx_word' id='word_1_252' title='bbox 205 4108 284 4177; x_wconf 89' lang='lat' dir='ltr'>data</span> <span class='ocrx_word' id='word_1_253' title='bbox 301 4121 401 4189; x_wconf 89' lang='lat' dir='ltr'>sunt,</span> <span class='ocrx_word' id='word_1_254' title='bbox 430 4111 487 4175; x_wconf 91' lang='lat' dir='ltr'>sed</span> <span class='ocrx_word' id='word_1_255' title='bbox 507 4111 542 4175; x_wconf 91' lang='lat' dir='ltr'>in</span> <span class='ocrx_word' id='word_1_256' title='bbox 560 4104 614 4176; x_wconf 90' lang='lat' dir='ltr'>his</span> <span class='ocrx_word' id='word_1_257' title='bbox 630 4133 771 4202; x_wconf 91' lang='lat' dir='ltr'>quoque</span> <span class='ocrx_word' id='word_1_258' title='bbox 787 4109 994 4198; x_wconf 88' lang='lat' dir='ltr'>disciplinae</span> <span class='ocrx_word' id='word_1_259' title='bbox 1011 4108 1112 4177; x_wconf 90' lang='lat' dir='ltr'>nervi</span> <span class='ocrx_word' id='word_1_260' title='bbox 1130 4109 1190 4175; x_wconf 88' lang='lat' dir='ltr'>ni·</span> 
     </span>
     <span class='ocr_line' id='line_1_41' title="bbox 204 4204 1190 4278; baseline 0.004 -4"><span class='ocrx_word' id='word_1_261' title='bbox 204 4207 315 4275; x_wconf 92' lang='lat' dir='ltr'>mium</span> <span class='ocrx_word' id='word_1_262' title='bbox 335 4209 437 4274; x_wconf 85' lang='lat' dir='ltr'>laxati</span> <span class='ocrx_word' id='word_1_263' title='bbox 453 4223 546 4278; x_wconf 89' lang='lat' dir='ltr'>sunt.</span> <span class='ocrx_word' id='word_1_264' title='bbox 589 4208 671 4277; x_wconf 76' lang='lat' dir='ltr'>Pius</span> <span class='ocrx_word' id='word_1_265' title='bbox 685 4222 802 4276; x_wconf 85' lang='lat' dir='ltr'>tamen</span> <span class='ocrx_word' id='word_1_266' title='bbox 818 4222 851 4275; x_wconf 92' lang='lat' dir='ltr'>et</span> <span class='ocrx_word' id='word_1_267' title='bbox 868 4211 1043 4276; x_wconf 87' lang='lat' dir='ltr'>studiosos</span> <span class='ocrx_word' id='word_1_268' title='bbox 1058 4204 1190 4278; x_wconf 89' lang='lat' dir='ltr'>adhor-</span> 
     </span>
     <span class='ocr_line' id='line_1_42' title="bbox 206 4302 1190 4393; baseline 0 -17"><span class='ocrx_word' id='word_1_269' title='bbox 206 4320 282 4388; x_wconf 90' lang='lat' dir='ltr'>tor,</span> <span class='ocrx_word' id='word_1_270' title='bbox 318 4321 356 4375; x_wconf 92' lang='lat' dir='ltr'>ut</span> <span class='ocrx_word' id='word_1_271' title='bbox 380 4309 533 4393; x_wconf 89' lang='lat' dir='ltr'>cogitent</span> <span class='ocrx_word' id='word_1_272' title='bbox 556 4307 636 4375; x_wconf 91' lang='lat' dir='ltr'>illos</span> <span class='ocrx_word' id='word_1_273' title='bbox 660 4321 791 4378; x_wconf 85' lang='lat' dir='ltr'>veteres</span> <span class='ocrx_word' id='word_1_274' title='bbox 819 4321 937 4375; x_wconf 90' lang='lat' dir='ltr'>coetus</span> <span class='ocrx_word' id='word_1_275' title='bbox 962 4302 1129 4376; x_wconf 91' lang='lat' dir='ltr'>lohannis</span> <span class='ocrx_word' id='word_1_276' title='bbox 1157 4322 1190 4378; x_wconf 89' lang='lat' dir='ltr'>et</span> 
     </span>
     <span class='ocr_line' id='line_1_43' title="bbox 202 4407 1190 4496; baseline 0.002 -20"><span class='ocrx_word' id='word_1_277' title='bbox 202 4431 461 4484; x_wconf 90' lang='lat' dir='ltr'>successorum,</span> <span class='ocrx_word' id='word_1_278' title='bbox 499 4419 533 4475; x_wconf 91' lang='lat' dir='ltr'>et</span> <span class='ocrx_word' id='word_1_279' title='bbox 555 4410 598 4475; x_wconf 91' lang='lat' dir='ltr'>ad</span> <span class='ocrx_word' id='word_1_280' title='bbox 626 4409 724 4474; x_wconf 92' lang='lat' dir='ltr'>illam</span> <span class='ocrx_word' id='word_1_281' title='bbox 750 4407 937 4496; x_wconf 89' lang='lat' dir='ltr'>imaginem</span> <span class='ocrx_word' id='word_1_282' title='bbox 967 4431 1049 4476; x_wconf 87' lang='lat' dir='ltr'>suos</span> <span class='ocrx_word' id='word_1_283' title='bbox 1075 4433 1190 4478; x_wconf 89' lang='lat' dir='ltr'>mores</span> 
     </span>
     <span class='ocr_line' id='line_1_44' title="bbox 204 4519 432 4601; baseline 0 -25"><span class='ocrx_word' id='word_1_284' title='bbox 204 4519 432 4601; x_wconf 91' lang='lat' dir='ltr'>componant.</span> 
     </span>
    </p>
   </div>
   <div class='ocr_carea' id='block_1_12' title="bbox 203 4623 1190 5121">
    <p class='ocr_par' dir='ltr' id='par_1_12' title="bbox 203 4623 1190 5121">
     <span class='ocr_line' id='line_1_45' title="bbox 305 4623 1190 4721; baseline 0 -28"><span class='ocrx_word' id='word_1_285' title='bbox 305 4624 386 4695; x_wconf 86' lang='lat' dir='ltr'>Dixi</span> <span class='ocrx_word' id='word_1_286' title='bbox 413 4625 455 4693; x_wconf 93' lang='lat' dir='ltr'>de</span> <span class='ocrx_word' id='word_1_287' title='bbox 486 4623 695 4692; x_wconf 89' lang='lat' dir='ltr'>rudimentis</span> <span class='ocrx_word' id='word_1_288' title='bbox 726 4636 759 4692; x_wconf 89' lang='lat' dir='ltr'>et</span> <span class='ocrx_word' id='word_1_289' title='bbox 786 4623 959 4716; x_wconf 89' lang='lat' dir='ltr'>tyrocinio</span> <span class='ocrx_word' id='word_1_290' title='bbox 992 4624 1190 4721; x_wconf 87' lang='lat' dir='ltr'>Polycarpi,</span> 
     </span>
     <span class='ocr_line' id='line_1_46' title="bbox 204 4720 1190 4819; baseline 0.004 -26"><span class='ocrx_word' id='word_1_291' title='bbox 204 4728 298 4819; x_wconf 88' lang='lat' dir='ltr'>quod</span> <span class='ocrx_word' id='word_1_292' title='bbox 315 4741 482 4819; x_wconf 92' lang='lat' dir='ltr'>quantam</span> <span class='ocrx_word' id='word_1_293' title='bbox 498 4726 568 4792; x_wconf 91' lang='lat' dir='ltr'>vim</span> <span class='ocrx_word' id='word_1_294' title='bbox 589 4720 733 4804; x_wconf 86' lang='lat' dir='ltr'>haheat,</span> <span class='ocrx_word' id='word_1_295' title='bbox 761 4749 832 4793; x_wconf 92' lang='lat' dir='ltr'>non</span> <span class='ocrx_word' id='word_1_296' title='bbox 855 4725 1033 4814; x_wconf 88' lang='lat' dir='ltr'>ignoratis.</span> <span class='ocrx_word' id='word_1_297' title='bbox 1086 4726 1190 4798; x_wconf 89' lang='lat' dir='ltr'>Nunc</span> 
     </span>
     <span class='ocr_line' id='line_1_47' title="bbox 203 4827 1190 4918; baseline 0.002 -22"><span class='ocrx_word' id='word_1_298' title='bbox 203 4828 313 4918; x_wconf 88' lang='lat' dir='ltr'>igitur</span> <span class='ocrx_word' id='word_1_299' title='bbox 326 4830 369 4897; x_wconf 89' lang='lat' dir='ltr'>de</span> <span class='ocrx_word' id='word_1_300' title='bbox 394 4829 505 4918; x_wconf 88' lang='lat' dir='ltr'>ipsius</span> <span class='ocrx_word' id='word_1_301' title='bbox 530 4827 657 4894; x_wconf 90' lang='lat' dir='ltr'>militia</span> <span class='ocrx_word' id='word_1_302' title='bbox 683 4839 715 4895; x_wconf 91' lang='lat' dir='ltr'>et</span> <span class='ocrx_word' id='word_1_303' title='bbox 743 4829 848 4897; x_wconf 90' lang='lat' dir='ltr'>rebus</span> <span class='ocrx_word' id='word_1_304' title='bbox 872 4830 976 4918; x_wconf 90' lang='lat' dir='ltr'>gestis</span> <span class='ocrx_word' id='word_1_305' title='bbox 1002 4831 1115 4899; x_wconf 92' lang='lat' dir='ltr'>dicam</span> <span class='ocrx_word' id='word_1_306' title='bbox 1139 4854 1190 4915; x_wconf 92' lang='lat' dir='ltr'>ea,</span> 
     </span>
     <span class='ocr_line' id='line_1_48' title="bbox 204 4929 1187 5024; baseline 0.002 -25"><span class='ocrx_word' id='word_1_307' title='bbox 204 4952 294 5024; x_wconf 92' lang='lat' dir='ltr'>quae</span> <span class='ocrx_word' id='word_1_308' title='bbox 318 4931 468 5021; x_wconf 86' lang='lat' dir='ltr'>reperio.</span> <span class='ocrx_word' id='word_1_309' title='bbox 522 4929 683 5016; x_wconf 88' lang='lat' dir='ltr'>Quantos</span> <span class='ocrx_word' id='word_1_310' title='bbox 706 4929 863 5013; x_wconf 88' lang='lat' dir='ltr'>labores,</span> <span class='ocrx_word' id='word_1_311' title='bbox 887 4955 975 5021; x_wconf 92' lang='lat' dir='ltr'>quae</span> <span class='ocrx_word' id='word_1_312' title='bbox 996 4932 1187 5001; x_wconf 85' lang='lat' dir='ltr'>certamina</span> 
     </span>
     <span class='ocr_line' id='line_1_49' title="bbox 203 5030 1187 5121; baseline 0.001 -21"><span class='ocrx_word' id='word_1_313' title='bbox 203 5045 237 5100; x_wconf 91' lang='lat' dir='ltr'>et</span> <span class='ocrx_word' id='word_1_314' title='bbox 252 5032 407 5121; x_wconf 89' lang='lat' dir='ltr'>pericula</span> <span class='ocrx_word' id='word_1_315' title='bbox 428 5032 530 5099; x_wconf 89' lang='lat' dir='ltr'>annis</span> <span class='ocrx_word' id='word_1_316' title='bbox 547 5030 766 5120; x_wconf 89' lang='lat' dir='ltr'>septuaginta</span> <span class='ocrx_word' id='word_1_317' title='bbox 786 5032 823 5098; x_wconf 94' lang='lat' dir='ltr'>in</span> <span class='ocrx_word' id='word_1_318' title='bbox 839 5030 1094 5119; x_wconf 89' lang='lat' dir='ltr'>gubernatione</span> <span class='ocrx_word' id='word_1_319' title='bbox 1110 5056 1187 5101; x_wconf 89' lang='lat' dir='ltr'>sus-</span> 
     </span>
    </p>
   </div>
   <div class='ocr_carea' id='block_1_13' title="bbox 1234 801 2229 2308">
    <p class='ocr_par' dir='ltr' id='par_1_13' title="bbox 1234 801 2227 1399">
     <span class='ocr_line' id='line_1_50' title="bbox 1234 801 2225 891; baseline 0.007 -15"><span class='ocrx_word' id='word_1_320' title='bbox 1234 822 1297 880; x_wconf 85' lang='lat' dir='ltr'>est.</span> <span class='ocrx_word' id='word_1_321' title='bbox 1348 806 1424 876; x_wconf 88' lang='lat' dir='ltr'>Sub</span> <span class='ocrx_word' id='word_1_322' title='bbox 1442 804 1599 872; x_wconf 85' lang='lat' dir='ltr'>Traiano</span> <span class='ocrx_word' id='word_1_323' title='bbox 1625 801 1781 891; x_wconf 91' lang='lat' dir='ltr'>lgnatius</span> <span class='ocrx_word' id='word_1_324' title='bbox 1803 805 1973 875; x_wconf 90' lang='lat' dir='ltr'>laceratus</span> <span class='ocrx_word' id='word_1_325' title='bbox 1990 822 2042 878; x_wconf 89' lang='lat' dir='ltr'>est</span> <span class='ocrx_word' id='word_1_326' title='bbox 2057 834 2076 879; x_wconf 91' lang='lat' dir='ltr'>a</span> <span class='ocrx_word' id='word_1_327' title='bbox 2091 812 2225 888; x_wconf 87' lang='lat' dir='ltr'>hestiis.</span> 
     </span>
     <span class='ocr_line' id='line_1_51' title="bbox 1237 904 2225 997; baseline 0.007 -22"><span class='ocrx_word' id='word_1_328' title='bbox 1237 907 1335 978; x_wconf 90' lang='lat' dir='ltr'>Vidit</span> <span class='ocrx_word' id='word_1_329' title='bbox 1360 907 1469 995; x_wconf 91' lang='lat' dir='ltr'>igitur</span> <span class='ocrx_word' id='word_1_330' title='bbox 1492 904 1706 997; x_wconf 90' lang='lat' dir='ltr'>Polycarpus</span> <span class='ocrx_word' id='word_1_331' title='bbox 1727 921 1760 974; x_wconf 90' lang='lat' dir='ltr'>et</span> <span class='ocrx_word' id='word_1_332' title='bbox 1785 907 1965 991; x_wconf 89' lang='lat' dir='ltr'>doctores,</span> <span class='ocrx_word' id='word_1_333' title='bbox 1989 923 2023 978; x_wconf 89' lang='lat' dir='ltr'>et</span> <span class='ocrx_word' id='word_1_334' title='bbox 2048 916 2225 982; x_wconf 88' lang='lat' dir='ltr'>commili-</span> 
     </span>
     <span class='ocr_line' id='line_1_52' title="bbox 1235 1006 2224 1101; baseline 0.007 -22"><span class='ocrx_word' id='word_1_335' title='bbox 1235 1024 1359 1080; x_wconf 89' lang='lat' dir='ltr'>tonum</span> <span class='ocrx_word' id='word_1_336' title='bbox 1394 1027 1599 1083; x_wconf 87' lang='lat' dir='ltr'>aerumnas,</span> <span class='ocrx_word' id='word_1_337' title='bbox 1641 1027 1731 1096; x_wconf 91' lang='lat' dir='ltr'>quae</span> <span class='ocrx_word' id='word_1_338' title='bbox 1763 1006 1900 1076; x_wconf 91' lang='lat' dir='ltr'>etiamsi</span> <span class='ocrx_word' id='word_1_339' title='bbox 1932 1009 2018 1100; x_wconf 91' lang='lat' dir='ltr'>ipsis</span> <span class='ocrx_word' id='word_1_340' title='bbox 2051 1014 2224 1101; x_wconf 86' lang='lat' dir='ltr'>gloriosae</span> 
     </span>
     <span class='ocr_line' id='line_1_53' title="bbox 1236 1106 2224 1200; baseline 0.008 -20"><span class='ocrx_word' id='word_1_341' title='bbox 1236 1123 1352 1193; x_wconf 90' lang='lat' dir='ltr'>erant,</span> <span class='ocrx_word' id='word_1_342' title='bbox 1374 1121 1492 1176; x_wconf 92' lang='lat' dir='ltr'>tamen</span> <span class='ocrx_word' id='word_1_343' title='bbox 1512 1106 1706 1175; x_wconf 90' lang='lat' dir='ltr'>amicorum</span> <span class='ocrx_word' id='word_1_344' title='bbox 1730 1108 1860 1176; x_wconf 88' lang='lat' dir='ltr'>animis</span> <span class='ocrx_word' id='word_1_345' title='bbox 1882 1131 2049 1200; x_wconf 82' lang='lat' dir='ltr'>magnum</span> <span class='ocrx_word' id='word_1_346' title='bbox 2065 1116 2224 1188; x_wconf 88' lang='lat' dir='ltr'>dolorem</span> 
     </span>
     <span class='ocr_line' id='line_1_54' title="bbox 1235 1207 2227 1300; baseline 0.009 -19"><span class='ocrx_word' id='word_1_347' title='bbox 1235 1211 1459 1293; x_wconf 78' lang='lat' dir='ltr'>adferebant,</span> <span class='ocrx_word' id='word_1_348' title='bbox 1492 1208 1552 1300; x_wconf 90' lang='lat' dir='ltr'>qui</span> <span class='ocrx_word' id='word_1_349' title='bbox 1576 1207 1781 1291; x_wconf 89' lang='lat' dir='ltr'>orbitatem,</span> <span class='ocrx_word' id='word_1_350' title='bbox 1813 1222 1847 1279; x_wconf 89' lang='lat' dir='ltr'>et</span> <span class='ocrx_word' id='word_1_351' title='bbox 1870 1231 1969 1281; x_wconf 90' lang='lat' dir='ltr'>suam</span> <span class='ocrx_word' id='word_1_352' title='bbox 1991 1226 2026 1284; x_wconf 90' lang='lat' dir='ltr'>et</span> <span class='ocrx_word' id='word_1_353' title='bbox 2048 1211 2227 1291; x_wconf 87' lang='lat' dir='ltr'>Ecclesiae</span> 
     </span>
     <span class='ocr_line' id='line_1_55' title="bbox 1237 1308 1906 1399; baseline -0.004 -16"><span class='ocrx_word' id='word_1_354' title='bbox 1237 1313 1366 1383; x_wconf 88' lang='lat' dir='ltr'>talibus</span> <span class='ocrx_word' id='word_1_355' title='bbox 1382 1310 1467 1378; x_wconf 91' lang='lat' dir='ltr'>viris</span> <span class='ocrx_word' id='word_1_356' title='bbox 1482 1308 1637 1388; x_wconf 89' lang='lat' dir='ltr'>amissis,</span> <span class='ocrx_word' id='word_1_357' title='bbox 1663 1309 1906 1399; x_wconf 83' lang='lat' dir='ltr'>deplorabant.</span> 
     </span>
    </p>

    <p class='ocr_par' dir='ltr' id='par_1_14' title="bbox 1237 1408 2229 2308">
     <span class='ocr_line' id='line_1_56' title="bbox 1338 1408 2229 1502; baseline 0.016 -24"><span class='ocrx_word' id='word_1_358' title='bbox 1338 1410 1391 1478; x_wconf 91' lang='lat' dir='ltr'>Ac</span> <span class='ocrx_word' id='word_1_359' title='bbox 1415 1410 1530 1501; x_wconf 91' lang='lat' dir='ltr'>ipsum</span> <span class='ocrx_word' id='word_1_360' title='bbox 1552 1408 1929 1502; x_wconf 73' lang='lat' dir='ltr'>quidem&#39;exceperunt</span> <span class='ocrx_word' id='word_1_361' title='bbox 1958 1415 2091 1486; x_wconf 88' lang='lat' dir='ltr'>acriora</span> <span class='ocrx_word' id='word_1_362' title='bbox 2115 1435 2229 1492; x_wconf 89' lang='lat' dir='ltr'>certa·</span> 
     </span>
     <span class='ocr_line' id='line_1_57' title="bbox 1237 1509 2228 1607; baseline 0.004 -26"><span class='ocrx_word' id='word_1_363' title='bbox 1237 1513 1424 1582; x_wconf 85' lang='lat' dir='ltr'>minaeum</span> <span class='ocrx_word' id='word_1_364' title='bbox 1442 1509 1652 1592; x_wconf 86' lang='lat' dir='ltr'>Haereticis,</span> <span class='ocrx_word' id='word_1_365' title='bbox 1677 1535 1756 1580; x_wconf 92' lang='lat' dir='ltr'>cum</span> <span class='ocrx_word' id='word_1_366' title='bbox 1772 1512 1844 1580; x_wconf 93' lang='lat' dir='ltr'>iam</span> <span class='ocrx_word' id='word_1_367' title='bbox 1858 1512 2086 1607; x_wconf 89' lang='lat' dir='ltr'>Smyrnaeam</span> <span class='ocrx_word' id='word_1_368' title='bbox 2102 1518 2228 1593; x_wconf 76' lang='lat' dir='ltr'>Eccle-</span> 
     </span>
     <span class='ocr_line' id='line_1_58' title="bbox 1238 1610 2226 1708; baseline 0.01 -26"><span class='ocrx_word' id='word_1_369' title='bbox 1238 1615 1324 1683; x_wconf 89' lang='lat' dir='ltr'>siam</span> <span class='ocrx_word' id='word_1_370' title='bbox 1346 1625 1498 1700; x_wconf 90' lang='lat' dir='ltr'>regeret:</span> <span class='ocrx_word' id='word_1_371' title='bbox 1538 1610 1704 1680; x_wconf 88' lang='lat' dir='ltr'>delirium</span> <span class='ocrx_word' id='word_1_372' title='bbox 1729 1611 1926 1683; x_wconf 91' lang='lat' dir='ltr'>Marcionis</span> <span class='ocrx_word' id='word_1_373' title='bbox 1950 1616 2020 1686; x_wconf 89' lang='lat' dir='ltr'>late</span> <span class='ocrx_word' id='word_1_374' title='bbox 2043 1626 2226 1708; x_wconf 90' lang='lat' dir='ltr'>grassaba-</span> 
     </span>
     <span class='ocr_line' id='line_1_59' title="bbox 1239 1709 2224 1806; baseline 0.007 -21"><span class='ocrx_word' id='word_1_375' title='bbox 1239 1731 1297 1786; x_wconf 91' lang='lat' dir='ltr'>tur</span> <span class='ocrx_word' id='word_1_376' title='bbox 1313 1737 1386 1781; x_wconf 90' lang='lat' dir='ltr'>non</span> <span class='ocrx_word' id='word_1_377' title='bbox 1401 1714 1515 1781; x_wconf 91' lang='lat' dir='ltr'>solum</span> <span class='ocrx_word' id='word_1_378' title='bbox 1531 1713 1570 1780; x_wconf 92' lang='lat' dir='ltr'>in</span> <span class='ocrx_word' id='word_1_379' title='bbox 1585 1709 1680 1798; x_wconf 89' lang='lat' dir='ltr'>Asia,</span> <span class='ocrx_word' id='word_1_380' title='bbox 1705 1714 1764 1782; x_wconf 88' lang='lat' dir='ltr'>sed</span> <span class='ocrx_word' id='word_1_381' title='bbox 1779 1715 1884 1786; x_wconf 90' lang='lat' dir='ltr'>etiam</span> <span class='ocrx_word' id='word_1_382' title='bbox 1901 1717 1940 1784; x_wconf 91' lang='lat' dir='ltr'>in</span> <span class='ocrx_word' id='word_1_383' title='bbox 1953 1716 2029 1806; x_wconf 88' lang='lat' dir='ltr'>ipsa</span> <span class='ocrx_word' id='word_1_384' title='bbox 2043 1725 2131 1789; x_wconf 86' lang='lat' dir='ltr'>urbe</span> <span class='ocrx_word' id='word_1_385' title='bbox 2146 1722 2224 1794; x_wconf 88' lang='lat' dir='ltr'>Ro-</span> 
     </span>
     <span class='ocr_line' id='line_1_60' title="bbox 1238 1809 2223 1909; baseline 0.01 -25"><span class='ocrx_word' id='word_1_386' title='bbox 1238 1840 1312 1895; x_wconf 89' lang='lat' dir='ltr'>ma,</span> <span class='ocrx_word' id='word_1_387' title='bbox 1347 1829 1381 1884; x_wconf 89' lang='lat' dir='ltr'>et</span> <span class='ocrx_word' id='word_1_388' title='bbox 1402 1837 1568 1903; x_wconf 87' lang='lat' dir='ltr'>maguum</span> <span class='ocrx_word' id='word_1_389' title='bbox 1592 1809 1699 1882; x_wconf 89' lang='lat' dir='ltr'>chaos</span> <span class='ocrx_word' id='word_1_390' title='bbox 1725 1829 1799 1885; x_wconf 85' lang='lat' dir='ltr'>erat</span> <span class='ocrx_word' id='word_1_391' title='bbox 1825 1817 2054 1888; x_wconf 84' lang='lat' dir='ltr'>fanaticamm</span> <span class='ocrx_word' id='word_1_392' title='bbox 2079 1824 2223 1909; x_wconf 87' lang='lat' dir='ltr'>opinio-</span> 
     </span>
     <span class='ocr_line' id='line_1_61' title="bbox 1238 1910 2222 2006; baseline 0.012 -22"><span class='ocrx_word' id='word_1_393' title='bbox 1238 1939 1345 1998; x_wconf 90' lang='lat' dir='ltr'>num,</span> <span class='ocrx_word' id='word_1_394' title='bbox 1371 1939 1411 1983; x_wconf 90' lang='lat' dir='ltr'>ac</span> <span class='ocrx_word' id='word_1_395' title='bbox 1427 1914 1489 1983; x_wconf 94' lang='lat' dir='ltr'>diu</span> <span class='ocrx_word' id='word_1_396' title='bbox 1507 1915 1651 2006; x_wconf 90' lang='lat' dir='ltr'>quidem</span> <span class='ocrx_word' id='word_1_397' title='bbox 1673 1910 1783 1988; x_wconf 89' lang='lat' dir='ltr'>haesit</span> <span class='ocrx_word' id='word_1_398' title='bbox 1804 1916 1842 1984; x_wconf 90' lang='lat' dir='ltr'>in</span> <span class='ocrx_word' id='word_1_399' title='bbox 1857 1914 2024 1994; x_wconf 85' lang='lat' dir='ltr'>Ecclesia.</span> <span class='ocrx_word' id='word_1_400' title='bbox 2074 1920 2165 1994; x_wconf 89' lang='lat' dir='ltr'>Nam</span> <span class='ocrx_word' id='word_1_401' title='bbox 2181 1950 2222 1996; x_wconf 85' lang='lat' dir='ltr'>ex</span> 
     </span>
     <span class='ocr_line' id='line_1_62' title="bbox 1238 2011 2227 2116; baseline 0.01 -31"><span class='ocrx_word' id='word_1_402' title='bbox 1238 2012 1306 2085; x_wconf 92' lang='lat' dir='ltr'>hoc</span> <span class='ocrx_word' id='word_1_403' title='bbox 1328 2018 1424 2084; x_wconf 82' lang='lat' dir='ltr'>fonte</span> <span class='ocrx_word' id='word_1_404' title='bbox 1448 2011 1650 2084; x_wconf 89' lang='lat' dir='ltr'>Manichaei</span> <span class='ocrx_word' id='word_1_405' title='bbox 1672 2019 1741 2088; x_wconf 89' lang='lat' dir='ltr'>orti</span> <span class='ocrx_word' id='word_1_406' title='bbox 1763 2030 1862 2102; x_wconf 89' lang='lat' dir='ltr'>sunt,</span> <span class='ocrx_word' id='word_1_407' title='bbox 1889 2032 1924 2089; x_wconf 81' lang='lat' dir='ltr'>et</span> <span class='ocrx_word' id='word_1_408' title='bbox 1944 2020 2035 2092; x_wconf 90' lang='lat' dir='ltr'>aliae</span> <span class='ocrx_word' id='word_1_409' title='bbox 2056 2029 2227 2116; x_wconf 86' lang='lat' dir='ltr'>supersti-</span> 
     </span>
     <span class='ocr_line' id='line_1_63' title="bbox 1240 2111 2224 2216; baseline 0.01 -31"><span class='ocrx_word' id='word_1_410' title='bbox 1240 2119 1369 2186; x_wconf 85' lang='lat' dir='ltr'>tiones:</span> <span class='ocrx_word' id='word_1_411' title='bbox 1396 2111 1435 2184; x_wconf 93' lang='lat' dir='ltr'>hi</span> <span class='ocrx_word' id='word_1_412' title='bbox 1453 2113 1546 2185; x_wconf 87' lang='lat' dir='ltr'>Deos</span> <span class='ocrx_word' id='word_1_413' title='bbox 1563 2116 1741 2205; x_wconf 84' lang='lat' dir='ltr'>lingebant</span> <span class='ocrx_word' id='word_1_414' title='bbox 1756 2121 1865 2202; x_wconf 72' lang='lat' dir='ltr'>ditos,</span> <span class='ocrx_word' id='word_1_415' title='bbox 1891 2120 1985 2191; x_wconf 89' lang='lat' dir='ltr'>iuter</span> <span class='ocrx_word' id='word_1_416' title='bbox 2005 2147 2042 2192; x_wconf 88' lang='lat' dir='ltr'>se</span> <span class='ocrx_word' id='word_1_417' title='bbox 2065 2149 2224 2216; x_wconf 84' lang='lat' dir='ltr'>pugnan-</span> 
     </span>
     <span class='ocr_line' id='line_1_64' title="bbox 1240 2218 2227 2308; baseline 0.012 -20"><span class='ocrx_word' id='word_1_418' title='bbox 1240 2233 1290 2289; x_wconf 86' lang='lat' dir='ltr'>tes</span> <span class='ocrx_word' id='word_1_419' title='bbox 1308 2218 1437 2308; x_wconf 92' lang='lat' dir='ltr'>pariter</span> <span class='ocrx_word' id='word_1_420' title='bbox 1454 2231 1624 2301; x_wconf 85' lang='lat' dir='ltr'>aeternos,</span> <span class='ocrx_word' id='word_1_421' title='bbox 1649 2219 1770 2288; x_wconf 88' lang='lat' dir='ltr'>lumen</span> <span class='ocrx_word' id='word_1_422' title='bbox 1786 2234 1821 2289; x_wconf 90' lang='lat' dir='ltr'>et</span> <span class='ocrx_word' id='word_1_423' title='bbox 1834 2223 2006 2292; x_wconf 87' lang='lat' dir='ltr'>tenebras.</span> <span class='ocrx_word' id='word_1_424' title='bbox 2045 2223 2076 2296; x_wconf 92' lang='lat' dir='ltr'>A</span> <span class='ocrx_word' id='word_1_425' title='bbox 2090 2229 2227 2300; x_wconf 89' lang='lat' dir='ltr'>lumine</span> 
     </span>
    </p>
   </div>
   <div class='ocr_carea' id='block_1_14' title="bbox 1240 2319 2226 2822">
    <p class='ocr_par' dir='ltr' id='par_1_15' title="bbox 1240 2319 2226 2822">
     <span class='ocr_line' id='line_1_65' title="bbox 1240 2319 2226 2404; baseline 0.015 -16"><span class='ocrx_word' id='word_1_426' title='bbox 1240 2320 1405 2388; x_wconf 83' lang='lat' dir='ltr'>dicebant</span> <span class='ocrx_word' id='word_1_427' title='bbox 1428 2319 1588 2401; x_wconf 86' lang='lat' dir='ltr'>conditas</span> <span class='ocrx_word' id='word_1_428' title='bbox 1609 2341 1682 2388; x_wconf 91' lang='lat' dir='ltr'>esse</span> <span class='ocrx_word' id='word_1_429' title='bbox 1704 2320 1815 2390; x_wconf 86' lang='lat' dir='ltr'>bonas</span> <span class='ocrx_word' id='word_1_430' title='bbox 1840 2337 2018 2394; x_wconf 86' lang='lat' dir='ltr'>creaturas</span> <span class='ocrx_word' id='word_1_431' title='bbox 2038 2339 2071 2396; x_wconf 90' lang='lat' dir='ltr'>et</span> <span class='ocrx_word' id='word_1_432' title='bbox 2097 2330 2226 2404; x_wconf 87' lang='lat' dir='ltr'>beatas.</span> 
     </span>
     <span class='ocr_line' id='line_1_66' title="bbox 1240 2413 2224 2513; baseline 0.011 -24"><span class='ocrx_word' id='word_1_433' title='bbox 1240 2419 1272 2489; x_wconf 88' lang='lat' dir='ltr'><strong>A</strong></span> <span class='ocrx_word' id='word_1_434' title='bbox 1287 2421 1380 2489; x_wconf 91' lang='lat' dir='ltr'>malo</span> <span class='ocrx_word' id='word_1_435' title='bbox 1395 2419 1562 2490; x_wconf 91' lang='lat' dir='ltr'>dicebant</span> <span class='ocrx_word' id='word_1_436' title='bbox 1578 2413 1684 2513; x_wconf 88' lang='lat' dir='ltr'>hylen</span> <span class='ocrx_word' id='word_1_437' title='bbox 1700 2443 1784 2506; x_wconf 85' lang='lat' dir='ltr'>esse,</span> <span class='ocrx_word' id='word_1_438' title='bbox 1805 2436 1838 2492; x_wconf 92' lang='lat' dir='ltr'>et</span> <span class='ocrx_word' id='word_1_439' title='bbox 1851 2416 2036 2496; x_wconf 91' lang='lat' dir='ltr'>hominum</span> <span class='ocrx_word' id='word_1_440' title='bbox 2051 2429 2224 2499; x_wconf 90' lang='lat' dir='ltr'>damuan-</span> 
     </span>
     <span class='ocr_line' id='line_1_67' title="bbox 1240 2521 2226 2622; baseline 0.011 -33"><span class='ocrx_word' id='word_1_441' title='bbox 1240 2524 1366 2589; x_wconf 89' lang='lat' dir='ltr'>dorum</span> <span class='ocrx_word' id='word_1_442' title='bbox 1384 2535 1537 2603; x_wconf 90' lang='lat' dir='ltr'>naturas,</span> <span class='ocrx_word' id='word_1_443' title='bbox 1560 2545 1648 2612; x_wconf 89' lang='lat' dir='ltr'>quae</span> <span class='ocrx_word' id='word_1_444' title='bbox 1662 2521 1754 2594; x_wconf 85' lang='lat' dir='ltr'>flecti</span> <span class='ocrx_word' id='word_1_445' title='bbox 1768 2524 1811 2592; x_wconf 84' lang='lat' dir='ltr'>ad</span> <span class='ocrx_word' id='word_1_446' title='bbox 1826 2525 1963 2594; x_wconf 91' lang='lat' dir='ltr'>bouum</span> <span class='ocrx_word' id='word_1_447' title='bbox 1976 2550 2050 2596; x_wconf 90' lang='lat' dir='ltr'>non</span> <span class='ocrx_word' id='word_1_448' title='bbox 2066 2547 2226 2622; x_wconf 87' lang='lat' dir='ltr'>possent:</span> 
     </span>
     <span class='ocr_line' id='line_1_68' title="bbox 1240 2617 2226 2711; baseline 0.013 -22"><span class='ocrx_word' id='word_1_449' title='bbox 1240 2617 1323 2691; x_wconf 83' lang='lat' dir='ltr'>item</span> <span class='ocrx_word' id='word_1_450' title='bbox 1337 2621 1496 2711; x_wconf 91' lang='lat' dir='ltr'>imperia,</span> <span class='ocrx_word' id='word_1_451' title='bbox 1521 2623 1710 2707; x_wconf 90' lang='lat' dir='ltr'>connubia,</span> <span class='ocrx_word' id='word_1_452' title='bbox 1735 2625 1832 2695; x_wconf 85' lang='lat' dir='ltr'>cibos</span> <span class='ocrx_word' id='word_1_453' title='bbox 1847 2627 2060 2702; x_wconf 90' lang='lat' dir='ltr'>immundos.</span> <span class='ocrx_word' id='word_1_454' title='bbox 2111 2629 2226 2701; x_wconf 88' lang='lat' dir='ltr'>Deni-</span> 
     </span>
     <span class='ocr_line' id='line_1_69' title="bbox 1241 2722 2225 2822; baseline 0.016 -37"><span class='ocrx_word' id='word_1_455' title='bbox 1241 2747 1308 2816; x_wconf 82' lang='lat' dir='ltr'>que</span> <span class='ocrx_word' id='word_1_456' title='bbox 1324 2722 1413 2789; x_wconf 89' lang='lat' dir='ltr'>mira</span> <span class='ocrx_word' id='word_1_457' title='bbox 1432 2737 1507 2792; x_wconf 88' lang='lat' dir='ltr'>crat</span> <span class='ocrx_word' id='word_1_458' title='bbox 1521 2723 1732 2810; x_wconf 90' lang='lat' dir='ltr'>opinionum</span> <span class='ocrx_word' id='word_1_459' title='bbox 1750 2727 1925 2796; x_wconf 88' lang='lat' dir='ltr'>confusio:</span> <span class='ocrx_word' id='word_1_460' title='bbox 1957 2730 2107 2822; x_wconf 84' lang='lat' dir='ltr'>lecitque</span> <span class='ocrx_word' id='word_1_461' title='bbox 2123 2731 2225 2801; x_wconf 89' lang='lat' dir='ltr'>Mar-</span> 
     </span>
    </p>
   </div>
   <div class='ocr_carea' id='block_1_15' title="bbox 1240 2823 2226 3220">
    <p class='ocr_par' dir='ltr' id='par_1_16' title="bbox 1240 2823 2226 3220">
     <span class='ocr_line' id='line_1_70' title="bbox 1240 2823 2224 2916; baseline 0.008 -24"><span class='ocrx_word' id='word_1_462' title='bbox 1240 2825 1341 2905; x_wconf 88' lang='lat' dir='ltr'>cion,</span> <span class='ocrx_word' id='word_1_463' title='bbox 1375 2824 1471 2913; x_wconf 87' lang='lat' dir='ltr'>quod</span> <span class='ocrx_word' id='word_1_464' title='bbox 1504 2823 1619 2892; x_wconf 90' lang='lat' dir='ltr'>solent</span> <span class='ocrx_word' id='word_1_465' title='bbox 1650 2825 1764 2895; x_wconf 80' lang='lat' dir='ltr'>facere</span> <span class='ocrx_word' id='word_1_466' title='bbox 1790 2829 1910 2911; x_wconf 89' lang='lat' dir='ltr'>multi,</span> <span class='ocrx_word' id='word_1_467' title='bbox 1947 2830 2009 2899; x_wconf 92' lang='lat' dir='ltr'>diu</span> <span class='ocrx_word' id='word_1_468' title='bbox 2035 2832 2224 2916; x_wconf 89' lang='lat' dir='ltr'>dubitavit,</span> 
     </span>
     <span class='ocr_line' id='line_1_71' title="bbox 1240 2921 2222 3017; baseline 0.009 -25"><span class='ocrx_word' id='word_1_469' title='bbox 1240 2921 1366 3015; x_wconf 89' lang='lat' dir='ltr'>sparsit</span> <span class='ocrx_word' id='word_1_470' title='bbox 1384 2924 1513 2992; x_wconf 91' lang='lat' dir='ltr'>erroris</span> <span class='ocrx_word' id='word_1_471' title='bbox 1529 2924 1682 3010; x_wconf 87' lang='lat' dir='ltr'>semina,</span> <span class='ocrx_word' id='word_1_472' title='bbox 1709 2940 1827 3017; x_wconf 89' lang='lat' dir='ltr'>postea</span> <span class='ocrx_word' id='word_1_473' title='bbox 1841 2929 1948 3000; x_wconf 89' lang='lat' dir='ltr'>rediit</span> <span class='ocrx_word' id='word_1_474' title='bbox 1959 2935 2001 3000; x_wconf 91' lang='lat' dir='ltr'>ad</span> <span class='ocrx_word' id='word_1_475' title='bbox 2020 2928 2222 3011; x_wconf 86' lang='lat' dir='ltr'>Ecclesiam,</span> 
     </span>
     <span class='ocr_line' id='line_1_72' title="bbox 1240 3026 2223 3116; baseline 0.008 -22"><span class='ocrx_word' id='word_1_476' title='bbox 1240 3026 1419 3094; x_wconf 84' lang='lat' dir='ltr'>consessus</span> <span class='ocrx_word' id='word_1_477' title='bbox 1436 3038 1486 3094; x_wconf 92' lang='lat' dir='ltr'>est</span> <span class='ocrx_word' id='word_1_478' title='bbox 1503 3048 1681 3116; x_wconf 88' lang='lat' dir='ltr'>errorem,</span> <span class='ocrx_word' id='word_1_479' title='bbox 1706 3043 1739 3099; x_wconf 89' lang='lat' dir='ltr'>et</span> <span class='ocrx_word' id='word_1_480' title='bbox 1754 3033 1908 3103; x_wconf 85' lang='lat' dir='ltr'>ostendit</span> <span class='ocrx_word' id='word_1_481' title='bbox 1923 3055 1960 3101; x_wconf 90' lang='lat' dir='ltr'>se</span> <span class='ocrx_word' id='word_1_482' title='bbox 1978 3047 2129 3102; x_wconf 89' lang='lat' dir='ltr'>mutasse</span> <span class='ocrx_word' id='word_1_483' title='bbox 2143 3058 2223 3102; x_wconf 87' lang='lat' dir='ltr'>scn-</span> 
     </span>
     <span class='ocr_line' id='line_1_73' title="bbox 1241 3122 2226 3220; baseline 0.011 -24"><span class='ocrx_word' id='word_1_484' title='bbox 1241 3126 1397 3196; x_wconf 89' lang='lat' dir='ltr'>tentiam.</span> <span class='ocrx_word' id='word_1_485' title='bbox 1448 3122 1643 3220; x_wconf 79' lang='lat' dir='ltr'>Aliquanto</span> <span class='ocrx_word' id='word_1_486' title='bbox 1671 3143 1748 3219; x_wconf 89' lang='lat' dir='ltr'>post</span> <span class='ocrx_word' id='word_1_487' title='bbox 1771 3132 1894 3202; x_wconf 88' lang='lat' dir='ltr'>eadem</span> <span class='ocrx_word' id='word_1_488' title='bbox 1922 3134 2049 3204; x_wconf 87' lang='lat' dir='ltr'>deliria</span> <span class='ocrx_word' id='word_1_489' title='bbox 2071 3148 2226 3207; x_wconf 90' lang='lat' dir='ltr'>renovat.</span> 
     </span>
    </p>
   </div>
   <div class='ocr_carea' id='block_1_16' title="bbox 1240 3223 2228 3398">
    <p class='ocr_par' dir='ltr' id='par_1_17' title="bbox 1240 3223 2228 3398">
     <span class='ocr_line' id='line_1_74' title="bbox 1240 3223 2228 3328; baseline 0.009 -31"><span class='ocrx_word' id='word_1_490' title='bbox 1240 3228 1317 3297; x_wconf 89' lang='lat' dir='ltr'>Hae</span> <span class='ocrx_word' id='word_1_491' title='bbox 1334 3223 1573 3296; x_wconf 89' lang='lat' dir='ltr'>dubitationes</span> <span class='ocrx_word' id='word_1_492' title='bbox 1591 3242 1625 3298; x_wconf 91' lang='lat' dir='ltr'>et</span> <span class='ocrx_word' id='word_1_493' title='bbox 1647 3230 1891 3301; x_wconf 78' lang='lat' dir='ltr'>fluctuationes</span> <span class='ocrx_word' id='word_1_494' title='bbox 1907 3236 2021 3302; x_wconf 86' lang='lat' dir='ltr'>animi</span> <span class='ocrx_word' id='word_1_495' title='bbox 2037 3258 2140 3328; x_wconf 83' lang='lat' dir='ltr'>saepe</span> <span class='ocrx_word' id='word_1_496' title='bbox 2163 3261 2228 3305; x_wconf 91' lang='lat' dir='ltr'>no·</span> 
     </span>
     <span class='ocr_line' id='line_1_75' title="bbox 1241 3327 1702 3398; baseline 0.007 -3"><span class='ocrx_word' id='word_1_497' title='bbox 1241 3342 1321 3397; x_wconf 89' lang='lat' dir='ltr'>cent</span> <span class='ocrx_word' id='word_1_498' title='bbox 1336 3327 1439 3396; x_wconf 91' lang='lat' dir='ltr'>etiam</span> <span class='ocrx_word' id='word_1_499' title='bbox 1455 3328 1702 3398; x_wconf 89' lang='lat' dir='ltr'>mediocribus.</span> 
     </span>
    </p>
   </div>
   <div class='ocr_carea' id='block_1_17' title="bbox 1240 3424 2231 5037">
    <p class='ocr_par' dir='ltr' id='par_1_18' title="bbox 1240 3424 2228 4104">
     <span class='ocr_line' id='line_1_76' title="bbox 1335 3424 2228 3524; baseline 0.016 -32"><span class='ocrx_word' id='word_1_500' title='bbox 1335 3425 1441 3495; x_wconf 92' lang='lat' dir='ltr'>Venit</span> <span class='ocrx_word' id='word_1_501' title='bbox 1456 3428 1562 3516; x_wconf 90' lang='lat' dir='ltr'>igitur</span> <span class='ocrx_word' id='word_1_502' title='bbox 1574 3426 1725 3503; x_wconf 87' lang='lat' dir='ltr'>Romam</span> <span class='ocrx_word' id='word_1_503' title='bbox 1742 3424 1970 3523; x_wconf 86' lang='lat' dir='ltr'>Polycarpus,</span> <span class='ocrx_word' id='word_1_504' title='bbox 1994 3444 2036 3501; x_wconf 93' lang='lat' dir='ltr'>ut</span> <span class='ocrx_word' id='word_1_505' title='bbox 2053 3440 2228 3524; x_wconf 89' lang='lat' dir='ltr'>grassanti</span> 
     </span>
     <span class='ocr_line' id='line_1_77' title="bbox 1240 3527 2227 3623; baseline 0.01 -27"><span class='ocrx_word' id='word_1_506' title='bbox 1240 3527 1333 3597; x_wconf 93' lang='lat' dir='ltr'>malo</span> <span class='ocrx_word' id='word_1_507' title='bbox 1348 3530 1564 3599; x_wconf 88' lang='lat' dir='ltr'>mederetur:</span> <span class='ocrx_word' id='word_1_508' title='bbox 1589 3529 1822 3623; x_wconf 74' lang='lat' dir='ltr'>refutavitque</span> <span class='ocrx_word' id='word_1_509' title='bbox 1835 3528 2064 3619; x_wconf 85' lang='lat' dir='ltr'>Marcionem,</span> <span class='ocrx_word' id='word_1_510' title='bbox 2089 3550 2123 3605; x_wconf 91' lang='lat' dir='ltr'>et</span> <span class='ocrx_word' id='word_1_511' title='bbox 2138 3539 2227 3605; x_wconf 88' lang='lat' dir='ltr'>scri-</span> 
     </span>
     <span class='ocr_line' id='line_1_78' title="bbox 1242 3630 2225 3722; baseline 0.008 -25"><span class='ocrx_word' id='word_1_512' title='bbox 1242 3643 1364 3722; x_wconf 89' lang='lat' dir='ltr'>pturae</span> <span class='ocrx_word' id='word_1_513' title='bbox 1379 3630 1605 3715; x_wconf 87' lang='lat' dir='ltr'>testimoniis,</span> <span class='ocrx_word' id='word_1_514' title='bbox 1629 3644 1664 3701; x_wconf 91' lang='lat' dir='ltr'>et</span> <span class='ocrx_word' id='word_1_515' title='bbox 1679 3631 1867 3703; x_wconf 87' lang='lat' dir='ltr'>autoritate</span> <span class='ocrx_word' id='word_1_516' title='bbox 1878 3632 2022 3722; x_wconf 85' lang='lat' dir='ltr'>allegata</span> <span class='ocrx_word' id='word_1_517' title='bbox 2042 3630 2225 3717; x_wconf 87' lang='lat' dir='ltr'>Iohannis,</span> 
     </span>
     <span class='ocr_line' id='line_1_79' title="bbox 1241 3731 2224 3822; baseline 0.004 -24"><span class='ocrx_word' id='word_1_518' title='bbox 1241 3732 1341 3800; x_wconf 89' lang='lat' dir='ltr'>cuius</span> <span class='ocrx_word' id='word_1_519' title='bbox 1357 3731 1566 3801; x_wconf 83' lang='lat' dir='ltr'>sententiam</span> <span class='ocrx_word' id='word_1_520' title='bbox 1582 3731 1650 3802; x_wconf 92' lang='lat' dir='ltr'>sibi</span> <span class='ocrx_word' id='word_1_521' title='bbox 1666 3735 1775 3822; x_wconf 85' lang='lat' dir='ltr'>probe</span> <span class='ocrx_word' id='word_1_522' title='bbox 1787 3747 1906 3804; x_wconf 88' lang='lat' dir='ltr'>notam</span> <span class='ocrx_word' id='word_1_523' title='bbox 1920 3756 1993 3804; x_wconf 84' lang='lat' dir='ltr'>esse</span> <span class='ocrx_word' id='word_1_524' title='bbox 2008 3736 2224 3806; x_wconf 87' lang='lat' dir='ltr'>adfirmabat.</span> 
     </span>
     <span class='ocr_line' id='line_1_80' title="bbox 1242 3830 2223 3924; baseline 0.008 -26"><span class='ocrx_word' id='word_1_525' title='bbox 1242 3830 1361 3920; x_wconf 84' lang='lat' dir='ltr'>Quare</span> <span class='ocrx_word' id='word_1_526' title='bbox 1384 3830 1604 3900; x_wconf 86' lang='lat' dir='ltr'>Marcionem</span> <span class='ocrx_word' id='word_1_527' title='bbox 1627 3856 1754 3923; x_wconf 86' lang='lat' dir='ltr'>magna</span> <span class='ocrx_word' id='word_1_528' title='bbox 1781 3856 1870 3924; x_wconf 90' lang='lat' dir='ltr'>pars.</span> <span class='ocrx_word' id='word_1_529' title='bbox 1890 3849 2099 3907; x_wconf 87' lang='lat' dir='ltr'>sectatorum</span> <span class='ocrx_word' id='word_1_530' title='bbox 2120 3839 2223 3906; x_wconf 85' lang='lat' dir='ltr'>dese-</span> 
     </span>
     <span class='ocr_line' id='line_1_81' title="bbox 1242 3933 2224 4013; baseline 0.005 -12"><span class='ocrx_word' id='word_1_531' title='bbox 1242 3933 1331 4013; x_wconf 92' lang='lat' dir='ltr'>ruit,</span> <span class='ocrx_word' id='word_1_532' title='bbox 1357 3933 1517 4003; x_wconf 89' lang='lat' dir='ltr'>oratione</span> <span class='ocrx_word' id='word_1_533' title='bbox 1535 3946 1570 4003; x_wconf 90' lang='lat' dir='ltr'>et</span> <span class='ocrx_word' id='word_1_534' title='bbox 1585 3935 1773 4006; x_wconf 89' lang='lat' dir='ltr'>autoritate</span> <span class='ocrx_word' id='word_1_535' title='bbox 1794 3935 1873 4006; x_wconf 89' lang='lat' dir='ltr'>talis</span> <span class='ocrx_word' id='word_1_536' title='bbox 1893 3936 1962 4005; x_wconf 86' lang='lat' dir='ltr'>viri</span> <span class='ocrx_word' id='word_1_537' title='bbox 1982 3939 2026 4007; x_wconf 84' lang='lat' dir='ltr'>ad</span> <span class='ocrx_word' id='word_1_538' title='bbox 2051 3939 2224 4008; x_wconf 85' lang='lat' dir='ltr'>saniorem</span> 
     </span>
     <span class='ocr_line' id='line_1_82' title="bbox 1241 4034 1634 4104; baseline -0.005 0"><span class='ocrx_word' id='word_1_539' title='bbox 1241 4034 1448 4104; x_wconf 84' lang='lat' dir='ltr'>sententiam</span> <span class='ocrx_word' id='word_1_540' title='bbox 1465 4047 1634 4104; x_wconf 90' lang='lat' dir='ltr'>revocata.</span> 
     </span>
    </p>

    <p class='ocr_par' dir='ltr' id='par_1_19' title="bbox 1240 4133 2230 4914">
     <span class='ocr_line' id='line_1_83' title="bbox 1343 4133 2230 4229; baseline 0.006 -25"><span class='ocrx_word' id='word_1_541' title='bbox 1343 4133 1548 4229; x_wconf 90' lang='lat' dir='ltr'>Aliquando</span> <span class='ocrx_word' id='word_1_542' title='bbox 1574 4148 1609 4205; x_wconf 91' lang='lat' dir='ltr'>et</span> <span class='ocrx_word' id='word_1_543' title='bbox 1638 4136 1711 4227; x_wconf 90' lang='lat' dir='ltr'>ipse</span> <span class='ocrx_word' id='word_1_544' title='bbox 1733 4134 1897 4206; x_wconf 90' lang='lat' dir='ltr'>Marcion</span> <span class='ocrx_word' id='word_1_545' title='bbox 1927 4138 2108 4226; x_wconf 85' lang='lat' dir='ltr'>insinuare</span> <span class='ocrx_word' id='word_1_546' title='bbox 2129 4162 2166 4208; x_wconf 89' lang='lat' dir='ltr'>se</span> <span class='ocrx_word' id='word_1_547' title='bbox 2189 4138 2230 4209; x_wconf 88' lang='lat' dir='ltr'>in</span> 
     </span>
     <span class='ocr_line' id='line_1_84' title="bbox 1241 4235 2230 4330; baseline 0.004 -26"><span class='ocrx_word' id='word_1_548' title='bbox 1241 4237 1431 4306; x_wconf 89' lang='lat' dir='ltr'>amicitiam</span> <span class='ocrx_word' id='word_1_549' title='bbox 1446 4235 1632 4330; x_wconf 92' lang='lat' dir='ltr'>Polycarpi</span> <span class='ocrx_word' id='word_1_550' title='bbox 1648 4238 1788 4319; x_wconf 87' lang='lat' dir='ltr'>volens,</span> <span class='ocrx_word' id='word_1_551' title='bbox 1813 4241 1856 4307; x_wconf 90' lang='lat' dir='ltr'>ad</span> <span class='ocrx_word' id='word_1_552' title='bbox 1881 4263 1963 4309; x_wconf 85' lang='lat' dir='ltr'>eum</span> <span class='ocrx_word' id='word_1_553' title='bbox 1978 4240 2138 4321; x_wconf 89' lang='lat' dir='ltr'>accessit,</span> <span class='ocrx_word' id='word_1_554' title='bbox 2164 4241 2230 4308; x_wconf 92' lang='lat' dir='ltr'>be·</span> 
     </span>
     <span class='ocr_line' id='line_1_85' title="bbox 1242 4335 2230 4431; baseline 0.006 -26"><span class='ocrx_word' id='word_1_555' title='bbox 1242 4336 1347 4424; x_wconf 71' lang='lat' dir='ltr'>nigne</span> <span class='ocrx_word' id='word_1_556' title='bbox 1356 4338 1523 4410; x_wconf 89' lang='lat' dir='ltr'>salutans.</span> <span class='ocrx_word' id='word_1_557' title='bbox 1549 4335 1709 4431; x_wconf 91' lang='lat' dir='ltr'>Cumque</span> <span class='ocrx_word' id='word_1_558' title='bbox 1726 4340 1988 4429; x_wconf 86' lang='lat' dir='ltr'>interrogasset:</span> <span class='ocrx_word' id='word_1_559' title='bbox 2011 4339 2230 4430; x_wconf 88' lang='lat' dir='ltr'>Numagno·</span> 
     </span>
     <span class='ocr_line' id='line_1_86' title="bbox 1240 4431 2230 4533; baseline 0.005 -27"><span class='ocrx_word' id='word_1_560' title='bbox 1240 4439 1308 4508; x_wconf 90' lang='lat' dir='ltr'>scis</span> <span class='ocrx_word' id='word_1_561' title='bbox 1328 4462 1384 4508; x_wconf 91' lang='lat' dir='ltr'>me</span> <span class='ocrx_word' id='word_1_562' title='bbox 1405 4436 1614 4533; x_wconf 89' lang='lat' dir='ltr'>Polycarpe,</span> <span class='ocrx_word' id='word_1_563' title='bbox 1649 4431 1832 4528; x_wconf 88' lang='lat' dir='ltr'>respondit</span> <span class='ocrx_word' id='word_1_564' title='bbox 1853 4463 1957 4510; x_wconf 82' lang='lat' dir='ltr'>senex</span> <span class='ocrx_word' id='word_1_565' title='bbox 1981 4442 2091 4523; x_wconf 81' lang='lat' dir='ltr'>iratus</span> <span class='ocrx_word' id='word_1_566' title='bbox 2113 4442 2230 4532; x_wconf 93' lang='lat' dir='ltr'>impo-</span> 
     </span>
     <span class='ocr_line' id='line_1_87' title="bbox 1241 4535 2228 4630; baseline 0.004 -22"><span class='ocrx_word' id='word_1_567' title='bbox 1241 4540 1328 4609; x_wconf 87' lang='lat' dir='ltr'>stori</span> <span class='ocrx_word' id='word_1_568' title='bbox 1352 4554 1385 4611; x_wconf 89' lang='lat' dir='ltr'>et</span> <span class='ocrx_word' id='word_1_569' title='bbox 1407 4540 1619 4609; x_wconf 90' lang='lat' dir='ltr'>simulatori:</span> <span class='ocrx_word' id='word_1_570' title='bbox 1658 4535 1735 4626; x_wconf 87' lang='lat' dir='ltr'>Ego</span> <span class='ocrx_word' id='word_1_571' title='bbox 1758 4563 1841 4611; x_wconf 86' lang='lat' dir='ltr'>vero</span> <span class='ocrx_word' id='word_1_572' title='bbox 1863 4555 1897 4611; x_wconf 92' lang='lat' dir='ltr'>te</span> <span class='ocrx_word' id='word_1_573' title='bbox 1920 4564 2070 4630; x_wconf 86' lang='lat' dir='ltr'>agnosco</span> <span class='ocrx_word' id='word_1_574' title='bbox 2092 4544 2228 4614; x_wconf 85' lang='lat' dir='ltr'>foetum</span> 
     </span>
     <span class='ocr_line' id='line_1_88' title="bbox 1241 4637 2229 4736; baseline 0.005 -28"><span class='ocrx_word' id='word_1_575' title='bbox 1241 4640 1467 4732; x_wconf 88' lang='lat' dir='ltr'>praecipuum</span> <span class='ocrx_word' id='word_1_576' title='bbox 1482 4639 1629 4708; x_wconf 89' lang='lat' dir='ltr'>diaboli.</span> <span class='ocrx_word' id='word_1_577' title='bbox 1669 4637 1745 4711; x_wconf 91' lang='lat' dir='ltr'>Hac</span> <span class='ocrx_word' id='word_1_578' title='bbox 1760 4666 1844 4713; x_wconf 90' lang='lat' dir='ltr'>voce</span> <span class='ocrx_word' id='word_1_579' title='bbox 1857 4643 2047 4712; x_wconf 88' lang='lat' dir='ltr'>declaravit</span> <span class='ocrx_word' id='word_1_580' title='bbox 2061 4669 2132 4736; x_wconf 93' lang='lat' dir='ltr'>quo</span> <span class='ocrx_word' id='word_1_581' title='bbox 2148 4644 2229 4713; x_wconf 90' lang='lat' dir='ltr'>ani-</span> 
     </span>
     <span class='ocr_line' id='line_1_89' title="bbox 1241 4741 2230 4838; baseline 0.007 -30"><span class='ocrx_word' id='word_1_582' title='bbox 1241 4766 1298 4809; x_wconf 91' lang='lat' dir='ltr'>mo</span> <span class='ocrx_word' id='word_1_583' title='bbox 1322 4765 1401 4831; x_wconf 88' lang='lat' dir='ltr'>erga</span> <span class='ocrx_word' id='word_1_584' title='bbox 1425 4764 1484 4811; x_wconf 86' lang='lat' dir='ltr'>eos</span> <span class='ocrx_word' id='word_1_585' title='bbox 1503 4763 1577 4808; x_wconf 87' lang='lat' dir='ltr'>esse</span> <span class='ocrx_word' id='word_1_586' title='bbox 1591 4741 1801 4828; x_wconf 89' lang='lat' dir='ltr'>debeamus,</span> <span class='ocrx_word' id='word_1_587' title='bbox 1826 4744 1889 4838; x_wconf 94' lang='lat' dir='ltr'>qui</span> <span class='ocrx_word' id='word_1_588' title='bbox 1911 4746 2127 4836; x_wconf 87' lang='lat' dir='ltr'>corruptelas</span> <span class='ocrx_word' id='word_1_589' title='bbox 2151 4743 2230 4837; x_wconf 88' lang='lat' dir='ltr'>piae</span> 
     </span>
     <span class='ocr_line' id='line_1_90' title="bbox 1240 4844 1588 4914; baseline -0.009 -4"><span class='ocrx_word' id='word_1_590' title='bbox 1240 4844 1420 4914; x_wconf 89' lang='lat' dir='ltr'>doctrinae</span> <span class='ocrx_word' id='word_1_591' title='bbox 1435 4855 1588 4911; x_wconf 87' lang='lat' dir='ltr'>struunt.</span> 
     </span>
    </p>

    <p class='ocr_par' dir='ltr' id='par_1_20' title="bbox 1333 4943 2231 5037">
     <span class='ocr_line' id='line_1_91' title="bbox 1333 4943 2231 5037; baseline 0.002 -24"><span class='ocrx_word' id='word_1_592' title='bbox 1333 4944 1496 5013; x_wconf 89' lang='lat' dir='ltr'>lrenaeus</span> <span class='ocrx_word' id='word_1_593' title='bbox 1510 4943 1614 5012; x_wconf 90' lang='lat' dir='ltr'>etiam</span> <span class='ocrx_word' id='word_1_594' title='bbox 1631 4943 1758 5037; x_wconf 90' lang='lat' dir='ltr'>inquit,</span> <span class='ocrx_word' id='word_1_595' title='bbox 1772 4945 1917 5016; x_wconf 90' lang='lat' dir='ltr'>solitum</span> <span class='ocrx_word' id='word_1_596' title='bbox 1930 4969 2031 5016; x_wconf 87' lang='lat' dir='ltr'>aures</span> <span class='ocrx_word' id='word_1_597' title='bbox 2045 4947 2231 5015; x_wconf 89' lang='lat' dir='ltr'>obstruere</span> 
     </span>
    </p>
   </div>
   <div class='ocr_carea' id='block_1_18' title="bbox 1239 5042 2230 5138">
    <p class='ocr_par' dir='ltr' id='par_1_21' title="bbox 1239 5042 2230 5138">
     <span class='ocr_line' id='line_1_92' title="bbox 1239 5042 2230 5138; baseline 0.001 -23"><span class='ocrx_word' id='word_1_598' title='bbox 1239 5043 1484 5138; x_wconf 91' lang='lat' dir='ltr'>Polycarpum,</span> <span class='ocrx_word' id='word_1_599' title='bbox 1510 5042 1538 5114; x_wconf 86' lang='lat' dir='ltr'>si</span> <span class='ocrx_word' id='word_1_600' title='bbox 1554 5047 1698 5138; x_wconf 91' lang='lat' dir='ltr'>quando</span> <span class='ocrx_word' id='word_1_601' title='bbox 1714 5047 1840 5137; x_wconf 91' lang='lat' dir='ltr'>impias</span> <span class='ocrx_word' id='word_1_602' title='bbox 1854 5042 2109 5124; x_wconf 86' lang='lat' dir='ltr'>haereticorum</span> <span class='ocrx_word' id='word_1_603' title='bbox 2127 5069 2230 5116; x_wconf 82' lang='lat' dir='ltr'>voces</span> 
     </span>
    </p>
   </div>
   <div class='ocr_carea' id='block_1_19' title="bbox 203 5131 2230 5245">
    <p class='ocr_par' dir='ltr' id='par_1_22' title="bbox 203 5131 2230 5245">
     <span class='ocr_line' id='line_1_93' title="bbox 203 5131 2230 5245; baseline 0 -42"><span class='ocrx_word' id='word_1_604' title='bbox 203 5133 366 5213; x_wconf 88' lang='lat' dir='ltr'>tinuerit,</span> <span class='ocrx_word' id='word_1_605' title='bbox 389 5156 461 5200; x_wconf 93' lang='lat' dir='ltr'>non</span> <span class='ocrx_word' id='word_1_606' title='bbox 477 5131 619 5200; x_wconf 82' lang='lat' dir='ltr'>difficile</span> <span class='ocrx_word' id='word_1_607' title='bbox 634 5145 682 5200; x_wconf 92' lang='lat' dir='ltr'>est</span> <span class='ocrx_word' id='word_1_608' title='bbox 699 5132 896 5200; x_wconf 88' lang='lat' dir='ltr'>existimare</span> <span class='ocrx_word' id='word_1_609' title='bbox 911 5132 971 5217; x_wconf 89' lang='lat' dir='ltr'>iis,</span> <span class='ocrx_word' id='word_1_610' title='bbox 993 5134 1053 5226; x_wconf 91' lang='lat' dir='ltr'>qui</span> <span class='ocrx_word' id='word_1_611' title='bbox 1071 5135 1186 5205; x_wconf 91' lang='lat' dir='ltr'>sciunt</span> <span class='ocrx_word' id='word_1_612' title='bbox 1239 5147 1415 5232; x_wconf 70' lang='lat' dir='ltr'>audiebat,</span> <span class='ocrx_word' id='word_1_613' title='bbox 1444 5147 1517 5216; x_wconf 84' lang='lat' dir='ltr'>loca</span> <span class='ocrx_word' id='word_1_614' title='bbox 1535 5150 1639 5216; x_wconf 85' lang='lat' dir='ltr'>etiam</span> <span class='ocrx_word' id='word_1_615' title='bbox 1656 5147 1776 5230; x_wconf 90' lang='lat' dir='ltr'>vitare,</span> <span class='ocrx_word' id='word_1_616' title='bbox 1803 5149 1901 5240; x_wconf 92' lang='lat' dir='ltr'>quasi</span> <span class='ocrx_word' id='word_1_617' title='bbox 1918 5149 2067 5238; x_wconf 89' lang='lat' dir='ltr'>polluta,</span> <span class='ocrx_word' id='word_1_618' title='bbox 2094 5150 2131 5216; x_wconf 93' lang='lat' dir='ltr'>in</span> <span class='ocrx_word' id='word_1_619' title='bbox 2149 5148 2230 5245; x_wconf 83' lang='lat' dir='ltr'>qui.</span> 
     </span>
    </p>
   </div>
   <div class='ocr_carea' id='block_1_20' title="bbox 201 5227 971 5331">
    <p class='ocr_par' dir='ltr' id='par_1_23' title="bbox 201 5227 971 5331">
     <span class='ocr_line' id='line_1_94' title="bbox 201 5227 971 5331; baseline 0.001 -25"><span class='ocrx_word' id='word_1_620' title='bbox 201 5250 375 5331; x_wconf 87' lang='lat' dir='ltr'>quantum</span> <span class='ocrx_word' id='word_1_621' title='bbox 394 5255 484 5302; x_wconf 91' lang='lat' dir='ltr'>onus</span> <span class='ocrx_word' id='word_1_622' title='bbox 501 5232 545 5301; x_wconf 91' lang='lat' dir='ltr'>sit</span> <span class='ocrx_word' id='word_1_623' title='bbox 560 5227 738 5300; x_wconf 87' lang='lat' dir='ltr'>Ecclesiae</span> <span class='ocrx_word' id='word_1_624' title='bbox 752 5233 971 5322; x_wconf 90' lang='lat' dir='ltr'>gubernatio.</span> 
     </span>
    </p>
   </div>
   <div class='ocr_carea' id='block_1_21' title="bbox 1238 5245 2229 5321">
    <p class='ocr_par' dir='ltr' id='par_1_24' title="bbox 1238 5245 2229 5321">
     <span class='ocr_line' id='line_1_95' title="bbox 1238 5245 2229 5321; baseline 0.001 -5"><span class='ocrx_word' id='word_1_625' title='bbox 1238 5249 1305 5316; x_wconf 91' lang='lat' dir='ltr'>bus</span> <span class='ocrx_word' id='word_1_626' title='bbox 1321 5249 1402 5317; x_wconf 88' lang='lat' dir='ltr'>illae</span> <span class='ocrx_word' id='word_1_627' title='bbox 1418 5250 1530 5318; x_wconf 92' lang='lat' dir='ltr'>dictae</span> <span class='ocrx_word' id='word_1_628' title='bbox 1547 5263 1657 5319; x_wconf 81' lang='lat' dir='ltr'>erant.</span> <span class='ocrx_word' id='word_1_629' title='bbox 1709 5245 1866 5318; x_wconf 74' lang='lat' dir='ltr'>Tantum</span> <span class='ocrx_word' id='word_1_630' title='bbox 1882 5250 1950 5321; x_wconf 80' lang='lat' dir='ltr'>luit</span> <span class='ocrx_word' id='word_1_631' title='bbox 1967 5251 2123 5320; x_wconf 90' lang='lat' dir='ltr'>studium</span> <span class='ocrx_word' id='word_1_632' title='bbox 2140 5249 2229 5320; x_wconf 88' lang='lat' dir='ltr'>reti·</span> 
     </span>
    </p>
   </div>
   <div class='ocr_carea' id='block_1_22' title="bbox 199 5345 2229 5548">
    <p class='ocr_par' dir='ltr' id='par_1_25' title="bbox 199 5345 2229 5548">
     <span class='ocr_line' id='line_1_96' title="bbox 301 5345 2229 5439; baseline -0.003 -14"><span class='ocrx_word' id='word_1_633' title='bbox 301 5352 459 5425; x_wconf 84' lang='lat' dir='ltr'>Saevitia</span> <span class='ocrx_word' id='word_1_634' title='bbox 474 5345 923 5421; x_wconf 87' lang='lat' dir='ltr'>inChristianosaNcrone</span> <span class='ocrx_word' id='word_1_635' title='bbox 937 5364 1026 5436; x_wconf 90' lang='lat' dir='ltr'>orta,</span> <span class='ocrx_word' id='word_1_636' title='bbox 1046 5353 1109 5421; x_wconf 88' lang='lat' dir='ltr'>etsi</span> <span class='ocrx_word' id='word_1_637' title='bbox 1128 5352 1186 5421; x_wconf 87' lang='lat' dir='ltr'>in·</span> <span class='ocrx_word' id='word_1_638' title='bbox 1237 5351 1376 5419; x_wconf 91' lang='lat' dir='ltr'>nendae</span> <span class='ocrx_word' id='word_1_639' title='bbox 1392 5351 1565 5433; x_wconf 85' lang='lat' dir='ltr'>veritatis,</span> <span class='ocrx_word' id='word_1_640' title='bbox 1599 5374 1644 5419; x_wconf 91' lang='lat' dir='ltr'>ne</span> <span class='ocrx_word' id='word_1_641' title='bbox 1661 5348 1772 5439; x_wconf 92' lang='lat' dir='ltr'>gloria</span> <span class='ocrx_word' id='word_1_642' title='bbox 1787 5348 1853 5420; x_wconf 91' lang='lat' dir='ltr'>Dei</span> <span class='ocrx_word' id='word_1_643' title='bbox 1871 5351 2080 5424; x_wconf 88' lang='lat' dir='ltr'>laederetur.</span> <span class='ocrx_word' id='word_1_644' title='bbox 2132 5348 2229 5421; x_wconf 87' lang='lat' dir='ltr'>luvit</span> 
     </span>
     <span class='ocr_line' id='line_1_97' title="bbox 199 5450 2110 5548; baseline 0.001 -25"><span class='ocrx_word' id='word_1_645' title='bbox 199 5457 337 5525; x_wconf 81' lang='lat' dir='ltr'>tardum</span> <span class='ocrx_word' id='word_1_646' title='bbox 354 5451 478 5525; x_wconf 91' lang='lat' dir='ltr'>habuit</span> <span class='ocrx_word' id='word_1_647' title='bbox 493 5451 676 5521; x_wconf 87' lang='lat' dir='ltr'>intervalla</span> <span class='ocrx_word' id='word_1_648' title='bbox 695 5464 729 5521; x_wconf 93' lang='lat' dir='ltr'>et</span> <span class='ocrx_word' id='word_1_649' title='bbox 744 5452 843 5544; x_wconf 89' lang='lat' dir='ltr'>quasi</span> <span class='ocrx_word' id='word_1_650' title='bbox 859 5453 1038 5538; x_wconf 90' lang='lat' dir='ltr'>inducias,</span> <span class='ocrx_word' id='word_1_651' title='bbox 1065 5468 1183 5524; x_wconf 89' lang='lat' dir='ltr'>tamen</span> <span class='ocrx_word' id='word_1_652' title='bbox 1238 5450 1431 5522; x_wconf 86' lang='lat' dir='ltr'>Ecclesiam</span> <span class='ocrx_word' id='word_1_653' title='bbox 1450 5466 1484 5523; x_wconf 90' lang='lat' dir='ltr'>et</span> <span class='ocrx_word' id='word_1_654' title='bbox 1499 5452 1656 5544; x_wconf 88' lang='lat' dir='ltr'>seriptis,</span> <span class='ocrx_word' id='word_1_655' title='bbox 1681 5477 1772 5548; x_wconf 88' lang='lat' dir='ltr'>quae</span> <span class='ocrx_word' id='word_1_656' title='bbox 1790 5453 1926 5525; x_wconf 86' lang='lat' dir='ltr'>utinam</span> <span class='ocrx_word' id='word_1_657' title='bbox 1942 5465 2110 5526; x_wconf 80' lang='lat' dir='ltr'>extarent.</span> 
     </span>
    </p>
   </div>
   <div class='ocr_carea' id='block_1_23' title="bbox 0 0 2380 6020">
    <p class='ocr_par' dir='ltr' id='par_1_26' title="bbox 0 0 2380 6020">
     <span class='ocr_line' id='line_1_98' title="bbox 0 0 2380 6020; baseline 0 0"><span class='ocrx_word' id='word_1_658' title='bbox 0 0 2380 6020; x_wconf 95' lang='lat' dir='ltr'> </span> 
     </span>
    </p>
   </div>
  </div>
 </body>
</html>
