4732 6030
145 173 199 190 ⁸⁵
271 255 349 328 32³
725 237 882 325 nncn.
928 239 1004 314 nn
1038 236 1850 319 1oaaanaauc1ononrau0.
2234 247 2319 322 aaa

275 427 393 496 sedem
408 420 534 492 studiis
550 417 623 487 suis
638 438 827 510 quaerens,
853 436 948 485 anno
970 413 1161 484 millesimo
1177 435 1268 507 qua-
1318 414 1509 485 millesimo
1531 413 1880 510 quadringentesimo
1907 417 2165 507 septuagesimo
2187 420 2325 511 primo,

276 524 552 617 dringentesimo
568 517 826 610 septuagesimo
846 517 963 610 primo
979 515 1214 605 Noribergam
1231 537 1268 585 se
1319 541 1359 588 ac
1380 541 1504 589 rursus
1527 516 1739 602 millesimo,
1774 516 2144 610 quadringentesimo,
2176 538 2325 616 septua-

277 631 425 703 00nfert.
488 622 531 694 ln
557 618 624 692 hac
648 623 738 692 urbe
763 636 805 693 ut
832 620 955 694 mallet
979 620 1159 714 reliquum
1184 640 1269 688 suae
1320 621 1452 710 gesimo
1469 621 1641 705 secundo,
1665 619 1791 688 arsisse
1807 621 1897 688 dnos
1913 635 2082 691 cometas:
2110 649 2201 717 quos
2224 641 2324 699 tanta

277 729 399 803 astaus
417 749 645 809 consumere,
669 725 744 815 ipse
765 718 829 794 bas
849 722 1037 807 recitabat,
1062 723 1156 815 quod
1182 720 1269 790 arti·
1321 722 1457 794 siccitas
1477 737 1595 795 secuta
1611 735 1682 808 est,
1707 736 1748 792 ut
1763 721 1955 816 fluminum
1977 735 2011 792 et
2034 725 2190 797 fontium
2210 755 2325 803 venae

277 834 359 903 lices
383 829 436 900 ibi
469 841 585 899 essent
616 826 738 897 idonei
764 828 816 898 ad‘
835 824 1059 897 fabricandas
1088 816 1270 892 machinas
1322 825 1536 898 exacuerint.
1588 823 1809 894 Nominalim
1828 826 1934 894 eliam
1955 832 2323 904 narrasslmulfflrum

278 930 364 1005 huic
380 933 450 1003 arti
468 930 697 1001 necessarias:
724 929 872 1014 deinde,
897 929 995 1022 quod
1017 950 1080 1020 per
1098 937 1270 995 mercato-
1322 928 1536 1020 oppidorum
1559 925 1871 1016 conflagrationem
1894 941 2048 999 semlant
2065 954 2149 1005 ⁶⁵⁸0·
2198 931 2251 1006 El
2267 938 2324 1021 ‚di-

278 1061 335 1107 res
351 1035 489 1106 facilius
504 1034 544 1102 in
562 1031 649 1102 alias
663 1033 825 1122 regiones
842 1031 926 1101 inde
946 1030 1067 1102 literas
1088 1027 1272 1099 transmit·
1322 1030 1500 1100 micarunt
1520 1030 1614 1100 inter
1643 1051 1680 1097 so
1701 1030 1746 1098 de
1769 1024 1964 1116 Bohemia,
2000 1028 2165 1123 Hungari
2190 1050 2225 1106 et
2250 1037 2325 1110 Po·

279 1154 354 1211 tere
379 1150 504 1229 posset
562 1133 653 1205 Cum
681 1134 775 1203 enim
799 1135 869 1202 iam
888 1134 1065 1225 praeclare
1078 1131 1272 1201 instructus
1323 1134 1411 1207 loni.
1451 1130 1496 1203 Et
1507 1126 1733 1202 Mahometus
1742 1128 1917 1201 Turricus
1929 1146 2106 1228 tyrannus
2122 1136 2160 1205 in
2172 1133 2325 1234 Europa

280 1255 370 1312 esset
393 1238 574 1318 doctrina,
600 1249 635 1306 et
655 1250 873 1306 caeterorum
898 1235 1028 1307 iudicia
1050 1233 1272 1323 explorasset,
1325 1229 1558 1306 Walachiam
1591 1232 1794 1324 occupavit,
1832 1234 1870 1302 in
1898 1231 1983 1306 Asia
2013 1235 2324 1331 Trapezuntinum

281 1359 314 1415 et
339 1367 375 1412 se
399 1355 572 1436 qnantum
598 1340 731 1430 potuit,
756 1341 801 1408 ad
827 1333 1038 1407 mathemata
1061 1335 1272 1404 illustranda
1324 1361 1493 1429 regnum,
1517 1335 1642 1407 utalia
1663 1335 1960 1410 multaomittam.
2012 1336 2103 1411 Cum
2121 1342 2233 1433 igitur
2248 1343 2323 1418 Re-

280 1461 315 1518 et
330 1445 556 1537 propaganda
574 1454 821 1533 praeparasset,
846 1439 1075 1510 constituerat
1089 1454 1124 1508 et
1138 1450 1274 1507 veteres
1325 1442 1575 1532 giomontanus
1609 1438 1714 1507 sciret
1743 1462 1818 1509 non
1845 1461 1948 1530 saepe
1968 1442 2109 1512 dnobus
2141 1449 2320 1520 continuis

281 1548 470 1640 scriptores
497 1547 619 1626 edere,
654 1557 688 1612 et
709 1565 789 1613 suas
818 1541 1059 1612 enarrationes
1080 1539 1273 1631 publicare.
1325 1542 1430 1614 annis
1446 1544 1610 1612 incensos
1623 1563 1697 1610 esse
1712 1554 1884 1624 cometas,
1911 1556 1944 1613 et
1961 1558 2167 1617 moveretur
2182 1552 2320 1640 magni·

281 1648 341 1723 Ad
362 1646 455 1718 hanc
478 1670 553 1714 rem
575 1645 742 1716 instruxit
768 1645 945 1714 officinam
974 1637 1275 1737 typographicam,
1326 1646 1450 1717 tudine
1465 1659 1677 1728 eventuum,
1702 1642 1765 1736 qui
1780 1644 1891 1713 secuti
1910 1659 2027 1716 erant:
2055 1650 2168 1721 edidit
2189 1653 2324 1722 miran-

282 1766 317 1823 ει
331 1749 636 1820 nomenclaturam
656 1747 841 1838 proposuit
864 1746 1061 1830 librorum,
1092 1767 1181 1837 quos
1197 1743 1275 1812 edi·
1326 1751 1412 1818 dum
1435 1771 1543 1839 opus,
1570 1746 1615 1815 de
1633 1765 1717 1815 vero
1741 1745 1818 1815 loco
1843 1759 1876 1814 et
1899 1749 2144 1836 magnitudine
2168 1771 2325 1827 cometa·

280 1868 384 1925 turns
400 1865 493 1936 crat,
518 1873 607 1943 quae
619 1844 737 1919 adhuc
751 1861 862 1928 extat,
883 1862 917 1918 et
933 1848 1077 1940 quidem
1093 1845 1273 1937 auspicato
1327 1874 1418 1922 rum.
1470 1847 1555 1921 Fuit
1568 1850 1692 1917 eodem
1708 1860 1866 1940 tempore
1882 1843 2067 1919 Erfordiae
2082 1853 2139 1921 vir
2155 1856 2326 1926 doetissi-

282 1978 425 2026 erorsus
459 1965 511 2022 est
535 1952 581 2021 ab
606 1951 762 2022 editione
786 1946 1066 2042 Ephemeridum
1097 1971 1274 2018 annorum
1328 1975 1406 2022 mars
1431 1959 1468 2020 in
1492 1947 1550 2021 his
1571 1949 1788 2041 disciplinis,
1815 1951 1980 2040 magister
1993 1947 2234 2026 Christianus:
2264 1960 2326 2029 cui

281 2058 442 2147 triginta:
469 2055 607 2146 fuitque
622 2066 692 2123 tam
714 2067 834 2144 gratus
854 2053 956 2122 labor
972 2076 1013 2122 eo
1034 2064 1213 2142 tempore,
1235 2062 1276 2118 ut
1328 2067 1500 2149 quantum
1524 2053 1691 2124 tribuerit
1711 2050 2037 2142 Regiomontanus‚
2071 2079 2111 2126 er
2134 2059 2211 2128 eius
2232 2056 2326 2152 Epi-

283 2159 422 2249 singula
448 2155 660 2247 exemplaria
691 2154 879 2225 duodecim
916 2154 1033 2225 aureis
1060 2151 1276 2242 Hungaricis
1327 2158 1416 2228 stola
1433 2158 1598 2246 adparet,
1620 2156 1657 2222 in
1676 2179 1745 2248 qua
1760 2155 1894 2240 scribit,
1921 2180 1957 2226 se
1972 2158 2177 2231 molientem
2194 2163 2324 2233 editio-

281 2264 540 2339 venderentur,
569 2256 764 2350 etquidem
781 2270 1031 2350 appeterentur
1049 2257 1094 2324 ab
1113 2255 1275 2325 omnium
1328 2282 1391 2328 nes
1404 2259 1549 2330 utilium
1567 2256 1794 2348 scriptorum,
1823 2252 1914 2327 hanc
1930 2260 1978 2330 ob
1995 2285 2136 2331 causam
2154 2264 2324 2334 libentius

281 2363 441 2454 gentium
459 2356 678 2432 hominibus.
727 2357 841 2428 Nemo
858 2355 983 2443 Italus,
1008 2353 1155 2443 Gallus,
1181 2355 1276 2425 Pan·
1329 2362 1494 2452 migrasse
1516 2358 1769 2449 N⁰rib⁰f82m2
1797 2383 1844 2428 ¹¹⁸
1864 2363 1990 2451 tr0⁶¹¹¹
2014 2365 2060 2434 ab
2084 2366 2161 2456 il>⁵⁰
2176 2368 2322 2448 ‘'hm‘h

280 2465 430 2547 nonius,
455 2460 635 2545 Sarmata,
667 2473 727 2529 aut
750 2458 951 2530 Germanus
972 2460 1088 2529 simile
1110 2461 1275 2529 calenda-
1328 2466 1425 2558 quod
1441 2463 1593 2533 maxime
1615 2485 1653 2531 se
1677 2463 1780 2531 abeo
1803 2462 1985 2546 adiuvari,
2013 2480 2046 2539 et
2060 2467 2191 2538 iudicio
2208 2469 2324 2559 ipsius

279 2569 376 2639 rium
391 2564 540 2635 viderat.
592 2561 720 2631 Veneti
737 2562 841 2634 etiam
864 2562 903 2631 in
919 2560 1106 2633 Graeciam
1128 2556 1276 2630 invehe-
1327 2589 1546 2658 censuraque
1567 2565 1606 2632 in
1623 2564 1745 2634 multis
1766 2564 1922 2635 materiis
1939 2568 1990 2638 uti
2015 2569 2140 2661 cupiat.
2193 2569 2323 2642 Laudo

280 2671 381 2740 bant.
420 2664 528 2736 Scitis
543 2677 660 2735 autem
677 2678 711 2734 et
728 2665 819 2734 velle
833 2661 961 2749 Deum,
986 2663 1127 2736 utanni
1143 2664 1275 2733 discer·
1327 2669 1471 2739 artificis
1494 2666 1788 2759 praestantissimi
1818 2669 2028 2755 candorem,
2060 2674 2156 2766 quod
2183 2672 2323 2742 alienus

278 2784 432 2854 nantnr,
458 2782 492 2838 et
507 2766 644 2839 erudita
661 2766 866 2836 discrimina
880 2767 1047 2837 omnibus
1060 2766 1156 2836 sanis
1172 2765 1276 2836 valde
1326 2772 1395 2842 fuit
1409 2772 1455 2841 ab
1472 2767 1750 2854 obtrectatione,
1775 2783 1809 2839 et
1830 2794 1850 2839 a
1865 2773 2113 2844 malevolentia
2136 2797 2217 2864 erga
2240 2797 2323 2844 suae

279 2887 379 2965 grata
400 2894 483 2945 esse.
537 2867 658 2958 Quare
679 2870 817 2939 furores
835 2866 1032 2963 Cyclopum
1049 2871 1274 2954 detestemur,
1326 2875 1413 2944 artis
1435 2872 1664 2963 professores:
1691 2885 1725 2941 et
1750 2872 1896 2965 quidem
1920 2875 2073 2946 arbitror
2093 2876 2187 2946 serio
2213 2872 2321 2947 huius

280 2977 344 3070 qui
368 2969 496 3045 harum
523 2973 653 3045 artium
682 2971 800 3042 studia
825 2972 880 3042 vel
903 2973 1075 3057 oderunt,
1109 2972 1166 3041 vel
1188 2995 1275 3042 con·
1328 2970 1558 3069 pulcherrimi
1572 2972 1706 3043 laboris
1718 2974 1848 3056 socios,
1873 2989 1908 3047 et
1924 3002 2106 3050 censuram
2127 2979 2252 3069 magni
2267 3003 2322 3049 an

280 3091 456 3147 temnunt·
506 3073 678 3166 Sumptus
701 3088 819 3146 autem
836 3077 881 3144 ad
901 3074 1147 3144 instruendam
1164 3072 1277 3144 oflici-
1328 3079 1431 3151 silicis
1449 3075 1674 3170 quaesivisse.

280 3202 365 3248 nam
393 3171 679 3270 typographicam
710 3177 897 3267 praecipue
925 3176 1075 3248 contulit
1094 3165 1276 3247 Bernharss
1431 3177 1542 3250 Grata
1556 3179 1672 3248 fuerat
1686 3177 1824 3253 Romae
1838 3181 2005 3271 inprimis
2022 3183 2130 3255 editio
2144 3179 2320 3276 Epherne-

281 3282 348 3350 dus
363 3277 567 3365 Waltcrus,
595 3277 729 3346 ecuius
741 3278 876 3349 familia
892 3278 1056 3350 Walteri
1071 3296 1153 3350 sunt
1167 3279 1206 3347 in
1220 3273 1277 3360 his
1328 3282 1464 3352 rislum:
1492 3295 1526 3351 et
1547 3280 1616 3350 viri
1632 3281 1741 3365 docti,
1766 3281 1828 3371 qui
1851 3282 1928 3351 eius
1952 3285 2138 3373 ingenium
2151 3299 2189 3358 et
2203 3286 2319 3356 erudi-

223 3454 235 3470 ,
280 3379 489 3472 regionibus
513 3402 587 3449 non
610 3378 740 3469 ignoti,
768 3379 830 3471 qui
858 3392 893 3448 et
920 3380 1103 3450 facultates
1125 3375 1277 3450 habebat
1329 3384 1462 3453 tionem
1480 3396 1627 3465 norant,
1657 3383 1695 3450 in
1713 3378 1850 3451 ltaliam
1870 3405 1952 3453 eum
1969 3382 2106 3456 retrahi
2122 3388 2319 3481 cupiebant,

281 3482 535 3577 amplissimas,
560 3495 594 3552 et
614 3481 752 3553 colebat
768 3481 950 3554 doctrinae
970 3481 1128 3552 coelestis
1148 3482 1277 3556 studia,
1328 3498 1369 3556 ut
1383 3482 1458 3556 frui
1470 3486 1545 3557 eius
1562 3483 1720 3555 doctrina
1736 3495 1890 3576 possent,
1941 3481 2093 3559 Hiram
2111 3485 2319 3570 hortatores,

281 3586 455 3657 Invitavit
477 3597 596 3654 autem
617 3597 652 3655 et
670 3584 821 3653 aliorum
844 3583 1040 3654 multorum
1062 3583 1194 3654 civium
1213 3608 1276 3653 vo·
1329 3601 1368 3659 ut
1383 3586 1549 3659 Pontifex
1566 3587 1687 3659 Sixtns
1707 3609 1787 3657 eom
1802 3582 1956 3657 Romam
1974 3605 2146 3676 accersat,
2168 3605 2203 3662 et
2219 3615 2321 3662 cansa

280 3692 446 3770 luntates,
461 3701 502 3758 ut
518 3683 583 3754 has
598 3685 803 3780 disciplinas
817 3686 1003 3775 degustare
1018 3699 1053 3757 et
1068 3709 1278 3774 cognoscere
1328 3705 1548 3770 recensetur,
1576 3693 1674 3783 quod
1695 3691 1740 3759 de
1761 3689 2006 3760 emendatione
2022 3689 2230 3761 Calendarii
2261 3696 2322 3763 de·

281 3791 491 3884 inciperent.
542 3785 640 3859 Haec
662 3787 849 3858 seminaria
872 3783 979 3860 huius
999 3789 1182 3860 doctrinae
1203 3790 1277 3879 pri·
1327 3794 1555 3864 liberationes
1570 3793 1710 3863 futurae
1727 3803 1851 3862 essent
1904 3786 1982 3862 [toi
1998 3803 2110 3861 autem
2133 3815 2239 3881 aegre
2258 3819 2325 3884 pa-

280 3919 380 3964 mum
401 3891 620 3982 Noribergae
646 3913 765 3983 sparsa
792 3885 887 3962 sunt.
948 3889 1069 3982 Quare
1095 3893 1278 3986 usquead
1328 3895 1483 3967 tiebatur
1504 3894 1609 3965 avelli
1632 3918 1669 3966 se
1689 3890 1999 3984 Regiomontanus
2017 3895 2061 3964 ab
2085 3893 2226 3964 officina
2251 3909 2326 3966 eta

280 3991 368 4067 haec
382 4009 542 4088 tempora
559 3994 598 4062 in
613 4017 654 4063 ea
668 3995 758 4064 urbe
775 3993 886 4084 magis
909 3988 1037 4064 harum
1054 3993 1185 4066 artium
1202 4009 1277 4066 stu·
1328 3995 1524 4070 Ptolemaei
1542 3996 1717 4082 editione,
1743 4009 1776 4066 et
1792 3996 2013 4090 praesagiens
2033 4019 2132 4066 suam
2151 4009 2320 4076 mortem

281 4099 340 4169 dia
355 4098 505 4181 florent,
529 4119 637 4189 qnam
654 4097 693 4165 in
709 4095 889 4189 plerisque
902 4091 1117 4172 Academiis.
1156 4092 1205 4169 Et
1221 4120 1278 4167 sa·
1327 4112 1370 4172 ut
1382 4115 1549 4194 narrant,
1575 4100 1789 4196 querebatur
1802 4122 1841 4169 se
1853 4098 2025 4190 gravatim
2038 4092 2107 4168 hoe
2125 4097 2195 4168 iter
2210 4097 2321 4170 susci·

179 4212 181 4216 ’
280 4199 494 4292 pientissimi
507 4211 650 4269 senatus
665 4197 815 4267 consilio
832 4196 1050 4289 stipendium
1066 4212 1202 4270 eertum
1216 4223 1277 4269 ar·
1328 4225 1428 4295 pere:
1462 4203 1549 4275 vicit
1570 4217 1689 4275 umen
1708 4199 1891 4273 Pontificis
1913 4201 2095 4274 autoritas.
2144 4194 2195 4270 Et
2220 4223 2318 4272 cansa

281 4302 386 4379 tium,
403 4312 443 4368 ut
456 4298 502 4367 ad
515 4321 638 4368 earum
653 4297 895 4389 cognitionem
911 4299 1077 4372 iuventus
1091 4302 1276 4373 adsuefiat:
1328 4305 1509 4400 proposita
1541 4317 1634 4390 erat,
1674 4327 1764 4399 quae
1795 4304 1912 4374 virum
1944 4304 2146 4396 cupientem
2175 4302 2319 4373 utilitati

283 4425 323 4471 ac
339 4421 462 4469 recens
483 4398 536 4467 ibi
559 4399 754 4470 multorum
770 4401 887 4471 studia
901 4402 1064 4474 excitavit
1079 4402 1135 4472 vir
1151 4404 1277 4478 doctus
1328 4408 1510 4480 communi
1530 4409 1664 4481 servire
1680 4404 1860 4479 movebat.
1912 4403 2019 4477 Scitis
2034 4405 2131 4475 enim
2146 4419 2317 4497 quantum

284 4516 318 4574 et
342 4497 614 4573 honestissimus
632 4499 783 4571 loannes
800 4496 1018 4574 Schonerus.
1068 4501 1195 4576 Videte
1212 4531 1276 4578 au·
1326 4510 1460 4603 prosit,
1486 4505 1616 4584 habere
1640 4508 1815 4579 rationem
1839 4507 1927 4578 anni
1948 4522 2042 4578 reete
2062 4506 2270 4577 ordinatam
2289 4519 2319 4575 et

283 4621 355 4678 tem
390 4617 560 4700 quantam
594 4628 670 4675 rem
707 4605 854 4677 molitus
886 4605 932 4677 sit
959 4602 1276 4698 Regiomontanus.
1328 4615 1562 4688 emendatam.
1612 4609 1707 4682 Huic
1739 4609 1882 4700 negotio
1911 4620 2029 4692 tanto,
2064 4623 2214 4703 tamque
2243 4607 2316 4680 utili

281 4707 401 4779 Novas
424 4709 605 4779 versiones
628 4708 783 4780 instituit
796 4706 992 4780 Ptolemaei
1015 4707 1167 4802 Magnae
1190 4736 1276 4782 con·
1328 4718 1448 4786 deesse
1463 4715 1592 4787 noluit.
1645 4710 1828 4784 Credibile
1842 4724 1895 4782 est
1909 4713 2036 4797 etiarn,
2063 4735 2105 4780 eo
2124 4711 2249 4784 minus
2262 4711 2319 4780 ab·

282 4812 487 4883 structionis
510 4825 545 4882 et
576 4808 834 4905 Geographiae.
888 4810 1098 4885 Adornabat
1126 4828 1162 4885 et
1193 4838 1275 4885 sua·
1327 4814 1506 4889 horruisse
1527 4818 1573 4890 ab
1592 4812 1662 4887 hoc
1683 4815 1828 4899 itinere,
1854 4813 1939 4908 quia
1962 4815 2145 4906 expetebat
2161 4814 2319 4885 erudito·

162 4967 168 4970 .
281 4937 364 4983 rum
379 4915 668 4987 emendationum
684 4915 981 4990 confirmationes.
1014 4912 1145 4988 Obiter
1159 4931 1193 4988 et
1206 4919 1274 4988 alia
1327 4945 1407 4991 rum
1438 4920 1636 5014 colloquia,
1672 4933 1706 4991 et
1738 4916 1939 4986 invitabant
1966 4939 2045 4986 eum
2072 4912 2318 4986 bibliothecae.

280 5029 429 5085 naturae
463 5041 570 5108 opera
600 5031 778 5089 scrutatur
809 5031 843 5088 et
879 5019 1054 5110 patefacit.
1119 5016 1276 5114 laquirit
1325 5022 1435 5095 Redit
1466 5023 1575 5116 igitur
1600 5020 1775 5103 Romam,
1801 5019 1866 5090 uhi
1892 5041 1973 5088 curn
2002 5041 2076 5088 non
2096 5018 2161 5088 diu
2187 5020 2319 5101 fuisset,

280 5141 388 5214 quam
410 5120 481 5189 alte
496 5114 673 5191 vehantur
692 5143 797 5213 supra
816 5134 947 5190 terram
963 5145 1129 5212 vapores,
1155 5137 1190 5193 et
1205 5125 1274 5192 mi·
1326 5139 1489 5198 mortuus
1508 5141 1562 5197 est
1583 5148 1679 5196 anno
1699 5121 1890 5192 millesimo
1911 5121 2269 5215 quadringentesimo
2286 5129 2319 5189 et

278 5221 384 5292 rabili
401 5220 542 5290 solertia
559 5217 803 5311 deprehendit,
828 5247 903 5292 non
918 5224 1071 5315 amplius
1086 5227 1272 5297 duodecim
1324 5230 1597 5319 septuagesimo,
1626 5250 1699 5321 quo
1721 5248 1816 5294 anno
1835 5224 1997 5294 videlicet
2017 5221 2096 5295 Rex
2113 5221 2318 5296 Pannoniae

277 5324 492 5396 milliaribus
516 5320 740 5395 Germanicis
760 5349 820 5395 eos
843 5326 889 5396 ab
918 5320 1104 5399 horizonte
1130 5328 1271 5403 distare.
1324 5325 1496 5403 Matthias
1516 5331 1652 5422 ingenti
1676 5328 1788 5422 prelio
1808 5322 2055 5397 Mahometum
2078 5329 2265 5419 superavit
2278 5323 2315 5394 ad

272 5427 440 5521 Legimus
452 5441 571 5501 autern
587 5451 629 5497 eo
644 5440 801 5521 ternpore
816 5430 957 5501 duobus
973 5430 1153 5502 continuis
1167 5431 1271 5502 annis
1323 5431 1591 5521 Sinderoviam,
1621 5432 1750 5527 inquo
1775 5429 1880 5501 etiarn
1903 5429 2035 5499 vulnus
2049 5426 2317 5522 accepissehla-
