4732 6030
62 229 139 303 ees
637 217 797 296 nucu
828 213 906 292 nu
936 209 1271 292 prostrare
1301 213 1519 292 arcun.
2023 188 2116 296 sse

61 414 222 495 pugnent
238 397 439 481 ardentius,
457 397 501 465 de
520 417 684 466 verarum
705 395 824 484 legum
839 391 1056 479 defensione,
1107 407 1184 464 tum
1206 412 1334 485 corpus
1359 384 1593 473 cohorrescit,
1626 411 1707 458 cum
1729 402 1856 482 reputo
1882 404 2014 485 quanta
2038 392 2097 462 in-

63 506 146 600 quia
165 505 287 572 vident
303 501 341 568 in
357 511 454 570 tanta
471 498 677 569 infirmitate
700 491 878 575 humana,
903 495 941 562 iu
957 507 1055 564 tanta
1107 497 1292 566 commoda
1321 505 1511 584 sequutura
1541 490 1633 574 sint,
1666 491 1696 559 si
1728 489 1919 563 Germania
1950 508 2098 585 propter

63 605 281 687 confusione,
306 626 428 672 earum
442 601 668 670 autoritatem
683 622 796 689 saepe,
822 613 898 668 tum
913 596 1055 686 negligi,
1106 598 1199 669 bella
1215 597 1391 666 amitteret
1413 589 1506 663 hanc
1521 592 1698 663 eruditam
1714 594 1912 665 doctrinam
1930 595 2038 680 iuris,
2063 610 2098 668 et

62 721 140 779 tum
156 704 322 797 opprimi.
376 700 461 772 ldeo
483 702 631 774 tradidit
643 700 741 772 Deus
763 695 919 769 humano
934 697 1054 788 generi
1107 698 1175 771 boc
1207 700 1326 769 curiae
1360 708 1622 768 ornamentum.
1679 693 1846 766 Cresceut
1879 696 2099 790 tyrannides,

62 824 173 880 artem
205 806 408 899 politicam,
445 817 480 873 et
504 798 598 873 banc
622 802 735 897 ipsam
762 803 980 885 doctrinam,
1015 813 1055 869 ut
1107 815 1211 874 erunt
1226 823 1349 872 omnes
1361 798 1482 870 literae
1497 799 1535 866 in
1551 798 1684 867 maiore
1698 810 1957 889 contemptum,
1974 795 2098 868 Eccle-

64 922 236 1004 quantum
265 919 398 998 potest,
430 906 605 975 sanabiles
630 901 792 975 homines
816 906 859 973 ad
884 902 1053 973 iustitiam
1106 908 1177 977 siae
1192 904 1304 994 magis
1321 902 1562 992 negligentur,
1588 901 1742 993 denique
1759 900 1944 992 multiplex
1967 901 2097 970 barba.

63 1015 190 1095 flectat,
216 1023 250 1080 et
263 1011 415 1079 iniustos
429 1007 581 1099 impetus
596 1006 775 1097 reprimat.
806 1001 907 1075 Nihil
923 1005 1053 1075 mirum
1105 1012 1174 1080 ries
1189 1021 1367 1100 sequetur.
1419 1003 1539 1092 Quare
1559 1003 1714 1094 primum
1739 1026 1880 1073 oremus
1895 1000 2031 1082 Deum,
2057 1015 2099 1074 ut

64 1129 115 1185 est
136 1137 216 1197 eos,
240 1111 303 1204 qui
328 1110 494 1199 ignorant
517 1133 637 1179 causas
661 1105 789 1178 herum
804 1107 1054 1176 confusionum
1105 1135 1225 1205 pacem
1241 1108 1345 1178 nobis
1360 1107 1538 1190 concedat,
1563 1106 1692 1175 deinde
1707 1119 1747 1175 ut
1761 1101 1846 1174 haec
1862 1105 1978 1175 studia
1998 1119 2098 1175 tuea-

62 1217 102 1285 in
126 1214 303 1306 imperiis,
337 1235 401 1280 nec
423 1211 626 1280 didicerunt
654 1234 694 1278 ex
718 1209 858 1279 coelesti
882 1209 1054 1292 doctrina,
1106 1228 1182 1297 tur,
1207 1211 1302 1304 quod
1326 1209 1470 1301 quidem
1486 1231 1528 1275 eo
1549 1207 1658 1296 magis
1680 1206 1968 1299 impetrabimus,
1989 1208 2099 1276 sinos

62 1318 243 1411 quomodo
277 1312 511 1404 confirmandi
543 1326 627 1382 sunt
658 1311 789 1397 animi,
827 1307 1055 1381 vehementer
1105 1317 1174 1407 ipsi
1197 1309 1344 1382 consilia
1366 1323 1487 1379 nostra
1508 1308 1660 1378 fideliter
1683 1310 1727 1377 ad
1751 1309 1899 1399 gloriam
1920 1307 1988 1378 Dei
2011 1309 2097 1378 illu·

62 1419 178 1490 odisse
195 1414 364 1507 imperia,
392 1411 581 1506 inquibus
601 1437 682 1482 raro
699 1412 786 1482 boni
808 1427 994 1503 praesunt,
1021 1427 1054 1482 et
1105 1416 1299 1500 strandum,
1326 1426 1359 1483 et
1373 1413 1520 1483 salutem
1536 1413 1758 1480 communem
1777 1412 1978 1483 referemus.
2014 1409 2097 1480 Non

62 1533 103 1592 ut
119 1531 201 1588 sunt
219 1516 432 1600 mediocres,
458 1515 532 1584 imo
549 1515 636 1585 boni
659 1530 694 1586 et
718 1516 912 1606 sapientes,
935 1528 1051 1584 tamen
1104 1519 1214 1611 igitur
1229 1519 1469 1586 deterreamur
1491 1511 1679 1603 periculis,
1700 1534 1776 1580 non
1796 1512 2003 1603 frangamur
2015 1512 2097 1580 ani·

62 1620 256 1690 multitudo
281 1631 331 1689 est
353 1616 503 1686 varietas
526 1616 769 1706 negotiorum,
794 1640 868 1686 non
893 1616 1054 1686 concedit
1105 1622 1191 1706 mis,
1217 1618 1353 1692 etiamsi
1379 1615 1579 1694 interdum,
1605 1613 1663 1682 vel
1686 1613 1871 1705 iniquitate
1898 1609 2097 1698 bominum,

64 1724 133 1807 eis,
156 1735 196 1791 ut
215 1720 253 1789 in
269 1719 388 1789 omnia
406 1718 478 1788 sint
492 1718 632 1793 intenti.
670 1716 819 1809 Pompei
832 1718 1000 1788 iustitiam
1019 1730 1054 1786 et
1105 1724 1162 1791 vel
1193 1717 1457 1812 perturbatione
1488 1714 1671 1785 communi
1699 1738 1818 1784 rerum
1848 1710 2098 1798 humanarum,

62 1823 299 1912 integritatem
328 1815 469 1919 amabat
497 1819 717 1911 provinciae,
752 1833 792 1888 ut
822 1843 901 1888 cum
935 1842 1053 1888 secum
1105 1824 1183 1914 pia,
1222 1822 1422 1902 moderata,
1462 1817 1630 1885 salutaria
1662 1817 1809 1885 consilia
1842 1816 2098 1907 impediuntur,

63 1928 206 1995 duceret
226 1923 359 1992 multos
379 1944 521 2011 rapaces
542 1921 705 2001 comites,
732 1935 850 1990 tamen
870 1915 934 1987 bas
958 1920 1053 1988 iniu-

62 2028 132 2095 rias
155 2037 301 2115 propter
323 2021 607 2092 benevolentiam
630 2042 711 2110 erga
723 2018 934 2111 Pompeium
950 2021 1055 2088 dissi-

62 2127 251 2197 mularent.
308 2120 362 2191 De
385 2120 523 2190 Davide
552 2123 657 2192 etiam
682 2122 844 2214 querelae
871 2135 953 2190 sunt
977 2121 1053 2195 filii.

62 2227 230 2316 Denique
245 2223 399 2293 amentia
418 2224 522 2292 estin
538 2219 604 2292 hac
621 2237 769 2294 naturae
786 2217 963 2292 humanae
986 2223 1053 2292 im-

62 2329 271 2409 becillitate,
298 2325 390 2395 etin
412 2338 510 2395 tanta
532 2324 667 2394 diaboli
689 2325 853 2408 saevitia,
885 2349 1054 2417 quaerere

63 2429 182 2498 animo
205 2427 366 2519 politiam
390 2426 467 2494 sine
492 2416 588 2496 vitiis
607 2438 641 2496 et
657 2425 741 2495 sine
762 2425 954 2525 erroribus.
1006 2408 1055 2497 Ut

63 2531 171 2620 igitur
185 2528 333 2618 imperia
350 2529 504 2625 oderunt
519 2523 567 2612 bi,
592 2530 653 2620 qui
669 2550 789 2597 causas
805 2528 1052 2599 confusionum

64 2633 244 2714 nesciunt,
278 2630 327 2700 ita
348 2642 383 2699 et
406 2630 499 2718 leges
526 2631 801 2721 adspernantur:
829 2652 909 2700 cum
931 2632 1055 2700 vident

63 2757 120 2802 eas
142 2732 265 2800 multis
288 2731 491 2819 ingentibus
512 2732 617 2801 malis
641 2755 716 2800 non
731 2733 884 2818 mederi,
907 2747 947 2803 et·
962 2729 1055 2803 banc

64 2847 173 2903 totam
196 2833 395 2903 doctrinam
409 2833 502 2903 vitae
525 2833 689 2902 inutilem
710 2854 785 2901 esse
803 2847 970 2918 censent,
994 2836 1055 2902 sed

63 2960 129 3004 nos
146 2948 264 3005 monet
280 2934 438 3002 coelestis
459 2934 640 3011 doctrina,
666 2933 754 3000 oriri
777 2933 905 3002 multas
930 2934 1054 3022 ingen-

64 3049 115 3106 tes
131 3037 356 3106 conlusiones
373 3032 484 3114 vitae,
509 3056 589 3102 cum
605 3057 624 3100 a
640 3031 803 3112 diabolo,
826 3045 902 3102 tum
919 3035 964 3103 ab
987 3029 1054 3103 hu-

64 3162 169 3206 mana
186 3137 241 3204 vel
263 3131 494 3221 negligentia,
523 3132 581 3201 vel
603 3131 811 3224 petulantia.
862 3132 935 3204 Nec
953 3158 1055 3227 posse

62 3241 343 3327 gubernatorum
354 3233 515 3325 consitiis,
526 3259 565 3304 ac
579 3234 716 3323 legibus
730 3235 878 3326 reprimi
893 3238 1054 3306 omnium

60 3343 220 3420 furores,
245 3348 305 3404 aut
320 3333 459 3423 corrigi.
510 3331 559 3405 Et
574 3349 691 3406 tamen
711 3336 805 3407 inter
820 3331 884 3406 bas
900 3339 1055 3408 difficul-

62 3453 152 3509 tates
166 3462 240 3505 non
256 3458 327 3505 esse
346 3435 642 3525 gubernatoribus
660 3454 780 3508 curam
796 3439 1054 3531 deponendam,

61 3565 127 3609 nec
161 3538 324 3608 inutilem
353 3558 427 3606 esse
449 3560 570 3607 eorum
593 3539 831 3629 diligentiam:
864 3544 924 3611 sed
945 3566 1054 3634 quae-

63 3645 144 3712 dam
168 3641 278 3725 mala,
310 3640 367 3708 vel
395 3638 606 3730 reprimere,
637 3641 693 3717 vel
719 3641 892 3728 mitigare.
952 3643 1055 3711 lubet

63 3746 148 3813 item
165 3739 282 3813 Deum
306 3740 484 3824 invocari,
509 3754 550 3810 ut
563 3741 653 3811 adsit
674 3736 757 3809 huic
774 3741 985 3812 difficillimo
1000 3744 1055 3812 la-

63 3846 162 3928 bori,
189 3857 223 3913 et
244 3843 388 3936 quidem
406 3855 529 3912 monet
551 3844 626 3911 sine
650 3842 780 3911 auxilio
798 3839 884 3928 Dei,
907 3845 1053 3937 sapien-

11 3993 14 3996 *
64 3947 149 4015 tiam
170 3946 269 4014 illam
290 3943 472 4035 politicam
495 3968 597 4034 saepe
619 3940 850 4030 hallucinari,
875 3960 910 4016 et
927 3947 1053 4016 exitio-

63 4070 138 4117 sam
161 4069 233 4115 esse
251 4046 464 4117 civitatibus.
517 4046 636 4136 Quam
658 4046 763 4115 multi
785 4048 931 4118 summis
954 4049 1054 4136 inge-

63 4148 136 4218 niis
166 4147 331 4234 praediti,
363 4172 443 4217 cum
466 4149 609 4241 quidem
638 4148 772 4238 patriae
796 4149 885 4217 bene
912 4149 1054 4234 vellent,

64 4265 183 4333 tamen
206 4247 278 4316 suis
302 4248 459 4318 consiliis
481 4264 684 4324 everterunt
697 4247 857 4342 Respub.
873 4251 956 4344 quia
972 4251 1054 4321 freti

65 4374 128 4420 sua
154 4348 342 4439 sapientia,
374 4374 430 4420 res
452 4369 641 4425 moverunt
662 4376 737 4423 non
756 4353 987 4438 necessarias,
1015 4368 1055 4424 ut

64 4451 230 4529 Pericles,
254 4447 522 4539 Demosthenes,
546 4454 750 4547 Pompeius,
775 4452 910 4524 Cicero.
963 4453 1054 4525 Tota

64 4553 123 4621 via
139 4575 314 4636 erramus,
338 4553 369 4621 si
389 4554 466 4622 sine
479 4551 555 4624 Deo
577 4558 735 4626 foelicem
750 4578 823 4626 esse
845 4557 1053 4648 sapientiam

64 4655 293 4724 arbitramur.
345 4651 422 4723 Hac
445 4655 555 4745 igitur
577 4659 816 4728 consolatione
841 4684 906 4728 nos
926 4661 1054 4728 confir-

63 4780 220 4835 memus,
249 4756 452 4844 praesertim
470 4757 508 4824 in
531 4751 586 4825 bis
604 4760 699 4826 orbis
720 4755 1054 4851 terrarum'pericu-

1105 1938 1171 1992 nec
1201 1921 1455 2012 possessionem
1485 1916 1595 1986 studii
1628 1917 1742 1985 nostri
1768 1918 1988 2002 deseramus,
2027 1917 2097 2009 ipsi

1106 2023 1327 2117 praesertim,
1360 2042 1439 2089 cum
1464 2020 1567 2088 labor
1597 2019 1792 2089 multorum
1817 2020 1929 2090 nostri
1958 2019 2097 2088 ordinis

1105 2128 1144 2196 in
1164 2124 1321 2195 consiliis
1349 2121 1501 2213 publicis
1528 2120 1633 2191 etiam
1657 2116 1836 2190 Ecclesiae
1858 2121 1931 2191 Dei
1954 2122 2095 2207 serviat,
2141 2176 2146 2186 .

1105 2251 1211 2322 quam
1229 2250 1307 2295 cum
1323 2225 1418 2297 Deus
1440 2237 1641 2292 servaturus
1660 2222 1722 2307 sit,
1749 2225 1902 2294 servabit
1918 2236 1953 2295 et
1973 2225 2097 2315 politi-

1105 2353 1160 2399 cas
1178 2329 1283 2400 arteis
1297 2321 1476 2396 Ecclesiae
1497 2324 1724 2394 servienteis..
1767 2322 1849 2393 Non
1875 2328 1956 2395 ideo
1978 2321 2096 2395 archi-

1104 2430 1276 2503 tectonica
1291 2429 1481 2496 descrenda
1497 2439 1565 2510 est,
1590 2426 1726 2496 etiamsi
1745 2427 1874 2496 multae
1892 2418 2012 2510 arces,
2039 2427 2097 2495 vel

1106 2534 1281 2603 bellorum
1315 2517 1494 2606 eladibus,
1536 2526 1594 2594 vel
1622 2526 1702 2596 aliis
1734 2527 1849 2595 modis
1876 2541 2095 2601 evertuntur.

1105 2635 1277 2704 Tnendae
1300 2644 1334 2701 et
1358 2631 1525 2699 colendae
1545 2641 1632 2702 sunt⁴
1647 2628 1761 2697 bonae
1782 2643 1893 2709 artes,
1920 2643 1955 2699 et
1973 2642 2096 2720 peten-

1105 2739 1189 2805 dum
1204 2760 1223 2804 a
1239 2731 1333 2817 Deo,
1359 2745 1398 2802 ut
1414 2732 1488 2822 ipse
1513 2732 1684 2821 gubernet
1700 2730 1836 2816 studia,
1860 2744 1894 2801 et
1907 2732 2019 2801 exitus
2035 2732 2097 2799 det

1104 2839 1211 2909 utiles
1224 2833 1403 2905 Ecclesiae
1418 2856 1512 2903 suae.
1564 2831 1661 2920 Quid
1678 2830 1827 2916 Daniel,
1850 2829 2008 2919 Esdras,·
2022 2831 2095 2901 Ne-

1105 2938 1239 3008 bemias
1255 2938 1374 3008 exules
1390 2934 1573 3004 lecerunt?
1598 2934 1761 3002 viderant
1780 2936 1970 3026 templum,
1998 2936 2094 3027 quod

1105 3041 1200 3111 Deus
1215 3040 1322 3109 condi
1337 3038 1503 3120 iusserat,
1529 3036 1692 3104 funditus
1708 3036 1861 3106 deletum
1880 3059 1970 3121 esse,
1995 3038 2095 3106 vide·

1104 3155 1186 3210 rant
1202 3142 1327 3209 urbem
1347 3138 1506 3228 reginam
1527 3138 1689 3205 omnium
1710 3138 1788 3206 solo
1810 3152 2011 3230 aequatam,
2037 3135 2097 3206 cui
2173 3157 2176 3160 ·

1105 3242 1312 3334 promiserat
1328 3237 1425 3311 Deus
1450 3263 1614 3330 regnum,
1639 3262 1753 3331 neque
1775 3250 1893 3307 tamen
1915 3240 2018 3309 fracti
2034 3240 2097 3307 de-

1104 3344 1322 3434 speratione,
1348 3366 1409 3412 sua
1428 3342 1544 3412 studia
1560 3341 1778 3409 abiecerunt:
1812 3340 1884 3408 imo
1902 3365 1947 3409 ne
1967 3343 2006 3408 in
2022 3341 2095 3408 exi-

1104 3447 1173 3530 lio,
1199 3459 1232 3514 et
1246 3446 1285 3514 in
1303 3468 1342 3513 ea
1360 3444 1474 3533 gentis
1493 3442 1741 3534 dissipatione,
1767 3443 1929 3512 doctrina
1951 3442 2094 3534 propria

1104 3542 1280 3616 Ecclesiae
1313 3546 1557 3628 interciderat,
1588 3543 1721 3612 maiore
1750 3566 1826 3611 eam
1852 3543 2036 3633 diligentia
2061 3557 2096 3613 et
2142 3612 2145 3616 .

1103 3648 1285 3717 discebant
1311 3661 1344 3717 et
1363 3646 1434 3715 suis
1452 3645 1656 3728 tradebant,
1679 3642 1817 3713 norant
1827 3645 1921 3712 enim
1945 3671 2018 3714 non
2037 3646 2095 3712 in-

1104 3748 1286 3817 terituram
1301 3771 1372 3816 esse
1388 3742 1580 3815 Ecclesiam
1598 3744 1677 3819 Dei.
1728 3743 1781 3815 Ita
1797 3758 1831 3814 et
1845 3768 1913 3814 nos
1929 3761 2010 3814 vota
2027 3770 2094 3813 no-

1104 3863 1175 3920 stra
1199 3863 1233 3918 et
1263 3871 1341 3938 spes
1375 3861 1514 3916 nostras
1546 3848 1590 3913 ad
1612 3844 1805 3914 Ecclesiam
1828 3842 1895 3912 Dei
1919 3847 2094 3933 adiunga-

1105 3973 1201 4028 mus,
1230 3944 1323 4016 banc
1347 3949 1567 4029 intueamur,
1600 3958 1634 4013 et
1658 3941 1723 4014 hac
1748 3969 1809 4035 spe
1830 3960 1949 4017 nostra
1974 3948 2093 4018 studia

1104 4052 1276 4120 colamus:
1302 4042 1389 4115 baec
1410 4047 1511 4116 navis
1536 4054 1577 4115 et*
1591 4059 1749 4116 nostram
1764 4048 1960 4118 doctrinam
1976 4045 2094 4130 vehat,

1105 4166 1139 4223 et
1162 4145 1266 4219 vehet
1287 4143 1381 4219 baud
1408 4149 1535 4235 dubie,
1561 4149 1591 4217 si
1615 4172 1680 4218 nos
1704 4145 1797 4218 hanc
1819 4150 1940 4219 navim
1966 4175 2094 4221 ornare

1103 4253 1332 4325 studebimus.
1376 4250 1529 4321 Possunt
1545 4264 1660 4321 autem
1677 4253 1809 4343 optime
1823 4254 1950 4321 mereri
1966 4257 2009 4322 de
2023 4250 2095 4322 Ec·
2161 4317 2164 4322 .

1104 4357 1208 4426 clesia
1232 4355 1345 4425 nostri
1368 4354 1505 4424 ordinis
1521 4354 1608 4422 viri:
1635 4379 1714 4423 cum
1732 4367 1866 4424 mentes
1892 4355 2095 4447 principum

1104 4484 1122 4528 a
1146 4458 1277 4552 quibus
1299 4452 1552 4540 consuluntur,
1583 4457 1628 4524 ad
1652 4479 1772 4528 curam
1798 4458 2012 4526 defendendi
2036 4457 2095 4547 pia

1104 4561 1239 4644 studia,
1265 4572 1299 4629 et
1316 4574 1408 4630 artes
1423 4560 1592 4627 salutares
1613 4552 1769 4627 humano
1793 4560 1914 4646 generi
1938 4561 2094 4633 flectunt.

1103 4662 1186 4734 Dixi
1208 4663 1381 4754 paneade
1403 4658 1667 4748 professoribus.
1722 4658 1792 4729 Sed
1812 4662 2017 4753 priusquam
2034 4663 2096 4729 de-

1103 4765 1201 4844 sino,
1228 4764 1333 4833 etiam
1356 4757 1415 4829 hic
1437 4775 1556 4830 coetus
1580 4757 1808 4831 scholasticus
1832 4764 1877 4830 de
1897 4785 1960 4831 suo
1979 4764 2095 4833 officio

63 4858 129 4943 lis,
155 4874 189 4928 et
206 4859 347 4928 labante
362 4869 433 4926 tota
449 4858 575 4926 mundi
592 4855 766 4944 machina,
786 4865 937 4934 sciamus
952 4888 1054 4932 ruere
1104 4863 1472 4935 commonefaciendus
1494 4878 1561 4946 est,
1593 4884 1694 4952 saepe
1716 4864 1757 4931 in
1785 4864 2018 4933 concionibus
2041 4890 2097 4934 sa-

63 4983 119 5029 res
136 4955 326 5044 bnmanas,
351 4972 518 5029 ettamen
535 4960 652 5029 fulciri
671 4956 763 5031 hanc
776 4965 915 5036 ruinam
930 4993 948 5035 a
967 4964 1054 5049 Deo,
1105 4969 1191 5047 cris,
1214 4990 1316 5057 saepe
1333 4965 1372 5033 in
1389 4965 1600 5035 lectionibus
1617 4978 1869 5058 proponuntur
1885 4967 1986 5037 vobis
2002 4968 2096 5036 divi-

64 5076 100 5131 et
115 5063 230 5130 bonos
244 5063 340 5130 viros
355 5063 482 5131 debere
500 5085 564 5132 suo
581 5087 746 5157 quenque
761 5064 840 5135 loco
856 5069 989 5148 anniti,
1016 5082 1055 5136 ut
1104 5094 1169 5139 nae
1191 5069 1407 5152 sententiae,
1432 5070 1476 5136 de
1495 5067 1702 5157 disciplina,
1729 5070 1772 5137 de
1796 5070 1900 5137 bonis
1925 5071 2095 5149 moribus,

63 5164 203 5255 prosint
230 5165 412 5234 communi
436 5165 552 5238 saluti.
597 5163 693 5235 Haec
708 5166 956 5257 inpraesentia
971 5171 1053 5239 duxi
1105 5175 1147 5240 de
1162 5171 1286 5262 poenis
1302 5193 1390 5264 quae
1410 5170 1640 5239 violationem
1656 5171 1863 5262 disciplinae
1887 5186 2096 5265 sequuntur.

64 5268 371 5335 commemoranda
388 5290 471 5340 esse.
522 5266 612 5337 Nam
630 5262 721 5337 mihi
742 5269 924 5359 aspicienti
939 5272 1054 5357 legum
1105 5270 1152 5343 Et
1167 5297 1301 5364 poenae
1318 5286 1401 5341 sunt
1417 5272 1455 5339 in
1471 5287 1677 5363 conspectu:
1705 5270 1816 5342 Turci
1838 5274 1982 5362 impune
1999 5295 2095 5362 gras·

62 5368 195 5453 libros,
221 5384 254 5439 et
277 5369 415 5460 cognita
439 5370 594 5462 pericula
616 5369 975 5465 Germaniae,'saepe
1000 5389 1055 5443 to·
1105 5389 1229 5446 santur
1250 5376 1287 5444 in
1308 5373 1457 5455 vicinia,
1491 5376 1677 5446 distractae
1701 5389 1784 5445 sunt
1805 5376 2005 5466 principum
2031 5396 2094 5439 vo-
