4732 6030
146 307 221 380 aa
867 298 1027 375 neon.
1058 298 1134 373 nn
1167 292 1458 372 onaroan
2095 244 2169 393 tis

144 503 209 570 ego
233 490 349 547 tamen
373 469 436 544 bas
459 471 650 567 sententias
663 466 859 563 Evangelio
879 474 1018 544 misceri
1035 474 1130 553 volo,
1181 471 1338 561 exemplo
1363 483 1436 541 erat
1464 473 1666 545 admonitus
1691 474 1810 562 Plato,
1844 505 1917 551 uon
1948 508 2047 574 posse
2070 493 2165 563 coire

144 583 203 650 sed
233 591 374 648 teneant
405 599 506 648 suum
547 576 664 645 locum
691 576 852 646 doctrina
886 577 1033 646 rationis
1069 589 1130 658 est,
1180 573 1367 643 amicitiam
1393 575 1486 643 inter
1509 571 1745 668 Philosophus
1771 594 1805 650 et
1831 595 2018 676 tyrannos,
2048 593 2161 664 victus

143 704 229 774 quae
246 704 325 747 cum
348 692 441 747 reete
463 670 752 768 philosophatur,
778 701 857 747 eum
873 679 1015 766 vestigia
1035 677 1128 746 divi·
1178 689 1297 743 tamen
1332 668 1581 745 adhortatione
1611 676 1754 764 Dionis,
1799 683 1837 751 in
1867 685 2023 757 Siciliam
2059 696 2162 771 redit.

141 782 262 852 nitatis
276 781 315 847 in
335 779 439 848 rebus
455 778 612 872 quaerit,
638 802 717 847 cum
734 780 931 848 considerat
952 775 1128 849 humanae
1177 772 1291 843 Erant
1313 777 1466 866 auspicia
1490 779 1623 847 aulicae
1645 772 1911 854 consuetudinis
1937 789 2044 874 laeta,
2070 795 2162 867 cives

141 883 268 952 mentis
294 896 477 964 naturam,
505 879 732 969 pervenitad
757 875 967 966 hasmetas,
995 879 1128 949 divini-
1178 900 1299 957 onmes
1321 901 1466 946 aureum
1489 884 1667 972 quoddam
1701 886 1857 954 seculum
1879 891 1947 957 sibi
1980 897 2164 981 promitte·

141 998 197 1055 tus
222 982 428 1074 propositas.
478 979 568 1049 Nam
592 975 740 1069 Epicuri
757 981 986 1051 deliramenta
1005 982 1127 1072 procul
1178 979 1280 1062 bant,
1313 992 1497 1071 postquam
1525 983 1716 1070 gubernari
1745 987 1948 1060 adolescens
1970 1015 1989 1060 a
2014 991 2162 1069 Platone

140 1086 238 1155 avia
270 1060 449 1166 deerriut,
482 1095 516 1151 et
545 1081 676 1151 tollunt
705 1082 878 1173 principia
900 1079 1063 1176 physica,
1095 1096 1129 1151 et
1177 1080 1302 1168 coepit.
1354 1077 1532 1151 Audiebat
1555 1085 1647 1153 euim
1664 1081 1921 1178 Philosophum
1945 1116 2162 1181 magnostu·

139 1189 298 1257 obruunt
331 1184 499 1253 „officiam
533 1183 576 1250 de
610 1183 689 1251 Des
722 1183 926 1274 impressam
962 1181 1128 1253 humanis
1177 1180 1236 1249 dio
1252 1182 1294 1248 de
1316 1177 1409 1260 Deo,
1435 1184 1548 1274 deque
1571 1185 1832 1259 immortalitate
1847 1193 2095 1281 disserentem,
2122 1217 2162 1273 ut

139 1287 331 1356 mentibus.
379 1284 448 1355 Sed
464 1284 568 1353 redeo
584 1284 628 1352 ad
648 1278 844 1354 historiam.
895 1282 950 1354 Ex
967 1281 1127 1379 Aegypto
1177 1282 1343 1372 epistolae
1358 1294 1530 1352 testantur
1546 1309 1634 1376 quae
1649 1282 1765 1356 adhuc
1780 1305 1909 1362 extant.
1944 1293 2056 1366 Porro
2074 1295 2158 1371 haee

141 1410 302 1456 reversus
316 1385 436 1470 Plato,
462 1385 575 1454 adsuit
592 1382 731 1454 Socrati
748 1385 784 1453 in
802 1385 952 1456 indicio:
977 1410 1126 1479 cumque
1176 1384 1404 1452 fundamenta
1427 1398 1510 1454 sunt
1532 1410 1632 1454 verae
1653 1389 1812 1471 virtutis,
1839 1405 1956 1464 tencre
1972 1411 2101 1469 rectam
2116 1403 2160 1472 de

140 1490 280 1581 publice
302 1511 364 1577 pro
389 1510 429 1555 eo
448 1487 565 1555 dicere
588 1487 775 1578 coepisset,
800 1487 1127 1559 clamoreiactionis
1176 1481 1252 1551 Deo
1281 1498 1315 1553 et
1345 1486 1389 1553 de
1422 1484 1682 1557 immortalitate
1707 1492 1906 1562 animorum
1936 1503 2164 1572 sententiam:

140 1590 421 1660 adversariorum
442 1587 630 1678 impeditus
648 1603 714 1660 est:
742 1612 849 1680 quare
873 1614 950 1660 cum
967 1614 1041 1658 nou
1063 1613 1126 1657 au·
1175 1583 1272 1654 llaec
1286 1580 1510 1676 philosophia
1528 1590 1668 1678 regibus
1683 1592 1789 1681 digua
1806 1608 1868 1668 est.
1922 1596 2076 1670 Tantum
2095 1606 2161 1693 igi-

140 1693 293 1773 diremi,
324 1689 483 1757 desinere
518 1699 678 1773 coactus,
709 1691 882 1780 praestitit
915 1691 952 1758 in
983 1689 1127 1785 caeteris
1176 1687 1425 1776 turpromovit
1441 1686 1552 1772 Plato,
1570 1705 1610 1759 ut
1624 1691 1684 1759 illa
1703 1707 1802 1763 atrox
1820 1700 2016 1789 tyrannidis
2031 1709 2161 1792 species

87 1834 90 1838 ι
138 1792 262 1862 officiis
281 1791 419 1862 Socrati
443 1791 548 1858 fidem
573 1804 607 1859 et
632 1792 862 1860 constantiam
884 1793 1028 1879 dignam
1049 1791 1126 1858 viro
1177 1810 1319 1876 prorsus
1336 1788 1527 1872 tolleretur,
1553 1793 1717 1881 prodibat
1737 1796 1773 1862 in
1792 1798 1984 1886 publicum,
1999 1808 2161 1875 versaba-

136 1897 247 1963 h0n0.
298 1889 347 1961 Et
370 1904 500 1984 quanta
523 1916 602 1960 cum
623 1893 792 1980 gravitate
807 1890 986 1962 Socratem
1005 1891 1126 1959 delen·
1176 1901 1327 1956 turcum
1345 1888 1481 1957 civibus
1496 1888 1591 1968 Rex,
1617 1917 1690 1962 non
1714 1899 1898 1987 tyrannico
1913 1904 2078 1974 satellitio
2099 1910 2163 1977 sti-

138 2017 241 2064 sums
263 1994 389 2074 suerii,
415 1992 443 2058 si
469 1991 643 2073 licuisset,
668 1992 801 2059 indicat
817 1987 1012 2080 Apologia,
1039 2016 1126 2084 quae
1175 2003 1288 2078 patus,
1315 1991 1374 2056 sed
1392 1991 1603 2060 doctissimis
1619 2007 1653 2063 et
1670 1998 1899 2069 nobilissimis
1915 2003 2060 2079 civibus.
2087 2007 2162 2077 Do-

139 2090 255 2165 adhus
270 2105 383 2176 extat,
410 2092 447 2159 in
466 2116 535 2183 qua
549 2092 658 2161 multa
674 2092 926 2182 sapientissime
945 2094 1125 2176 dicuntur,
1176 2091 1317 2157 mestiea
1338 2089 1410 2159 vita
1432 2093 1663 2163 adolescentis
1688 2121 1762 2166 non
1787 2102 1893 2171 modo
1914 2104 1990 2173 sine
2007 2111 2161 2199 turpitu-

139 2210 262 2265 eoutra
290 2192 528 2286 arrogantiam
558 2186 764 2271 hominum,
802 2194 864 2286 qui
895 2193 1011 2264 Deum
1042 2218 1126 2262 con·
1174 2191 1259 2257 dine
1285 2204 1377 2274 erat,
1404 2195 1588 2264 sedetiam
1613 2197 1814 2289 inoptimis
1838 2206 2161 2298 studiisagebatur.

139 2309 321 2378 temnunt,
346 2294 407 2387 qni
430 2305 559 2381 negant
578 2293 834 2381 providentiam
852 2318 936 2369 esse.
988 2293 1126 2364 Deinde
1176 2291 1217 2359 ln
1242 2293 1389 2382 imperio
1413 2290 1505 2362 nihil
1531 2299 1735 2384 crudeliter,
1769 2299 1861 2373 nihil
1890 2307 2036 2395 iniuste,
2070 2307 2161 2381 nihil

139 2400 239 2469 addit
272 2396 382 2464 multa
408 2396 451 2462 de
479 2394 756 2463 immortalitate:
789 2397 938 2487 sapienti
971 2396 1127 2486 gratissi·
1174 2394 1250 2461 sine
1267 2395 1413 2463 cousilio
1438 2396 1613 2466 bonorum
1629 2400 1786 2470 virorum
1804 2401 1932 2475 Dionis
1950 2423 1982 2477 et
1998 2410 2162 2493 lleracli-

137 2523 235 2568 mum
258 2519 352 2581 esse,
384 2496 560 2565 discedere
584 2519 624 2563 ex
647 2490 711 2565 hac
733 2496 821 2580 vita,
853 2500 897 2566 ad
921 2498 1001 2568 illos
1022 2499 1126 2582 viros,
1175 2495 1368 2565 dueliebat.
1407 2493 1901 2573 Haectantabouanontam
1916 2504 2080 2601 Dionysii
2100 2537 2162 2581 na-

138 2602 200 2670 ubi
219 2603 263 2667 de
277 2598 422 2667 summis
438 2598 542 2666 rebus
558 2597 686 2667 certius
702 2599 820 2668 doceri
837 2600 955 2690 possit.
1009 2597 1126 2668 lnter-
1175 2611 1271 2679 tura,
1297 2621 1401 2688 quam
1421 2598 1574 2687 vulgaris
1590 2601 1750 2673 aularum
1768 2607 1872 2694 pestis
1887 2606 2022 2678 invidia
2039 2635 2162 2683 corru-

137 2702 227 2771 fecto
254 2700 412 2783 Socrate,
439 2724 519 2769 cum
542 2713 759 2770 accusatores
779 2701 889 2792 ipsius
913 2701 1126 2770 insidiaren-
1175 2697 1244 2789 pit,
1277 2697 1431 2789 improbi
1455 2701 1619 2791 quidam,
1651 2704 1713 2796 qui
1735 2720 1774 2776 ut
1790 2705 1968 2778 licentiam
1990 2706 2162 2785 haberent

137 2817 195 2874 tur
216 2803 335 2871 amieis
366 2801 481 2884 illius,
515 2799 616 2869 Plato
641 2824 762 2870 rursus
795 2805 1027 2873 secedendum
1057 2801 1125 2870 sibi
1174 2799 1362 2884 scelerum,
1390 2800 1635 2875 desiderabant
1657 2818 1786 2876 statum
1805 2812 2040 2901 tyrannicum,
2066 2829 2100 2885 et
2115 2820 2161 2885 ad

136 2929 208 2973 ,sse
231 2903 375 2973 censuji,
433 2900 617 2968 profectus
635 2901 743 2986 igitur
763 2901 802 2967 in
824 2901 1001 2986 Siciliam,
1028 2903 1125 2971 venit
1174 2925 1209 2968 se
1239 2924 1356 2969 rerum
1390 2894 1545 2970 habenas
1578 2899 1713 2991 trahere
1741 2911 1976 2994 conabantur,
2019 2940 2161 2986 excusso

135 3008 178 3075 ad
197 3003 408 3095 Dionysium
432 3014 643 3089 tyrannum,
668 3011 804 3088 patrem
820 3001 970 3071 iunioris
988 3000 1126 3094 Diony·
1175 2999 1304 3070 Dione.
1358 2999 1540 3087 Quantum
1556 3019 1671 3074 autem
1689 3009 1827 3080 valeant
1849 3014 2062 3101 calumniae,
2087 3042 2162 3088 non

135 3108 199 3193 δὶς,
235 3102 327 3192 puisi
354 3101 536 3192 aliquanto
561 3110 639 3187 post
669 3122 710 3167 ex
732 3124 858 3189 regno;
891 3104 971 3171 nam
995 3101 1125 3173 Siculis
1174 3104 1280 3170 modo
1305 3102 1471 3187 insulis,
1497 3107 1678 3175 sedetiam
1702 3113 1991 3201 apndprivatos,
2016 3133 2162 3191 nonest

135 3217 237 3274 eraut
258 3201 378 3270 crebra
404 3225 484 3268 cum
501 3193 780 3270 Atheniensibus
803 3205 1032 3289 commercia,
1057 3199 1125 3273 ho·
1174 3204 1374 3274 obscurum.
1423 3200 1469 3272 Et
1487 3206 1569 3297 quia
1585 3232 1740 3278 sororem
1755 3208 1919 3307 Dionysii
1936 3213 2031 3286 Dion
2055 3214 2163 3290 habc-

136 3330 215 3374 mm
232 3305 339 3392 leges,
365 3300 498 3385 studia,
518 3297 629 3370 siculi
646 3301 887 3374 imitabantur.
937 3301 985 3376 Et
1002 3317 1123 3399 tyran·
1176 3307 1245 3386 bat,
1271 3304 1513 3376 instillabatur
1529 3310 1621 3397 regi,
1648 3334 1719 3378 non
1740 3335 1811 3381 esse
1827 3320 2086 3389 concedendam
2104 3323 2162 3390 ni·

134 3429 203 3475 nus
226 3405 299 3495 ipse
323 3402 465 3490 ingenio
489 3401 661 3492 pollebat,
686 3416 719 3472 et
744 3401 889 3474 Graecis
912 3407 1038 3476 studiis
1061 3408 1122 3475 de·
1174 3406 1282 3474 miam
1299 3405 1616 3494 potentiamallini,
1642 3435 1686 3479 ne
1704 3435 1849 3500 regnum
1869 3419 2058 3511 aliquando
2076 3448 2161 3492 con-

135 3508 341 3576 lectabatur.
400 3501 470 3573 Sed
496 3516 570 3571 erat
594 3503 679 3571 civis
703 3505 943 3597 Syracusanus
965 3531 1123 3576 summae
1174 3507 1379 3597 cupiseeret.
1430 3504 1520 3576 Cum
1548 3509 1656 3597 igitur
1689 3515 1829 3582 tandem
1855 3519 2035 3594 vincerent
2063 3548 2164 3617 syco-

136 3607 335 3679 fflitorititis
350 3602 465 3673 Dion:
492 3603 521 3671 is
535 3600 719 3671 Platonem
735 3601 888 3696 hospitio
908 3609 1059 3698 excepit,
1083 3622 1123 3678 ut
1174 3603 1357 3698 phantiae',
1383 3608 1527 3698 pellitur
1544 3634 1584 3677 ex
1606 3635 1712 3700 reguo
1728 3611 1841 3700 Dion,
1867 3620 1995 3693 frustra
2011 3621 2161 3693 Platone

134 3735 213 3780 eum
234 3709 461 3777 disserentem
489 3706 533 3773 de
560 3718 684 3773 natura
722 3718 755 3774 et
788 3708 831 3774 de
858 3705 950 3798 Rep.
974 3708 1123 3790 audiret,
1175 3708 1684 3791 omnibusmodisaunitente‚
1712 3718 1856 3807 nequid
1875 3720 1911 3787 in
1928 3722 2031 3790 talem
2048 3724 2159 3793 civem

136 3815 194 3882 sed
216 3812 305 3880 sicut
331 3806 489 3877 naturale
507 3806 692 3874 dissidium
714 3809 970 3878 estmultarum
992 3833 1124 3891 rernm,
1174 3832 1310 3877 summa
1338 3809 1467 3879 virtute
1499 3823 1533 3878 et
1567 3813 1755 3882 autoritate
1781 3821 1997 3903 praeditum,
2031 3823 2160 3893 iniuste

135 3927 239 4006 atque
256 3910 491 3980 aminantium
509 3908 602 3976 inter
616 3930 670 3991 se,
696 3906 772 3977 vini
786 3923 820 3978 et
840 3910 993 3992 cicutae,
1019 3910 1122 4003 cygni
1174 3909 1455 3978 constitueretur.
1506 3905 1627 3977 Eiecto
1648 3908 1763 3981 Dione
1784 3917 1954 4003 paulatim
1979 3923 2161 4013 improbo-

136 4030 170 4084 εἰ
192 4015 350 4106 aquilae,
375 4011 424 4079 ita
445 4009 606 4079 nativum
629 4021 663 4078 et
685 4008 908 4098 implacabile
932 4011 1123 4080 odiumest
1175 4032 1253 4077 rum
1280 4007 1440 4098 potentia
1466 4010 1594 4088 erevit,
1627 4024 1661 4081 et
1686 4016 1870 4103 depravari
1904 4024 1995 4110 regis
2020 4025 2160 4096 animus

135 4116 278 4185 interse
302 4112 565 4207 tyrannicarum
581 4122 787 4179 naturarum
806 4123 840 4179 et
860 4104 1117 4201 philosophica·
1174 4107 1298 4199 eoepit.
1350 4106 1456 4177 Forte
1471 4133 1511 4177 co
1530 4124 1685 4203 tempore
1703 4113 1802 4185 Plato
1826 4123 1998 4209 praedixit
2013 4126 2159 4216 eclipsin

135 4241 225 4286 rum.
279 4215 362 4284 ldeo
386 4238 466 4283 cum
492 4209 593 4282 Plato
617 4211 764 4279 liberius
784 4207 1065 4302 reprehendisset
1083 4211 1123 4279 in
1173 4212 1341 4280 suturam.
1396 4208 1449 4279 lbi
1465 4207 1686 4305 Aristippus,
1712 4219 1773 4309 qui
1798 4245 1867 4290 uua
1890 4225 2028 4311 aderat,
2053 4229 2101 4298 ait
2122 4253 2159 4298 se

137 4320 347 4412 quibusdam
379 4316 483 4384 rebus
504 4309 669 4406 Dionysii
692 4312 916 4392 violentiam,
951 4327 1123 4408 tyrannus
1174 4315 1217 4382 de
1242 4311 1495 4402 significatione
1515 4315 1778 4400 divinaturnm,
1805 4344 1844 4391 ac
1865 4323 2005 4411 iocans,
2039 4329 2160 4422 inquit

136 4444 216 4488 eum
250 4418 499 4489 interfecturus
525 4429 609 4484 erat.
660 4412 730 4484 Sed
757 4427 919 4484 exoratus
948 4440 968 4484 a
995 4412 1123 4499 Dione,
1173 4414 1338 4505 portendi
1374 4414 1595 4484 inimicitiam
1631 4419 1724 4489 inter
1756 4446 1870 4512 regem
1899 4441 1932 4496 et
1958 4427 2158 4503 Platonem.

135 4521 246 4591 vitam
264 4521 296 4587 ei
313 4518 502 4600 concessit,
533 4517 594 4584 sed
616 4514 681 4601 ita,
711 4528 751 4588 ut
772 4516 811 4584 in
834 4515 1038 4587 servitutem
1059 4518 1123 4586 ad·
1173 4514 1252 4585 Hoc
1275 4515 1353 4585 ioco
1376 4515 1485 4584 facete
1504 4518 1603 4586 aulae
1625 4523 1854 4592 mutationem
1876 4525 2078 4622 Aristippus
2101 4556 2158 4602 re-

136 4622 269 4694 diceret
302 4621 441 4690 cuidam
473 4614 771 4701 Lacedaemonio,
805 4617 1012 4710 iuberetque
1040 4641 1122 4687 eum
1174 4611 1380 4709 prehendit,
1406 4617 1466 4683 sed
1492 4617 1582 4686 illud
1607 4619 1675 4689 fuit
1696 4624 1917 4712 addendum,
1944 4627 2158 4726 Dionysium

136 4723 257 4797 vendi.
290 4718 442 4791 Aveetus
457 4718 565 4807 igitur
578 4713 679 4787 Plato
694 4718 733 4787 in
747 4718 895 4810 Aegina,
920 4721 1123 4811 redemptus
1174 4729 1319 4811 propter
1331 4729 1482 4787 mutatos
1496 4740 1629 4804 mores,
1655 4745 1802 4809 regnum
1818 4726 2027 4801 amissurum
2040 4735 2159 4811 fuisse.

138 4841 192 4899 est
205 4851 225 4896 a
238 4821 356 4895 Dione
369 4820 475 4890 minis
493 4815 648 4909 triginta,
673 4814 741 4889 hoc
756 4834 817 4906 est,
842 4820 1007 4891 trecentis
1021 4844 1123 4889 coro·
1172 4816 1252 4889 Etsi
1267 4830 1385 4886 autem
1401 4830 1573 4910 tyrannus
1587 4823 1739 4893 retinere
1753 4822 1936 4898 Platonem
1958 4845 2031 4902 arte
2052 4860 2160 4908 cona·

72 4996 75 5001 ¹
138 4929 249 5013 natis,
274 4940 313 4998 ut
328 4946 424 4994 nunc
437 4921 630 5015 loquimur.
672 4917 818 4993 Mortuo
831 4937 929 5014 patre
946 4947 1025 4993 cum
1044 4945 1124 4990 suc·
1174 4935 1252 5005 tur,
1283 4931 1400 4987 tamen
1431 4919 1611 5010 suspicans
1638 4920 1826 5009 Plato,''id
1849 4933 2056 5022 quoderat,
2090 4939 2160 5009 sibi

112 5104 114 5109 .
138 5032 275 5100 cederet
290 5026 491 5098 adolescens
505 5020 712 5115 Dionysius,
729 5036 763 5092 et
777 5026 962 5115 praecipue
976 5023 1123 5094 consilio
1175 5034 1318 5113 propter
1330 5019 1482 5090 Dionem
1509 5018 1673 5093 nonnihil
1699 5049 1771 5095 esse
1794 5032 1961 5120 periculi,
1986 5040 2108 5112 avellit
2123 5064 2160 5110 se

137 5131 266 5204 Dionis
283 5140 477 5218 regeretur,
502 5147 541 5193 ac
556 5122 652 5196 Dion
667 5124 822 5192 iuvenile
839 5125 1020 5214 ingenium
1036 5123 1125 5194 Dio·
1175 5149 1195 5193 a
1220 5120 1393 5216 Dionysio
1417 5121 1547 5215 quibus
1572 5139 1686 5215 potest
1706 5130 1838 5200 modis:
1863 5135 2056 5209 dimittitur
2078 5164 2159 5229 ergo

139 5232 233 5328 nysii
265 5232 309 5301 ad
336 5229 520 5308 virtutem,
566 5225 739 5296 iusticiam
780 5238 814 5294 et
845 5228 1124 5296 moderationem
1175 5249 1249 5294 non
1267 5225 1342 5292 sine
1358 5246 1522 5310 munere5
1548 5226 1707 5300 scribunt
1724 5230 1818 5300 euim
1835 5238 2009 5327 octoginta
2031 5243 2161 5311 talenta

139 5337 278 5404 flectere
300 5328 459 5401 doctrina
477 5340 511 5396 et
528 5328 716 5398 autoritate
738 5326 906 5417 sapientis
923 5328 992 5396 viri
1010 5328 1127 5412 vellet,
1176 5328 1208 5396 ei
1224 5327 1354 5397 donata
1372 5348 1462 5410 esse,
1487 5321 1555 5397 hoc
1571 5342 1640 5414 est,
1664 5346 1742 5402 octo
1761 5348 1794 5404 et
1810 5337 2065 5434 quinquaginta
2081 5341 2164 5410 mil-

140 5437 276 5506 censuit
306 5430 505 5504 vocandum
538 5451 611 5498 esse
643 5427 840 5504 Platonem.
899 5423 978 5499 Etsi
1008 5429 1127 5522 priore
1176 5430 1226 5504 lia
1248 5441 1508 5503 coronatorum.
1559 5427 1671 5505 Redit
1694 5435 1802 5526 igitur
1817 5435 1975 5510 Athenas
1992 5454 2096 5533 atque
2114 5444 2165 5513 ibi

189 5541 367 5608 Mensura.
393 5537 498 5606 Orsa.
523 5522 607 5605 Vos.
636 5532 701 5603 xl.
1505 5529 1556 5602 27
