4732 6030
121 312 195 385 613
528 310 689 386 Duco
739 312 813 387 DE
853 306 1305 389 CONIUNCTIONE
1339 309 1723 393 SCHOLARUM.
2064 332 2141 408 614

124 493 175 548 tas
193 492 225 547 et
240 480 432 567 disputatas
446 498 518 555 esse
533 491 670 567 oportet
685 477 758 555 illi,
782 478 842 569 qui
853 479 1008 548 veritatis
1024 500 1108 567 pro·
1158 497 1262 557 num,
1287 474 1325 542 in
1340 476 1506 545 omnibus
1516 478 1583 568 piis
1597 479 1670 549 sive
1685 482 1804 553 norint
1819 485 1955 575 literas,
1977 492 2050 562 sive
2067 519 2141 565 non

123 580 372 669 pugnatiouem
396 577 555 647 sustinet.
615 576 687 647 Nec
712 580 794 646 satis
820 593 869 646 est
892 600 1104 672 quemquam
1158 574 1296 659 norint,
1328 577 1501 646 illustrior
1525 580 1599 647 lieri
1622 584 1775 668 cognitio
1797 611 1913 658 rerum
1937 594 2140 665 divinarum

120 703 235 747 secum
252 694 386 749 tautum
403 679 649 748 commentari:
677 681 909 747 conserendae
924 695 1004 749 sunt
1024 701 1104 747 sen·
1156 675 1270 744 debet.
1323 675 1361 743 ld
1378 679 1453 747 sine
1467 681 1616 747 lectione
1630 696 1663 751 et
1680 684 1965 774 interpretatione
1977 695 2052 762 lieri
2066 720 2139 767 non

119 780 266 859 tentiae,
308 780 483 849 audienda
513 778 705 848 multorum
738 779 886 864 iudicia,
927 797 960 850 et
989 793 1103 849 errata
1155 789 1279 865 potest.
1336 771 1383 847 Et
1406 781 1451 847 ad
1472 779 1794 870 interpretationem
1819 792 1957 878 copiosa
1987 806 2020 862 et
2043 798 2139 867 varia

118 882 337 950 emendanda
362 893 465 958 suut,
499 878 529 946 si
551 880 693 971 quando
710 874 877 975 δευτέρω
894 876 1100 976 φροντίδες,
1154 876 1331 959 doctrina,
1357 893 1394 948 ut
1410 881 1624 969 supradixi,
1649 908 1737 973 opus
1754 900 1817 967 est.¹
1866 886 2027 964 Christus
2042 895 2138 967 iubet

118 1004 206 1070 quae
217 996 299 1051 sunt
312 979 563 1059 accuratiores,
586 1002 651 1047 uos
666 981 703 1046 in
721 980 811 1049 viam
826 985 1017 1052 reducunt:
1044 981 1101 1049 ni·
1154 978 1296 1045 doctum
1325 979 1474 1048 scribam
1500 982 1656 1071 prolerre
1688 1009 1778 1054 1¹⁰v³
1802 1003 1835 1058 el
1866 1006 1992 1066 vetera·
2049 992 2137 1068 Vult

116 1075 168 1148 hit
194 1096 246 1149 0„
273 1095 389 1159 ,utem
421 1079 540 1174 peius,
569 1103 685 1170 neque
712 1081 962 1171 perniciosius,
994 1105 1100 1175 quam
1153 1076 1259 1166 igitur
1273 1077 1441 1163 scribam,
1467 1081 1586 1161 idest,
1612 1080 1800 1155 Ductorem
1816 1112 1889 1157 non
1912 1116 1985 1161 esse
2000 1097 2138 1183 rudem,

116 1193 240 1248 contra
268 1182 446 1251 veritatem
470 1180 622 1249 rationes
637 1180 764 1249 callide
780 1207 965 1274 quaerere,
991 1195 1030 1252 ut
1046 1182 1099 1252 fa·
1151 1188 1213 1246 aut
1228 1176 1508 1249 inexercitatum:
1533 1183 1592 1250 sed
1610 1198 1711 1254 antea
1726 1187 1763 1254 iu
1781 1183 1935 1261 Ecclesia
1959 1194 2135 1266 eruditum

116 1279 214 1347 ciunt
236 1281 397 1372 quidam,
423 1303 512 1373 quos
533 1279 651 1348 minus
666 1285 775 1370 pudet
791 1283 828 1350 in
847 1307 964 1354 errore
981 1306 1101 1374 perse-
1152 1291 1186 1347 et
1198 1278 1394 1364 excultum,
1420 1293 1543 1349 etvera
1557 1305 1595 1349 ac
1611 1284 1756 1355 salutari
1770 1291 1931 1361 doctrina
1949 1293 2137 1368 imbutum.

117 1401 255 1463 verm,
286 1405 390 1472 quam
412 1380 597 1448 emendare
621 1393 655 1450 et
670 1394 807 1451 mmm
823 1385 1014 1454 stupendae
1031 1382 1099 1453 sol.
1151 1374 1289 1445 Deinde
1297 1376 1427 1447 Paulus
1444 1404 1544 1472 saepe
1559 1377 1626 1450 hoc
1635 1401 1856 1476 praeceptum
1870 1396 2009 1483 repetit:
2035 1398 2135 1469 iubet

115 1478 262 1553 ‘itatem‘
319 1478 409 1550 (jum
431 1480 539 1567 igitur
562 1475 628 1549 hoc
652 1482 770 1551 ,tudio
791 1484 943 1554 multum
966 1484 1098 1575 diuque
1151 1500 1224 1546 non
1240 1478 1400 1549 omittere
1410 1481 1613 1562 lectionem,
1640 1484 1737 1554 iubet
1753 1487 1833 1575 eligi
1849 1490 2033 1576 idoneum,
2059 1522 2133 1567 non

115 1601 195 1647 curn
222 1581 422 1664 nobiscum,
455 1594 530 1650 turn
559 1581 859 1671 disputationibus
884 1587 977 1674 apud
1009 1584 1099 1654 alios
1150 1578 1264 1647 solum
1281 1579 1325 1646 «td
1343 1581 1559 1661 docendum,
1586 1586 1645 1652 Sed
1663 1586 1825 1655 etiamad
1850 1592 2030 1664 d0tlrlnoe
2050 1621 2134 1687 pro-

114 1685 296 1751 veritatem
327 1680 628 1770 vestigaverirnus:
670 1682 721 1751 ibi
755 1684 898 1753 demum
932 1685 1037 1774 longa
1064 1695 1098 1753 et
1150 1678 1410 1767 pugnallfflem·
1452 1679 1899 1780 Ulfflnq¹¹²¹¹¹¹1¹¹¹¹⁵q⁰³m
1915 1696 2134 1767 mullatom·

113 1781 211 1865 gravi
225 1783 477 1853 deliberatione
493 1781 672 1868 eligendae
686 1795 768 1852 sunt
785 1786 989 1868 sententiae,
1012 1806 1098 1877 quas
1149 1777 1336 1865 plectitur?
1377 1777 1467 1846 Nam
1475 1784 1664 1872 'perspicue
1682 1788 1824 1872 docere,
1851 1792 2014 1862 evolvere
2030 1796 2135 1867 invo-

114 1880 158 1946 δά
183 1884 374 1972 populum,
408 1895 575 1970 ,anquam
606 1884 747 1951 oracul,
776 1896 810 1952 eg
831 1884 939 1971 leges,
973 1884 1096 1953 efferre
1149 1877 1240 1959 luta,
1272 1878 1429 1946 obscuris
1455 1881 1568 1948 lucem
1593 1884 1742 1970 acldere,
1771 1900 2001 1981 attemperare
2024 1899 2134 1967 ratio-

112 1979 288 2055 ,oqumng
349 1981 430 2050 ngo
449 1980 801 2051 maiorpgvoluemm
824 1984 861 2049 in
880 1978 1097 2051 ,oholiab-o.
1149 1999 1229 2061 nem
1244 1978 1393 2045 docendi
1408 1980 1451 2047 ad
1468 1980 1712 2071 imperitorum
1725 2001 1759 2056 et
1773 1991 1966 2076 peritorum
1983 2012 2134 2086 captum,

112 2081 290 2166 quendam
314 2105 403 2162 (Ἥ,
432 2104 472 2148 ,c
493 2080 747 2166 disputatione,
776 2082 1024 2161 instituemus,
1056 2096 1096 2153 ue
1149 2078 1311 2166 prodesse
1321 2077 1516 2165 (utPaulus
1531 2082 1663 2176 inquit)
1678 2087 1894 2176 sapientibus
1911 2106 1945 2161 et
1961 2095 2134 2186 insipien-

112 2179 217 2246 simul
240 2185 283 2249 ad
309 2177 398 2249 hanc
419 2178 684 2249 collocationem
707 2182 915 2272 opinionum
932 2185 1095 2253 assuelie-
1147 2177 1261 2261 libus.
1298 2190 1464 2269 quamam
1493 2176 1578 2271 haec
1611 2187 1867 2274 ‘mdlllffltms
1908 2192 2133 2285 industriam,

111 2292 190 2345 rent
215 2281 382 2365 studiosi,
416 2293 450 2349 et
477 2275 545 2347 hoc
568 2281 731 2349 exercitio
755 2295 865 2355 artem
888 2282 1094 2368 disserendi,
1146 2278 1389 2366 prudentiam,
1414 2283 1708 2364 moderationem,
1732 2304 1902 2380 quantum
1920 2298 2058 2364 consilii
2076 2322 2132 2367 re-

110 2389 145 2446 et
165 2379 364 2452 facultatem
388 2380 584 2470 explicandi
611 2380 679 2446 sibi
699 2399 953 2470 compararent.
1010 2383 1092 2472 Quo
1146 2378 1316 2469 quirunt?
1347 2376 1483 2449 Ileiude
1499 2383 1613 2452 multo
1627 2386 1807 2456 difficilior
1820 2404 1871 2459 est
1885 2399 2131 2485 propugnatio,

109 2500 208 2546 more
224 2484 310 2573 quid
326 2482 465 2550 dulcius
484 2479 629 2567 cogitari
652 2482 788 2569 potest?
817 2485 943 2553 utiam
964 2486 1093 2553 denti·
1145 2476 1183 2545 ln
1208 2502 1276 2569 qua
1302 2502 1438 2550 necem
1466 2494 1517 2551 ⁰⁸⁸
1544 2504 1671 2571 dener?
1701 2487 1943 2560 d⁰⁰l¹l¹¹³ffl¹¹¹
1966 2498 2131 2582 ⁰⁰¹¹sffl'b

109 2575 291 2649 litaaenou
310 2583 435 2652 dicam.
488 2578 584 2667 Quid
601 2592 651 2649 est
666 2582 824 2666 suavius,
850 2608 956 2677 quam
971 2586 1093 2653 audire
1145 2578 1304 2647 omnium
1325 2593 1476 2651 aetatum
1501 2585 1692 2652 certamina
1715 2588 1948 2673 considerari,
1973 2597 2130 2686 patefieri
2205 2602 2208 2611 '

109 2678 154 2743 ab
172 2673 313 2751 homine
337 2684 460 2765 docto,
485 2681 570 2773 quid
591 2683 636 2750 de
652 2683 812 2751 maximis
835 2687 939 2755 rebus
954 2686 1092 2766 sentiat,
1145 2676 1308 2761 insidias,
1340 2682 1485 2750 refutari
1505 2679 1738 2773 sophismata,
1765 2684 1902 2758 detrahi
1919 2694 2017 2765 fucos
2033 2698 2129 2766 salsis

108 2800 177 2866 qua
212 2786 401 2852 vorborum
433 2784 528 2870 loge,
566 2803 671 2872 quam
701 2782 954 2869 significanter,
986 2809 1092 2876 quarn
1144 2781 1449 2868 persuasionibus,
1475 2807 1572 2850 veras
1592 2790 1781 2855 sententias
1804 2790 1979 2862 illustrare
2001 2812 2129 2866 etmu-

107 2884 267 2968 pmprie,
298 2884 450 2973 denique
473 2879 578 2947 etiam
605 2902 709 2969 quom
735 2883 890 2950 modeste
913 2886 1092 2974 oasebpo.
1144 2879 1232 2953 nire.
1279 2878 1376 2949 llaec
1399 2883 1475 2950 siue
1496 2904 1620 2969 magna
1650 2888 1816 2958 varietate
1845 2893 1972 2961 artium
1998 2911 2032 2966 et
2053 2899 2129 2966 sine

108 2980 195 3047 nat?
234 2976 591 3070 Fugiendamteoim
613 2977 1092 3070 insermoneimproprietas,
1144 2978 1254 3049 literis
1274 2994 1448 3070 praestare
1468 2998 1710 3072 nemopotest.
1761 2987 1878 3058 Multo
1897 2994 2001 3061 etiam
2018 2999 2127 3085 magis

107 3078 251 3147 vitando
268 3079 462 3148 obscuritas
477 3088 511 3144 et
524 3075 695 3144 conlusio.
744 3075 909 3171 Denique
927 3081 1090 3169 fugienda
1143 3079 1345 3148 mirandum
1364 3094 1435 3163 est,
1461 3084 1555 3173 quod
1566 3080 1697 3153 Paulus
1712 3087 1847 3179 inquit,
1873 3116 1937 3160 uos
1951 3117 2048 3185 spem
2063 3092 2129 3166 ha-

107 3191 158 3243 est
172 3180 277 3245 etiam
294 3178 495 3247 scurrilitas.
547 3173 627 3244 Nati
643 3198 763 3245 sumus
779 3180 823 3246 ad
840 3193 999 3250 mutuam
1016 3204 1091 3250 ser·
1142 3177 1279 3246 bercer
1297 3181 1537 3250 consolatione
1555 3184 1817 3272 scripturarum.
1871 3188 1929 3260 Au
1949 3217 2025 3283 spes
2042 3197 2127 3266 niti-

106 3278 223 3344 moni,
246 3276 609 3348 communicationem,
669 3272 934 3360 Quamobrem?
971 3277 1029 3350 An
1051 3296 1091 3354 ut
1142 3290 1201 3346 tur
1232 3279 1363 3365 literis,
1399 3296 1432 3353 et
1466 3278 1520 3349 his
1552 3283 1689 3372 scriptis
1721 3294 1983 3361 monumentis?
2027 3291 2127 3366 Ana-

107 3387 242 3445 tantum
265 3379 409 3447 salselles
432 3374 618 3446 amatorias
640 3374 841 3461 recitemus,
866 3392 926 3450 aut
949 3393 989 3450 ut
1004 3404 1089 3450 con.
1140 3377 1314 3467 baptistae
1336 3381 1476 3472 quidem
1503 3383 1787 3454 absurdissimam
1805 3413 1877 3458 csse
1898 3387 1989 3462 hanc
2004 3420 2124 3465 voecm

105 3475 207 3546 vivii,
223 3493 416 3563 certemus,
441 3489 501 3546 ,m
516 3488 556 3544 m
571 3476 740 3565 pecuniae
757 3480 991 3551 cumulandae
1005 3506 1089 3551 eau-
1141 3477 1307 3553 dicereut.
1359 3480 1427 3549 Sed
1444 3505 1572 3569 magno
1585 3485 1732 3553 consilio
1749 3488 1797 3555 sic
1812 3490 2124 3581 loquiturPaulus:

105 3598 140 3643 sa
165 3579 208 3647 de
218 3580 481 3669 ‚contractibus
514 3575 710 3665 emptione,
739 3579 961 3663 venditione,
985 3594 1021 3650 et
1040 3582 1088 3648 si·
1140 3577 1227 3664 Spes
1251 3579 1379 3649 nititur
1401 3581 1476 3669 ipso
1500 3596 1641 3649 aeterno
1666 3580 1752 3654 Deo.
1814 3587 1883 3659 Sed
1915 3593 2036 3681 alligat
2060 3619 2124 3665 nos

104 3676 249 3748 milibus
265 3675 532 3772 colloquamur?
564 3672 641 3743 lmo
655 3697 737 3744 vero
752 3688 792 3745 ut
806 3673 952 3760 deDeo,
975 3681 1088 3771 deque
1140 3673 1271 3744 Paulus
1294 3673 1458 3749 adhunc
1477 3679 1608 3759 Deuru,
1642 3685 1763 3773 quise
1787 3687 1823 3753 in
1848 3714 1930 3758 voce
1952 3694 2124 3780 patefecit,

104 3764 275 3849 virtutum
293 3781 417 3849 officiis
431 3778 494 3848 alii
510 3775 599 3846 alios
612 3776 772 3848 doceant.
813 3774 869 3847 Sit
885 3800 966 3867 ergo
985 3779 1088 3848 bonis
1140 3799 1244 3866 quam
1266 3778 1388 3846 reterri
1410 3779 1445 3844 iu
1462 3778 1581 3847 literas
1598 3805 1660 3868 per
1671 3778 1865 3869 Prophetas
1885 3803 1917 3856 et
1932 3787 2124 3878 Apostolos
2157 3783 2161 3789 ’

102 3881 298 3965 mentibus,
323 3893 363 3962 ot
379 3892 449 3962 est,
473 3874 675 3947 dulcissima
690 3874 734 3942 de
753 3869 808 3944 his
825 3877 967 3967 optimis
983 3879 1087 3949 rebus
1139 3875 1272 3958 voluit,
1303 3889 1344 3946 ut
1370 3877 1567 3945 testimonia
1596 3900 1733 3966 semper
1765 3896 1930 3954 extarent.
1994 3889 2033 3957 ln
2068 3889 2123 3962 his

104 3978 309 4067 disputatio.
366 3977 523 4050 Maxime
545 3998 627 4043 vero
651 3969 709 4043 hic
727 3990 847 4046 noster
861 3991 980 4047 coetus
995 3974 1087 4047 hauc
1139 3974 1301 4061 cognosci
1328 3997 1490 4041 arcanam
1519 3977 1735 4047 voluntatem
1766 3984 1809 4049 de
1838 3990 2123 4062 reconciliatione

104 4076 326 4151 collationem
347 4093 457 4163 amet,
482 4078 542 4170 qut
559 4075 818 4167 praeparandus
839 4091 890 4147 out
905 4078 949 4146 ad
963 4073 1086 4148 Eccle.
1138 4072 1271 4157 voluit,
1302 4098 1391 4167 quae
1415 4098 1488 4142 non
1508 4071 1723 4166 deprehendi
1750 4085 1864 4169 potuit
1895 4082 2040 4159 humani
2064 4093 2123 4161 iu-

104 4176 489 4265 oimgubommiouom.
528 4177 785 4248 Nemoremum
801 4178 907 4246 tradit
922 4178 1086 4270 cuiquam
1137 4172 1232 4261 genii
1260 4173 1454 4264 sagacitate.
1519 4174 1682 4270 Denique
1716 4183 1847 4252 multae
1874 4213 1997 4258 causae
2029 4207 2122 4279 sunt,

104 4278 143 4344 in
160 4302 265 4369 poma
281 4284 421 4374 cymba,
447 4278 509 4373 qui
525 4277 695 4363 remigare
709 4299 781 4344 non
797 4276 933 4349 didicit.
972 4276 1085 4348 Nemo
1138 4297 1202 4344 cur
1216 4271 1311 4345 Deus
1326 4276 1370 4344 ad
1392 4270 1476 4344 haec
1499 4299 1565 4346 nos
1589 4279 1787 4351 testimonia
1803 4286 1966 4374 alligarit.
2019 4290 2122 4379 ero-

23 4434 28 4445 Ι
105 4379 181 4445 gine
203 4394 433 4451 monstratore
456 4401 556 4469 agros
577 4378 694 4448 colore
718 4389 850 4465 potest,
883 4377 1085 4448 utnondi-
1137 4374 1202 4443 ties
1223 4374 1330 4464 igitur
1355 4376 1589 4466 precationem
1616 4404 1714 4449 mens
1735 4379 1895 4468 inchoat,
1927 4403 1961 4458 et
1983 4394 2121 4483 quaerit

104 4502 181 4547 cam
205 4481 350 4549 de'aliis
365 4479 610 4550 subtilioribus
633 4476 799 4546 artificiis.
852 4476 997 4566 Quanto
1017 4479 1083 4546 mi·
1138 4475 1270 4555 Deum,
1297 4501 1368 4545 non
1385 4480 1490 4545 modo
1509 4481 1645 4546 coelum
1670 4494 1703 4549 et
1720 4480 1786 4551 hoc
1802 4488 1979 4571 opificium
1996 4495 2120 4561 mundi

104 4601 172 4648 nus
189 4581 255 4649 erit
270 4581 442 4672 interpres
462 4578 620 4646 coelestis
638 4576 836 4663 doctrinae,
862 4591 896 4647 et
910 4575 1087 4649 Ecclesiae
1139 4577 1281 4665 cogitet,
1315 4592 1352 4645 ut
1375 4600 1411 4642 se
1434 4580 1477 4643 de
1498 4574 1688 4648 architum
1708 4586 1911 4670 admoueat,
1937 4593 1997 4658 sed
2013 4593 2120 4661 timul

103 4681 339 4769 guberuator,
364 4681 520 4773 quinon
542 4677 730 4748 didicerit?
767 4674 846 4748 Etsi
868 4679 962 4747 enim
984 4702 1086 4748 nosse
1136 4677 1243 4746 etiam
1275 4677 1341 4744 sibi
1375 4677 1467 4746 dicta
1492 4671 1678 4765 Evangelii
1713 4701 1902 4770 proponat:
1942 4689 2121 4762 intueatur

104 4806 226 4851 omnes
241 4803 368 4872 pueros
383 4794 417 4850 et
433 4798 532 4846 senes
550 4798 719 4845 summam
736 4777 893 4850 coelestis
907 4779 1086 4848 doctrinae
1137 4778 1249 4846 lilium
1267 4775 1349 4857 Dei,
1374 4775 1434 4868 qui
1456 4798 1491 4843 se
1509 4779 1610 4846 nobis
1628 4781 1806 4868 patefecit,
1833 4787 1892 4875 qui
1911 4790 2020 4858 edidit
2036 4817 2122 4883 pro-

104 4906 244 4953 ΜΝ
269 4898 339 4966 032,
367 4894 403 4951 eg
424 4877 578 4949 breviter
598 4869 848 4965 comprehendi
871 4901 926 4948 res
954 4892 1085 4969 potest:
1138 4877 1322 4955 missiones
1344 4878 1387 4944 de
1407 4877 1711 4963 reconciliatione,
1736 4904 1773 4949 ac
1789 4883 1897 4955 dicat:
1931 4887 1983 4958 Te
2004 4896 2122 4963 omni-

104 4996 222 5052 tamen
237 4964 370 5053 nonde
384 4975 498 5050 nihilo
515 4990 582 5060 est,
606 4975 701 5067 quod
724 4974 870 5064 legimus
885 4981 978 5069 apud
997 4976 1087 5049 Dio·
1138 4991 1282 5069 poteos,
1309 4989 1467 5058 aeterne,
1492 4991 1525 5045 et
1542 4977 1619 5048 vive
1634 4976 1747 5064 Deus,
1772 4997 1911 5055 aeterne
1931 5006 2031 5079 pater
2046 4992 2121 5063 Du-

103 5085 263 5180 nysium‚
300 5086 346 5155 ab
364 5079 536 5174 Apostolo
561 5069 812 5146 Bartholomeo
839 5079 972 5149 dictum
1003 5102 1088 5164 esse,
1140 5076 1228 5146 mini
1244 5077 1356 5146 nostri
1371 5071 1607 5161 lesoChristi,
1634 5079 1780 5165 invoco,
1806 5087 1865 5176 qui
1882 5102 1916 5157 te
1932 5095 2121 5180 patefecisti

102 5185 338 5275 Evangelium
364 5207 437 5253 esse
458 5182 602 5268 longum
629 5189 663 5246 ct
678 5178 795 5246 breve.
846 5175 990 5255 Summa
1007 5182 1088 5249 bre-
1140 5180 1309 5271 immensa
1334 5178 1509 5261 bonitate,
1541 5191 1573 5246 et
1596 5180 1749 5249 clamasti
1767 5185 1811 5252 de
1827 5187 1899 5257 filio
1920 5206 1979 5261 tuo
1996 5190 2122 5261 Domi-

105 5288 296 5358 vitertradi
313 5297 443 5376 potest,
466 5281 528 5351 sed
541 5277 710 5373 paulatim
725 5277 955 5349 meditatione
967 5294 1002 5349 et
1014 5280 1088 5350 col-
1134 5303 1187 5371 „no
1212 5291 1333 5348 nostro
1360 5276 1437 5346 lesu
1453 5271 1612 5347 Christo:
1645 5277 1751 5349 llunc
1764 5287 1891 5356 audite.
1949 5289 2123 5363 Conditor

103 5390 237 5460 latione
268 5382 553 5480 propheticarum
583 5391 618 5448 et
651 5378 921 5471 apostolicarum
946 5382 1087 5453 concio-
1141 5380 1299 5450 omnium
1327 5402 1463 5454 rerum,
1499 5392 1531 5447 et
1566 5396 1808 5467 conservator,
1849 5412 1927 5456 cum
1962 5391 2035 5459 tilio
2061 5407 2123 5464 tuo

1432 5470 1511 5551 39*
