4732 6030
177 233 252 308 566
874 228 1034 301 DECL.
1085 225 1159 317 DE
1193 221 1517 301 AMBROSIO.
2132 240 2208 317 566

278 399 389 471 Porro
415 394 501 468 haec
522 397 647 468 merita
664 409 757 467 recte
780 399 981 469 docentium
1001 415 1034 471 et
1057 401 1169 490 repri-
1219 409 1341 482 tunrn,
1366 421 1445 465 curn
1464 395 1600 486 Spiritu
1619 411 1757 467 sancto:
1781 402 1917 493 suscipe
1934 428 1991 475 me
2013 422 2049 478 et
2074 410 2128 481 fac
2149 434 2206 483 me

176 505 348 577 mentium
372 523 528 584 errores,
560 523 634 568 non
656 501 833 569 ducantur
854 525 926 570 esse
951 501 1058 570 levia:
1086 527 1166 569 nam
1216 498 1349 565 socium
1367 499 1631 567 resurrectionis
1647 515 1847 570 sanctorum
1867 517 2027 592 tuorum,
2053 507 2180 587 Amen.

177 611 224 679 ita
240 627 319 672 vere
337 614 564 672 conservatur
585 601 712 692 pignus
730 602 821 669 vitae
837 616 1015 682 aeternae,
1042 603 1169 672 videli-
1317 596 1413 668 Haec
1431 603 1515 667 dum
1531 599 1622 667 clara
1637 625 1722 669 voce
1738 601 1909 690 clamitat,
1936 608 2077 679 interim
2102 613 2204 682 flam·

175 721 227 778 cet
244 705 405 773 doctrina
432 703 609 785 coelestis,
633 702 806 771 retinetur
830 703 962 790 agnitio
988 728 1069 773 vera
1087 701 1166 784 Dei,
1215 723 1270 767 ma
1284 723 1319 770 se
1333 702 1457 791 pandit
1474 713 1504 772 et
1524 701 1616 770 cedit
1630 704 1780 791 corpori.
1833 704 1910 776 Stat
1934 730 2037 779 senex
2056 713 2202 802 integer,

173 821 323 902 ornatur
348 805 459 895 gloria
482 800 570 887 Dei,
606 817 821 893 propagatur
851 800 1029 890 Ecclesia,
1061 804 1165 873 nrnlti
1213 800 1350 884 alacris,
1376 827 1449 871 non
1466 803 1621 870 sentiens
1637 802 1806 887 flammas,
1833 819 1871 875 nt
1888 808 1973 876 olim
1990 812 2027 877 in
2044 811 2202 885 Chaldea

138 902 141 907 ⁴
173 923 353 985 vocantur,
367 908 411 975 ad
429 905 535 973 vitam
553 916 748 987 aeternam,
774 904 952 976 liberatia
976 907 1164 999 tyrannide
1213 903 1340 972 servati
1356 916 1440 972 sunt
1452 892 1490 971 iri
1506 902 1673 972 incendio
1690 916 1759 973 tres
1776 905 1855 974 viri.
1889 907 2117 1000 Conspicitur
2130 917 2200 985 fnl-

173 1010 320 1080 diaboli.
373 1005 469 1076 llaec
494 1029 568 1073 non
585 1016 668 1074 sunt
689 1005 826 1073 minora
846 1008 950 1077 rebus
967 1008 1071 1094 gestis
1086 1006 1164 1077 Sci·
1211 1024 1295 1091 gens
1320 1006 1471 1073 candida
1493 1006 1590 1089 luce,
1616 1017 1650 1073 et
1667 1007 1872 1092 exauditur,
1899 1012 2079 1082 celebrans
2104 1010 2199 1088 hunc

171 1112 309 1202 pionis,
336 1124 396 1178 aut
422 1106 592 1176 similium
614 1106 792 1175 honorum
815 1109 956 1181 ducum.
1008 1105 1162 1178 Ornavit
1210 1100 1325 1172 Deum
1351 1119 1484 1193 patrem
1513 1104 1593 1176 lesu
1618 1101 1752 1178 Christi
1788 1110 2010 1181 conditorem
2037 1115 2198 1187 omniurn

172 1215 233 1282 ille
264 1212 387 1281 urbern
413 1205 565 1278 Romam
597 1208 792 1275 accessione
823 1208 981 1297 imperii,
1015 1210 1162 1299 legibus,
1209 1228 1338 1274 rerum.

171 1316 299 1404 opibus
314 1308 492 1379 consuluit
507 1307 651 1377 utilitati
667 1307 810 1379 civium.
844 1306 972 1379 Fateor
987 1305 1073 1379 haec
1088 1334 1160 1377 csse
1311 1303 1424 1373 Valde
1439 1328 1602 1394 cuperem
1619 1307 1664 1374 de
1686 1305 1759 1395 ipsa
1775 1310 1987 1399 precationis
2008 1316 2120 1387 forma
2137 1343 2196 1389 co·

122 1411 139 1421 ”
171 1410 500 1504 magnaetdivina:
528 1410 663 1487 sedea,
689 1408 834 1499 quaein
853 1405 1008 1479 Ecclesia
1030 1434 1157 1499 gernn-
1207 1402 1341 1495 pinsins
1358 1405 1483 1473 dicere.
1534 1404 1603 1474 Sed
1624 1407 1766 1496 vosipsi
1788 1414 1992 1500 expendite,
2019 1442 2082 1487 cur
2106 1421 2196 1488 refe.

169 1531 229 1587 tur
242 1515 374 1583 maiora
390 1524 485 1594 sunt,
503 1506 662 1578 etaDeo
677 1509 780 1579 aliter
794 1510 1048 1596 gubernantur.
1075 1506 1160 1578 Bel·
1208 1522 1262 1577 rat
1277 1505 1492 1576 sicdescribi
1507 1501 1639 1592 Deum,
1663 1520 1796 1598 patrem
1819 1508 1895 1580 lesu
1909 1508 2051 1585 Christi.
2095 1518 2196 1592 Sicut

169 1619 340 1706 ligeratur
370 1612 465 1680 filius
497 1609 565 1681 Dei
597 1609 763 1680 adversus
792 1609 975 1682 diabolum
1003 1610 1160 1680 mirabili
1205 1608 1414 1701 plerumque
1438 1618 1472 1675 et
1491 1605 1623 1677 Paulus
1644 1607 1820 1700 loquitur,
1845 1626 1886 1681 nt
1909 1616 2020 1685 multa
2042 1635 2196 1708 moneat,

169 1719 276 1787 modo
301 1738 363 1805 per
384 1712 543 1781 membra
566 1733 646 1797 sna,
670 1734 759 1804 qnae
778 1711 970 1783 admodum
991 1714 1159 1781 videntur
1205 1711 1370 1780 videlicet
1393 1708 1550 1776 exaudiri
1575 1732 1639 1777 nos
1663 1723 1807 1799 propter
1827 1712 1952 1799 filium,
1976 1717 2059 1786 item
2083 1736 2194 1792 caete·
2264 1764 2279 1789 .

169 1816 359 1887 immina,
847 1830 850 1838 ·
1206 1833 1262 1877 ras
1283 1823 1402 1899 gentes
1425 1807 1611 1877 maledicas
1633 1809 1671 1876 in
1689 1805 1894 1901 Christum,
1930 1839 2004 1884 non
2028 1818 2193 1894 invocare

269 1915 465 2009 Reliquum
483 1924 553 1994 est,
572 1924 612 1980 ut
624 1911 668 1980 de
682 1924 795 1980 morte
811 1910 938 1979 dicam.
980 1907 1072 1981 Cum
1087 1913 1157 1981 iarn
1204 1905 1339 1992 Deum,
1369 1908 1505 1977 tametsi
1529 1910 1763 1998 profiteantur
1786 1934 1822 1980 se
1846 1914 2011 1986 invocare
2033 1924 2193 1993 condito·

167 2023 239 2090 iere
257 2013 525 2104 nonagesimum
541 2023 658 2099 ageret
674 2034 829 2096 annum,
856 2024 888 2082 et
904 2006 1078 2080 Ecclesiae
1094 2013 1157 2081 diu
1204 2033 1279 2078 rem
1296 2033 1426 2094 rerum,
1447 2020 1486 2077 ut
1503 2033 1598 2078 nunc
1616 2008 1736 2080 ludaei
1754 2024 1789 2082 et
1806 2008 2089 2091 Mahometistae.
2121 2022 2190 2095 Sed

167 2143 294 2208 magno
308 2118 429 2184 labore
445 2112 608 2194 rexisset,
635 2113 778 2180 tandem
800 2111 936 2201 rapitur
951 2113 996 2180 ad
1020 2114 1153 2203 suppli·
1202 2103 1289 2179 haec
1311 2110 1408 2183 alias.
1622 2179 1634 2185 ,

168 2221 275 2292 cium.
326 2214 463 2286 Multae
480 2225 564 2281 sunt
579 2211 672 2279 enirn
688 2232 828 2297 causae,
854 2236 962 2304 quare
976 2209 1072 2282 Deus
1086 2210 1157 2283 Ec·
1253 2250 1254 2256 κ
1303 2209 1406 2280 Nunc
1430 2212 1473 2280 de
1493 2208 1707 2305 Polycarpo:
1741 2217 1881 2288 stabant
1907 2215 2137 2309 Magistratus
2157 2240 2193 2297 et

168 2321 309 2390 clesiam
341 2314 436 2385 cruci
464 2311 662 2383 subiecerit.
718 2310 788 2382 Sed
812 2314 908 2405 quod
941 2315 980 2381 in
1005 2315 1156 2404 puhlicis
1201 2313 1380 2381 carnifices
1396 2313 1577 2401 stupefacti
1596 2337 1634 2380 re
1651 2313 1838 2402 inusitata,
1864 2342 1943 2387 curn
1959 2321 2122 2395 viderent
2137 2348 2191 2395 se-

167 2419 373 2512 spectaculis
389 2429 460 2484 tarn
477 2414 579 2483 foede
593 2414 883 2506 suosatyrannis
898 2415 1045 2484 lacerari
1060 2416 1156 2500 sinit,
1202 2436 1283 2480 nem
1313 2413 1474 2481 illaesum
1510 2414 1639 2482 vivere.
1691 2412 1854 2484 Tandem
1890 2419 1986 2490 iubet
2019 2437 2190 2516 tyrannus

166 2526 256 2592 duae
272 2533 354 2590 sunt
371 2515 577 2608 praecipuae
595 2536 728 2585 causae.
1202 2538 1281 2583 eum
1299 2513 1415 2602 gladio
1433 2515 1616 2582 transfodi.
1667 2511 1744 2583 llac
1762 2540 1846 2585 nece
1861 2519 1979 2589 minus
1995 2545 2095 2592 saeva
2110 2551 2191 2616 per·

268 2620 403 2701 Altera,
429 2617 523 2709 quod
542 2610 618 2684 vult
632 2614 786 2705 conspici
803 2615 1004 2685 testimonia
1021 2616 1154 2686 doctri·
1201 2614 1296 2683 misit
1310 2611 1406 2683 Deus
1427 2638 1543 2683 senem
1569 2614 1745 2704 extingui,
1771 2631 1849 2706 post
1872 2620 2026 2690 auditam
2045 2624 2083 2690 in
2103 2650 2188 2716 rogo

88 2767 90 2770 >
165 2749 243 2797 nae.
294 2721 354 2793 Sic
388 2720 533 2808 adparet
558 2739 639 2784 vere
666 2739 732 2784 nos
762 2717 894 2785 sentire
918 2713 1151 2804 Evangelium
1199 2715 1375 2803 publicam
1394 2715 1661 2788 confessionem.

164 2824 338 2896 divinitus
353 2843 425 2890 esse
442 2817 629 2898 traditum,
654 2839 733 2883 curn
749 2818 841 2885 vitae
856 2817 1091 2888 anteferimus.
1300 2815 1478 2884 Recensui
1496 2817 1637 2884 brevem
1652 2818 1696 2885 de
1712 2814 1907 2911 Polycarpo
1925 2815 2123 2910 historiam,
2148 2826 2185 2894 in

268 2921 389 2994 Altera
406 2932 467 2999 est,
486 2915 582 3005 quod
597 2915 675 2983 vult
689 2907 755 2981 hos
769 2939 924 2984 summos
939 2918 1033 2985 viros
1050 2931 1153 2986 testes
1198 2940 1266 3010 qua
1280 2910 1349 2986 hoc
1366 2917 1550 3006 praecipue
1566 2918 1850 3002 meminerimus,
1878 2916 1974 2991 hunc
1989 2926 2187 2996 auditorem

164 3052 238 3100 esse
254 3027 299 3094 de
313 3015 590 3089 immortalitate.
631 3011 725 3100 Quia
740 3015 834 3082 enirn
850 3015 1008 3084 scelerati
1026 3030 1059 3085 et
1074 3018 1151 3108 pol·
1200 3015 1379 3100 lohannis,
1404 3029 1526 3085 testem
1542 3040 1606 3085 nos
1625 3012 1755 3087 habere
1774 3021 1968 3109 doctrinae,
1995 3049 2099 3117 quarn
2118 3022 2187 3095 Ee-

164 3128 230 3197 luti
258 3121 358 3191 omni
384 3111 606 3203 turpitudine
632 3135 728 3180 nunc
752 3114 912 3184 saeviunt
938 3115 974 3183 in
1002 3131 1152 3202 sanctos,
1197 3118 1321 3188 elesiae
1346 3130 1485 3186 nostrae
1518 3118 1740 3208 profitentur.
1791 3117 1932 3192 Deinde
1963 3139 1997 3195 et
2029 3129 2186 3218 exempla

164 3226 295 3320 quibus
316 3235 417 3290 antea
441 3213 595 3283 vidimus
623 3215 742 3283 adesse
767 3211 903 3299 Deum,
936 3240 1075 3286 necesse
1100 3232 1151 3288 est
1197 3221 1427 3301 admoneant,
1453 3242 1518 3288 nos
1542 3220 1586 3289 ad
1612 3221 1803 3289 certamina
1828 3234 1862 3291 et
1880 3223 2035 3312 pericula
2057 3230 2186 3315 vocari,

164 3323 333 3407 iudicari,
365 3319 469 3389 aliam
496 3326 627 3383 restare
654 3314 783 3399 vitam,
813 3316 852 3384 in
878 3341 946 3407 qua
974 3317 1069 3388 Dens
1096 3318 1151 3402 iis,
1196 3344 1236 3388 ac
1261 3319 1376 3391 Deum
1404 3322 1509 3388 nobis
1534 3320 1639 3393 etiam
1671 3320 1765 3390 inter
1790 3321 1950 3394 flammas
1975 3327 2181 3398 adfuturum

164 3450 252 3521 quos
268 3423 382 3516 palam
400 3415 601 3506 complexus
617 3428 678 3500 est,
700 3416 856 3507 praemia
871 3418 1075 3488 redditurus
1090 3432 1151 3502 est,
1196 3445 1281 3490 esse.
1332 3418 1428 3492 Dixi.
1544 3443 1548 3451 ¹

163 3543 196 3598 et
216 3527 334 3618 impiis
357 3541 497 3615 poenas.
549 3513 639 3619 Cum
661 3519 759 3588 vides
774 3515 944 3599 Paulum,
972 3519 1033 3635 qui
1053 3544 1150 3588 mor-

162 3644 243 3699 tuos
259 3626 484 3702 excitaverat,
509 3616 658 3686 interfici
680 3631 869 3711 atyranno
895 3643 1054 3689 omnium
1080 3620 1144 3687 im-

158 3715 374 3822 purissimo,
406 3743 481 3792 non
505 3718 633 3787 senties
654 3715 853 3818 Pauluma
875 3714 952 3786 Deo
975 3719 1147 3787 abiectum
1194 3734 1260 3805 No,
1276 3732 1339 3805 71,
1623 3776 1627 3783 .
2014 3744 2183 3812 &1542

162 3855 252 3901 esse:
279 3833 339 3897 sed
360 3835 490 3893 restare
508 3819 606 3887 alind
629 3817 801 3887 iudicium
822 3831 902 3908 post
921 3812 1013 3886 hanc
1028 3818 1147 3888 vitam.
1198 3834 1330 3862 W*
2005 3830 2179 3860 *ἃ

160 3929 257 4022 Ergo
275 3925 361 3999 haec
377 3920 534 4011 exempla
548 3919 586 3986 in
603 3915 759 3987 Ecclesia
775 3932 859 3988 sunt
873 3919 1014 3988 usitatae
1046 3943 1147 4009 prae·
1508 3892 1584 3996 De
1610 3888 1867 3979 Ambrosii&

161 4033 263 4124 cipna
278 4028 414 4101 lumina
432 4022 509 4093 vult
527 4020 639 4103 Deus,
663 4019 701 4086 in
721 4013 776 4086 his
793 4018 1018 4110 spectaculis,
1044 4032 1148 4088 testes
1265 4050 1295 4102 1„
1310 4048 1433 4103 nectam.
1448 4048 1523 4106 ru.
1541 4047 1720 4119 pwsqq„
1743 4049 1858 4104 serven.
1874 4052 1907 4108 Τ.
1918 4055 1950 4108 u.
1964 4058 2056 4128 pm
2072 4068 2098 4113 et
2110 4063 2218 4133 apuu·
2328 4034 2334 4044 ⁵

162 4133 237 4200 fieri
253 4130 443 4201 doctrinae.
1299 4117 1426 4170 Richard.
1443 4116 1475 4173 T.
1491 4117 1538 4170 lll.
1557 4134 1584 4185 p.
1596 4118 1658 4171 6⁶5.
1676 4148 1709 4157 —
1745 4117 1905 4200 Adscriptu·
1918 4136 1956 4178 eet
1970 4127 2080 4196 quidem
2094 4148 2183 4186 anno,

267 4229 404 4322 Raptus
427 4224 536 4315 aar
549 4222 594 4290 e
616 4217 826 4310 ereetum
844 4215 1058 4310 Poeans
1080 4217 1148 4284 im·
1296 4184 2184 4326 aaa?a.‘aaaarsatisctatzh'2hatia·

163 4330 310 4425 ponitur
337 4352 421 4419 rogo
446 4323 602 4408 ardenti,
635 4334 675 4391 ut
705 4342 831 4409 corpus
852 4319 1043 4387 ustulatum
1073 4318 1147 4408 igni
1299 4322 1468 4378 referendam
1487 4340 1554 4379 ene.

277 4454 278 4458 ’
622 4446 666 4491 ru
686 4421 759 4490 iatu
792 4433 1029 4489 consumatur.
1079 4418 1149 4487 Hic
1296 4473 1304 4489 ‚
1442 4471 1449 4486 ,
1719 4470 1728 4485 ,
1884 4474 1892 4489 ,

163 4441 434 4604 lirliieittilrintii
448 4428 750 4616 llirhffiasciniipit
771 4516 827 4590 his
843 4521 959 4589 verbis
976 4522 1148 4609 precatio·
1197 4473 1324 4541 oram
1344 4467 1390 4538 de
1409 4466 1493 4538 ‘1⁸⁰⁰
1516 4463 1777 4553 Ambr⁰⁸²⁰³
1804 4463 1935 4541 hallia
1956 4494 1981 4542 a
1998 4476 2182 4573 Mflysslt‘o

163 4660 264 4720 nern,
289 4658 378 4726 quae
400 4630 450 4699 sic
466 4625 640 4708 recitabo,
664 4637 704 4694 ut
720 4634 837 4694 extant
860 4622 898 4690 in
916 4616 1083 4702 historia,
1110 4635 1150 4689 ut
1360 4570 1601 4640 Marcella
1627 4569 1848 4641 M‘D'XM·
1875 4569 2018 4667 (¹542)

162 4737 320 4827 cogitetis
335 4731 512 4826 quomodd
529 4739 674 4807 veteres,
698 4738 731 4794 et
747 4723 938 4792 direxerint
953 4722 1149 4792 orationem
1199 4704 1350 4807 Quoties
1374 4707 1439 4780 hos
1470 4710 1633 4801 publicos
1654 4708 1951 4786 Scholasticorum
1979 4744 2184 4813 congressus

164 4841 209 4909 ad
232 4837 364 4921 Deum,
395 4842 430 4902 et
457 4830 495 4898 iu
519 4826 594 4919 ipsa
617 4836 731 4894 morte
757 4824 1010 4894 confessionem
1034 4823 1150 4893 decla-
1196 4821 1357 4898 intueor,
1392 4813 1486 4882 subit
1519 4812 1677 4881 animum
1709 4813 1892 4899 cogitatio,
1928 4843 2007 4888 cum
2034 4827 2078 4894 de
2104 4830 2184 4899 alti,

162 4942 330 5010 caverint.
1197 4920 1290 4987 vitae
1305 4914 1482 5007 partibus,
1508 4927 1584 4983 tum
1605 4935 1689 4981 vero
1706 4913 1854 4983 maxime
1871 4917 1914 4985 de
1929 4914 2101 5013 Ecclesia,
2127 4930 2184 4999 cui

265 5038 361 5109 Dens
384 5048 482 5127 pater
504 5025 625 5100 dilecti
649 5023 713 5093 filii
734 5024 788 5093 tui
809 5022 888 5095 lesu
911 5021 1063 5105 Christi,
1088 5048 1151 5115 per
1188 5008 1313 5089 studia
1326 5019 1444 5085 nostra
1459 5013 1647 5105 praecipue
1661 5013 1831 5088 serviunt.
1871 5013 2031 5115 Cumque
2045 5052 2182 5099 mecum

162 5166 268 5237 quem
284 5139 499 5229 agnitionem
516 5130 568 5203 tui
582 5126 795 5218 accepimus,
822 5127 985 5196 conditor
1006 5125 1152 5194 univer·
1197 5120 1323 5190 tacitus
1341 5131 1476 5207 repeto,
1502 5113 1643 5207 quantis
1664 5113 1748 5182 inde
1763 5139 1876 5208 usque
1892 5121 1936 5189 ab
1953 5122 2056 5194 initio
2078 5130 2184 5210 moti.

162 5268 220 5314 sae
244 5255 441 5322 creaturae,
462 5250 494 5305 te
518 5234 664 5311 invoco,
685 5240 718 5298 te
742 5225 910 5295 confiteor
929 5250 1051 5296 verum
1079 5248 1152 5295 esse
1200 5225 1265 5290 hus
1281 5233 1440 5313 quassata
1456 5217 1512 5300 sit,
1539 5228 1683 5307 propter
1697 5216 1878 5288 doctrinae
1894 5227 2120 5317 corruptelas,
2142 5253 2183 5300 ac

162 5343 298 5428 Deum,
324 5358 357 5412 te
373 5339 531 5430 glorifico
548 5356 610 5426 per
623 5327 829 5400 Pontificem
845 5327 1011 5396 dilectum
1036 5326 1149 5398 filium
1199 5319 1372 5414 pericula,
1403 5341 1493 5412 quae
1527 5317 1733 5407 impendent
1767 5321 1962 5410 posteritati
1996 5324 2185 5420 prospicio,
2226 5323 2230 5331 ’

1494 5409 1572 5488 36*
