<?xml version="1.0" encoding="UTF-8"?>
<!DOCTYPE html PUBLIC "-//W3C//DTD XHTML 1.0 Transitional//EN"
    "http://www.w3.org/TR/xhtml1/DTD/xhtml1-transitional.dtd">
<html xmlns="http://www.w3.org/1999/xhtml" xml:lang="en" lang="en">
 <head>
  <title>
</title>
<meta http-equiv="Content-Type" content="text/html;charset=utf-8" />
  <meta name='ocr-system' content='tesseract 3.04.00' />
  <meta name='ocr-capabilities' content='ocr_page ocr_carea ocr_par ocr_line ocrx_word'/>
</head>
<body>
  <div class='ocr_page' id='page_1' title='image "./philippimelanth21melagoog/philippimelanth21melagoog_0370.png"; bbox 0 0 4732 6030; ppageno 0'>
   <div class='ocr_carea' id='block_1_1' title="bbox 78 288 2110 382">
    <p class='ocr_par' dir='ltr' id='par_1_1' title="bbox 78 288 2110 382">
     <span class='ocr_line' id='line_1_1' title="bbox 78 288 2110 382; baseline 0 -4"><span class='ocrx_word' id='word_1_1' title='bbox 78 309 154 382; x_wconf 82' lang='lat' dir='ltr'>ns</span> <span class='ocrx_word' id='word_1_2' title='bbox 652 299 813 379; x_wconf 78' lang='lat' dir='ltr'>nucu.</span> <span class='ocrx_word' id='word_1_3' title='bbox 845 301 923 380; x_wconf 81' lang='lat' dir='ltr'>nn</span> <span class='ocrx_word' id='word_1_4' title='bbox 952 300 1180 381; x_wconf 73' lang='lat' dir='ltr'>utnulla</span> <span class='ocrx_word' id='word_1_5' title='bbox 1212 288 1532 380; x_wconf 74' lang='lat' dir='ltr'>HE&#39;BRAICA.</span> <span class='ocrx_word' id='word_1_6' title='bbox 2034 305 2110 378; x_wconf 82' lang='lat' dir='ltr'>nt</span> 
     </span>
    </p>
   </div>
   <div class='ocr_carea' id='block_1_2' title="bbox 64 471 2153 5518">
    <p class='ocr_par' dir='ltr' id='par_1_2' title="bbox 77 471 2108 773">
     <span class='ocr_line' id='line_1_2' title="bbox 77 471 2108 572; baseline -0.004 -21"><span class='ocrx_word' id='word_1_7' title='bbox 77 475 312 564; x_wconf 76' lang='lat' dir='ltr'><strong>authoritate,</strong></span> <span class='ocrx_word' id='word_1_8' title='bbox 329 477 525 572; x_wconf 82' lang='lat' dir='ltr'>quidquam</span> <span class='ocrx_word' id='word_1_9' title='bbox 539 478 700 570; x_wconf 85' lang='lat' dir='ltr'><strong>decerpo.</strong></span> <span class='ocrx_word' id='word_1_10' title='bbox 725 475 795 549; x_wconf 86' lang='lat' dir='ltr'>Sed</span> <span class='ocrx_word' id='word_1_11' title='bbox 812 492 969 552; x_wconf 87' lang='lat' dir='ltr'>veterum</span> <span class='ocrx_word' id='word_1_12' title='bbox 983 479 1069 553; x_wconf 80' lang='lat' dir='ltr'>libri</span> <span class='ocrx_word' id='word_1_13' title='bbox 1118 492 1245 562; x_wconf 88' lang='lat' dir='ltr'>essem,</span> <span class='ocrx_word' id='word_1_14' title='bbox 1270 489 1331 547; x_wconf 86' lang='lat' dir='ltr'>aut</span> <span class='ocrx_word' id='word_1_15' title='bbox 1347 498 1402 547; x_wconf 91' lang='lat' dir='ltr'>res</span> <span class='ocrx_word' id='word_1_16' title='bbox 1417 488 1514 547; x_wconf 86' lang='lat' dir='ltr'>tanta</span> <span class='ocrx_word' id='word_1_17' title='bbox 1526 475 1698 545; x_wconf 89' lang='lat' dir='ltr'>brevitate</span> <span class='ocrx_word' id='word_1_18' title='bbox 1713 474 1842 567; x_wconf 78' lang='lat' dir='ltr'>exponi</span> <span class='ocrx_word' id='word_1_19' title='bbox 1857 475 1987 566; x_wconf 86' lang='lat' dir='ltr'>possit.¹</span> <span class='ocrx_word' id='word_1_20' title='bbox 2012 471 2108 546; x_wconf 82' lang='lat' dir='ltr'>Illud</span> 
     </span>
     <span class='ocr_line' id='line_1_3' title="bbox 78 577 2108 676; baseline -0.003 -24"><span class='ocrx_word' id='word_1_21' title='bbox 78 599 113 654; x_wconf 90' lang='lat' dir='ltr'>et</span> <span class='ocrx_word' id='word_1_22' title='bbox 129 581 357 676; x_wconf 77' lang='lat' dir='ltr'>quotidianae</span> <span class='ocrx_word' id='word_1_23' title='bbox 372 578 564 651; x_wconf 73' lang='lat' dir='ltr'>conciones</span> <span class='ocrx_word' id='word_1_24' title='bbox 587 582 798 665; x_wconf 91' lang='lat' dir='ltr'>ostendunt,</span> <span class='ocrx_word' id='word_1_25' title='bbox 829 582 983 654; x_wconf 90' lang='lat' dir='ltr'>multum</span> <span class='ocrx_word' id='word_1_26' title='bbox 1004 583 1069 653; x_wconf 92' lang='lat' dir='ltr'>ad·</span> <span class='ocrx_word' id='word_1_27' title='bbox 1117 590 1257 649; x_wconf 90' lang='lat' dir='ltr'>tantum</span> <span class='ocrx_word' id='word_1_28' title='bbox 1290 577 1424 663; x_wconf 91' lang='lat' dir='ltr'>dicam,</span> <span class='ocrx_word' id='word_1_29' title='bbox 1461 579 1506 646; x_wconf 90' lang='lat' dir='ltr'>ad</span> <span class='ocrx_word' id='word_1_30' title='bbox 1542 580 1826 668; x_wconf 78' lang='lat' dir='ltr'>praemonendus</span> <span class='ocrx_word' id='word_1_31' title='bbox 1857 579 2108 652; x_wconf 90' lang='lat' dir='ltr'>adolescentes.</span> 
     </span>
     <span class='ocr_line' id='line_1_4' title="bbox 78 677 2108 773; baseline -0.002 -21"><span class='ocrx_word' id='word_1_32' title='bbox 78 683 194 754; x_wconf 87' lang='lat' dir='ltr'>iuvari</span> <span class='ocrx_word' id='word_1_33' title='bbox 210 682 287 772; x_wconf 93' lang='lat' dir='ltr'>pios</span> <span class='ocrx_word' id='word_1_34' title='bbox 303 695 338 751; x_wconf 91' lang='lat' dir='ltr'>et</span> <span class='ocrx_word' id='word_1_35' title='bbox 351 683 474 752; x_wconf 92' lang='lat' dir='ltr'>doctos</span> <span class='ocrx_word' id='word_1_36' title='bbox 489 682 633 772; x_wconf 87' lang='lat' dir='ltr'>linguae</span> <span class='ocrx_word' id='word_1_37' title='bbox 649 679 864 771; x_wconf 87' lang='lat' dir='ltr'>cognitione.</span> <span class='ocrx_word' id='word_1_38' title='bbox 1117 677 1250 769; x_wconf 90' lang='lat' dir='ltr'>Magna</span> <span class='ocrx_word' id='word_1_39' title='bbox 1265 679 1319 748; x_wconf 91' lang='lat' dir='ltr'>vis</span> <span class='ocrx_word' id='word_1_40' title='bbox 1331 692 1385 750; x_wconf 90' lang='lat' dir='ltr'>est</span> <span class='ocrx_word' id='word_1_41' title='bbox 1408 702 1491 747; x_wconf 90' lang='lat' dir='ltr'>vera</span> <span class='ocrx_word' id='word_1_42' title='bbox 1512 678 1736 773; x_wconf 77' lang='lat' dir='ltr'>eloquentia,</span> <span class='ocrx_word' id='word_1_43' title='bbox 1769 702 1859 771; x_wconf 90' lang='lat' dir='ltr'>quae</span> <span class='ocrx_word' id='word_1_44' title='bbox 1881 692 1933 748; x_wconf 92' lang='lat' dir='ltr'>est</span> <span class='ocrx_word' id='word_1_45' title='bbox 1958 679 2108 749; x_wconf 85' lang='lat' dir='ltr'>facultas</span> 
     </span>
    </p>

    <p class='ocr_par' dir='ltr' id='par_1_3' title="bbox 76 777 2153 3396">
     <span class='ocr_line' id='line_1_5' title="bbox 179 777 2105 876; baseline -0.003 -24"><span class='ocrx_word' id='word_1_46' title='bbox 179 782 302 875; x_wconf 88' lang='lat' dir='ltr'>Neque</span> <span class='ocrx_word' id='word_1_47' title='bbox 317 778 403 852; x_wconf 92' lang='lat' dir='ltr'>haec</span> <span class='ocrx_word' id='word_1_48' title='bbox 419 782 468 852; x_wconf 78' lang='lat' dir='ltr'>i&#39;ta</span> <span class='ocrx_word' id='word_1_49' title='bbox 485 783 589 868; x_wconf 92' lang='lat' dir='ltr'>dico,</span> <span class='ocrx_word' id='word_1_50' title='bbox 613 783 713 876; x_wconf 90' lang='lat' dir='ltr'>quasi</span> <span class='ocrx_word' id='word_1_51' title='bbox 730 804 803 852; x_wconf 90' lang='lat' dir='ltr'>non</span> <span class='ocrx_word' id='word_1_52' title='bbox 828 792 947 853; x_wconf 83' lang='lat' dir='ltr'>errent</span> <span class='ocrx_word' id='word_1_53' title='bbox 962 780 1067 850; x_wconf 87' lang='lat' dir='ltr'>etiam</span> <span class='ocrx_word' id='word_1_54' title='bbox 1116 802 1172 851; x_wconf 89' lang='lat' dir='ltr'>res</span> <span class='ocrx_word' id='word_1_55' title='bbox 1193 783 1306 851; x_wconf 89' lang='lat' dir='ltr'>bonas</span> <span class='ocrx_word' id='word_1_56' title='bbox 1328 779 1506 870; x_wconf 72' lang='lat' dir='ltr'>sapienter</span> <span class='ocrx_word' id='word_1_57' title='bbox 1529 793 1564 850; x_wconf 89' lang='lat' dir='ltr'>et</span> <span class='ocrx_word' id='word_1_58' title='bbox 1587 781 1769 871; x_wconf 91' lang='lat' dir='ltr'>perspicue</span> <span class='ocrx_word' id='word_1_59' title='bbox 1793 779 2004 872; x_wconf 85' lang='lat' dir='ltr'>exponendi.</span> <span class='ocrx_word' id='word_1_60' title='bbox 2064 777 2105 847; x_wconf 90' lang='lat' dir='ltr'>ld</span> 
     </span>
     <span class='ocr_line' id='line_1_6' title="bbox 80 876 2107 977; baseline -0.003 -22"><span class='ocrx_word' id='word_1_61' title='bbox 80 908 181 975; x_wconf 85' lang='lat' dir='ltr'>saepe</span> <span class='ocrx_word' id='word_1_62' title='bbox 198 884 271 966; x_wconf 90' lang='lat' dir='ltr'>illi,</span> <span class='ocrx_word' id='word_1_63' title='bbox 298 885 429 977; x_wconf 91' lang='lat' dir='ltr'>quibus</span> <span class='ocrx_word' id='word_1_64' title='bbox 453 879 729 974; x_wconf 87' lang='lat' dir='ltr'>linguaEbraea</span> <span class='ocrx_word' id='word_1_65' title='bbox 749 884 798 955; x_wconf 90' lang='lat' dir='ltr'>ita</span> <span class='ocrx_word' id='word_1_66' title='bbox 826 897 910 956; x_wconf 91' lang='lat' dir='ltr'>nota</span> <span class='ocrx_word' id='word_1_67' title='bbox 935 896 1002 953; x_wconf 90' lang='lat' dir='ltr'>est:</span> <span class='ocrx_word' id='word_1_68' title='bbox 1028 894 1069 952; x_wconf 88' lang='lat' dir='ltr'>ut</span> <span class='ocrx_word' id='word_1_69' title='bbox 1118 905 1197 953; x_wconf 91' lang='lat' dir='ltr'>cnm</span> <span class='ocrx_word' id='word_1_70' title='bbox 1212 882 1345 953; x_wconf 87' lang='lat' dir='ltr'>faciant</span> <span class='ocrx_word' id='word_1_71' title='bbox 1358 876 1576 972; x_wconf 89' lang='lat' dir='ltr'>Prophetae,</span> <span class='ocrx_word' id='word_1_72' title='bbox 1602 877 1765 951; x_wconf 89' lang='lat' dir='ltr'>homines</span> <span class='ocrx_word' id='word_1_73' title='bbox 1778 879 2047 971; x_wconf 89' lang='lat' dir='ltr'>sapientissimi,</span> <span class='ocrx_word' id='word_1_74' title='bbox 2072 894 2107 950; x_wconf 90' lang='lat' dir='ltr'>et</span> 
     </span>
     <span class='ocr_line' id='line_1_7' title="bbox 80 981 2107 1077; baseline -0.003 -21"><span class='ocrx_word' id='word_1_75' title='bbox 80 985 219 1069; x_wconf 90' lang='lat' dir='ltr'>ludaei,</span> <span class='ocrx_word' id='word_1_76' title='bbox 246 985 310 1055; x_wconf 86' lang='lat' dir='ltr'>etsi</span> <span class='ocrx_word' id='word_1_77' title='bbox 326 987 587 1075; x_wconf 86' lang='lat' dir='ltr'>grammaticam</span> <span class='ocrx_word' id='word_1_78' title='bbox 605 1010 706 1056; x_wconf 90' lang='lat' dir='ltr'>suam</span> <span class='ocrx_word' id='word_1_79' title='bbox 722 986 813 1056; x_wconf 90' lang='lat' dir='ltr'>bene</span> <span class='ocrx_word' id='word_1_80' title='bbox 829 986 977 1065; x_wconf 87' lang='lat' dir='ltr'>callent,</span> <span class='ocrx_word' id='word_1_81' title='bbox 1015 996 1068 1053; x_wconf 90' lang='lat' dir='ltr'>ta·</span> <span class='ocrx_word' id='word_1_82' title='bbox 1117 983 1180 1077; x_wconf 92' lang='lat' dir='ltr'>qui</span> <span class='ocrx_word' id='word_1_83' title='bbox 1195 983 1345 1053; x_wconf 87' lang='lat' dir='ltr'>dicendo</span> <span class='ocrx_word' id='word_1_84' title='bbox 1361 995 1528 1053; x_wconf 83' lang='lat' dir='ltr'>rexerunt</span> <span class='ocrx_word' id='word_1_85' title='bbox 1539 1005 1638 1052; x_wconf 91' lang='lat' dir='ltr'>suam</span> <span class='ocrx_word' id='word_1_86' title='bbox 1654 982 1922 1074; x_wconf 80' lang='lat' dir='ltr'>rempublicam,</span> <span class='ocrx_word' id='word_1_87' title='bbox 1948 995 1983 1051; x_wconf 90' lang='lat' dir='ltr'>et</span> <span class='ocrx_word' id='word_1_88' title='bbox 1999 981 2107 1049; x_wconf 85' lang='lat' dir='ltr'>lurni-</span> 
     </span>
     <span class='ocr_line' id='line_1_8' title="bbox 79 1081 2106 1179; baseline -0.003 -23"><span class='ocrx_word' id='word_1_89' title='bbox 79 1112 161 1156; x_wconf 88' lang='lat' dir='ltr'>mcn</span> <span class='ocrx_word' id='word_1_90' title='bbox 176 1086 349 1177; x_wconf 89' lang='lat' dir='ltr'>flagitiose</span> <span class='ocrx_word' id='word_1_91' title='bbox 371 1081 637 1158; x_wconf 82' lang='lat' dir='ltr'>hallucinantur</span> <span class='ocrx_word' id='word_1_92' title='bbox 659 1086 698 1155; x_wconf 91' lang='lat' dir='ltr'>in</span> <span class='ocrx_word' id='word_1_93' title='bbox 721 1099 792 1157; x_wconf 93' lang='lat' dir='ltr'>tota</span> <span class='ocrx_word' id='word_1_94' title='bbox 808 1081 1068 1179; x_wconf 87' lang='lat' dir='ltr'>Prophetarum</span> <span class='ocrx_word' id='word_1_95' title='bbox 1117 1085 1224 1155; x_wconf 91' lang='lat' dir='ltr'>nibus</span> <span class='ocrx_word' id='word_1_96' title='bbox 1260 1086 1452 1154; x_wconf 89' lang='lat' dir='ltr'>verborum</span> <span class='ocrx_word' id='word_1_97' title='bbox 1491 1097 1525 1155; x_wconf 90' lang='lat' dir='ltr'>et</span> <span class='ocrx_word' id='word_1_98' title='bbox 1558 1085 1813 1155; x_wconf 88' lang='lat' dir='ltr'>sententiarum</span> <span class='ocrx_word' id='word_1_99' title='bbox 1846 1082 2106 1152; x_wconf 85' lang='lat' dir='ltr'>venustissimis</span> 
     </span>
     <span class='ocr_line' id='line_1_9' title="bbox 80 1182 2107 1281; baseline -0.001 -25"><span class='ocrx_word' id='word_1_100' title='bbox 80 1186 319 1260; x_wconf 68' lang='lat' dir='ltr'>enarratione.</span> <span class='ocrx_word' id='word_1_101' title='bbox 377 1185 447 1258; x_wconf 89' lang='lat' dir='ltr'>Sed</span> <span class='ocrx_word' id='word_1_102' title='bbox 478 1189 609 1280; x_wconf 88' lang='lat' dir='ltr'>multae</span> <span class='ocrx_word' id='word_1_103' title='bbox 639 1201 723 1259; x_wconf 89' lang='lat' dir='ltr'>sunt</span> <span class='ocrx_word' id='word_1_104' title='bbox 748 1212 909 1260; x_wconf 87' lang='lat' dir='ltr'>errorum</span> <span class='ocrx_word' id='word_1_105' title='bbox 932 1209 1068 1259; x_wconf 85' lang='lat' dir='ltr'>causae.</span> <span class='ocrx_word' id='word_1_106' title='bbox 1116 1198 1283 1258; x_wconf 90' lang='lat' dir='ltr'>utuntur:</span> <span class='ocrx_word' id='word_1_107' title='bbox 1309 1187 1340 1254; x_wconf 88' lang='lat' dir='ltr'>si</span> <span class='ocrx_word' id='word_1_108' title='bbox 1357 1186 1417 1278; x_wconf 91' lang='lat' dir='ltr'>qui</span> <span class='ocrx_word' id='word_1_109' title='bbox 1437 1185 1486 1255; x_wconf 91' lang='lat' dir='ltr'>cis</span> <span class='ocrx_word' id='word_1_110' title='bbox 1507 1182 1698 1256; x_wconf 89' lang='lat' dir='ltr'>detrahunt</span> <span class='ocrx_word' id='word_1_111' title='bbox 1713 1186 1936 1281; x_wconf 87' lang='lat' dir='ltr'>eloquentiae</span> <span class='ocrx_word' id='word_1_112' title='bbox 1953 1185 2107 1269; x_wconf 91' lang='lat' dir='ltr'>laudem,</span> 
     </span>
     <span class='ocr_line' id='line_1_10' title="bbox 79 1282 2107 1385; baseline -0.001 -27"><span class='ocrx_word' id='word_1_113' title='bbox 79 1287 204 1359; x_wconf 89' lang='lat' dir='ltr'>Iudaei</span> <span class='ocrx_word' id='word_1_114' title='bbox 225 1288 426 1360; x_wconf 88' lang='lat' dir='ltr'>voluntates</span> <span class='ocrx_word' id='word_1_115' title='bbox 449 1288 575 1380; x_wconf 89' lang='lat' dir='ltr'>impias</span> <span class='ocrx_word' id='word_1_116' title='bbox 596 1290 780 1375; x_wconf 83' lang='lat' dir='ltr'>adferunt,</span> <span class='ocrx_word' id='word_1_117' title='bbox 813 1303 847 1361; x_wconf 91' lang='lat' dir='ltr'>et</span> <span class='ocrx_word' id='word_1_118' title='bbox 869 1282 1067 1385; x_wconf 86' lang='lat' dir='ltr'>sycophan-</span> <span class='ocrx_word' id='word_1_119' title='bbox 1115 1288 1219 1357; x_wconf 90' lang='lat' dir='ltr'>valde</span> <span class='ocrx_word' id='word_1_120' title='bbox 1245 1299 1375 1357; x_wconf 90' lang='lat' dir='ltr'>errant.</span> <span class='ocrx_word' id='word_1_121' title='bbox 1426 1284 1581 1371; x_wconf 85' lang='lat' dir='ltr'>Psalmi,</span> <span class='ocrx_word' id='word_1_122' title='bbox 1605 1286 1808 1358; x_wconf 89' lang='lat' dir='ltr'>Salomonis</span> <span class='ocrx_word' id='word_1_123' title='bbox 1829 1286 2045 1371; x_wconf 90' lang='lat' dir='ltr'>sententiae,</span> <span class='ocrx_word' id='word_1_124' title='bbox 2071 1298 2107 1356; x_wconf 89' lang='lat' dir='ltr'>et</span> 
     </span>
     <span class='ocr_line' id='line_1_11' title="bbox 77 1380 2107 1481; baseline -0.001 -23"><span class='ocrx_word' id='word_1_125' title='bbox 77 1391 149 1481; x_wconf 84' lang='lat' dir='ltr'>tico</span> <span class='ocrx_word' id='word_1_126' title='bbox 173 1412 272 1458; x_wconf 91' lang='lat' dir='ltr'>more</span> <span class='ocrx_word' id='word_1_127' title='bbox 294 1389 478 1481; x_wconf 89' lang='lat' dir='ltr'>perspicua</span> <span class='ocrx_word' id='word_1_128' title='bbox 507 1390 600 1462; x_wconf 89' lang='lat' dir='ltr'>dicta</span> <span class='ocrx_word' id='word_1_129' title='bbox 623 1385 881 1481; x_wconf 85' lang='lat' dir='ltr'>Prophetarum</span> <span class='ocrx_word' id='word_1_130' title='bbox 911 1388 1067 1460; x_wconf 89' lang='lat' dir='ltr'>tenebris</span> <span class='ocrx_word' id='word_1_131' title='bbox 1115 1387 1278 1459; x_wconf 89' lang='lat' dir='ltr'>omnium</span> <span class='ocrx_word' id='word_1_132' title='bbox 1286 1380 1543 1478; x_wconf 85' lang='lat' dir='ltr'>Prophetarum</span> <span class='ocrx_word' id='word_1_133' title='bbox 1558 1389 1757 1474; x_wconf 85' lang='lat' dir='ltr'>conciones,</span> <span class='ocrx_word' id='word_1_134' title='bbox 1780 1401 1878 1459; x_wconf 87' lang='lat' dir='ltr'>tanto</span> <span class='ocrx_word' id='word_1_135' title='bbox 1891 1388 2010 1459; x_wconf 89' lang='lat' dir='ltr'>nitore</span> <span class='ocrx_word' id='word_1_136' title='bbox 2026 1409 2107 1456; x_wconf 90' lang='lat' dir='ltr'>ver-</span> 
     </span>
     <span class='ocr_line' id='line_1_12' title="bbox 77 1487 2107 1588; baseline -0.001 -29"><span class='ocrx_word' id='word_1_137' title='bbox 77 1491 237 1560; x_wconf 85' lang='lat' dir='ltr'>volentes</span> <span class='ocrx_word' id='word_1_138' title='bbox 251 1489 459 1572; x_wconf 86' lang='lat' dir='ltr'>involvunt,</span> <span class='ocrx_word' id='word_1_139' title='bbox 477 1503 539 1563; x_wconf 87' lang='lat' dir='ltr'>aut</span> <span class='ocrx_word' id='word_1_140' title='bbox 553 1504 799 1588; x_wconf 87' lang='lat' dir='ltr'>corrumpunt.</span> <span class='ocrx_word' id='word_1_141' title='bbox 831 1489 972 1563; x_wconf 88' lang='lat' dir='ltr'>Deinde</span> <span class='ocrx_word' id='word_1_142' title='bbox 985 1513 1066 1563; x_wconf 92' lang='lat' dir='ltr'>cum</span> <span class='ocrx_word' id='word_1_143' title='bbox 1116 1491 1245 1561; x_wconf 92' lang='lat' dir='ltr'>borum</span> <span class='ocrx_word' id='word_1_144' title='bbox 1275 1502 1310 1558; x_wconf 90' lang='lat' dir='ltr'>et</span> <span class='ocrx_word' id='word_1_145' title='bbox 1334 1489 1525 1578; x_wconf 87' lang='lat' dir='ltr'>liguramm</span> <span class='ocrx_word' id='word_1_146' title='bbox 1552 1502 1586 1560; x_wconf 88' lang='lat' dir='ltr'>et</span> <span class='ocrx_word' id='word_1_147' title='bbox 1608 1502 1706 1561; x_wconf 89' lang='lat' dir='ltr'>tanta</span> <span class='ocrx_word' id='word_1_148' title='bbox 1727 1487 1895 1559; x_wconf 88' lang='lat' dir='ltr'>varietate</span> <span class='ocrx_word' id='word_1_149' title='bbox 1916 1490 2107 1559; x_wconf 81' lang='lat' dir='ltr'>affectuum</span> 
     </span>
     <span class='ocr_line' id='line_1_13' title="bbox 78 1587 2106 1684; baseline -0.001 -24"><span class='ocrx_word' id='word_1_150' title='bbox 78 1587 315 1681; x_wconf 86' lang='lat' dir='ltr'>Evangelium</span> <span class='ocrx_word' id='word_1_151' title='bbox 331 1591 391 1661; x_wconf 82' lang='lat' dir='ltr'>lus</span> <span class='ocrx_word' id='word_1_152' title='bbox 410 1591 456 1662; x_wconf 89' lang='lat' dir='ltr'>sit</span> <span class='ocrx_word' id='word_1_153' title='bbox 470 1588 750 1684; x_wconf 85' lang='lat' dir='ltr'>Prophetarum,</span> <span class='ocrx_word' id='word_1_154' title='bbox 772 1593 857 1665; x_wconf 91' lang='lat' dir='ltr'>inde</span> <span class='ocrx_word' id='word_1_155' title='bbox 877 1593 1066 1665; x_wconf 90' lang='lat' dir='ltr'>consilium</span> <span class='ocrx_word' id='word_1_156' title='bbox 1116 1613 1325 1681; x_wconf 85' lang='lat' dir='ltr'>conspersae</span> <span class='ocrx_word' id='word_1_157' title='bbox 1338 1602 1439 1674; x_wconf 90' lang='lat' dir='ltr'>sunt,</span> <span class='ocrx_word' id='word_1_158' title='bbox 1465 1603 1508 1661; x_wconf 91' lang='lat' dir='ltr'>ut</span> <span class='ocrx_word' id='word_1_159' title='bbox 1524 1613 1544 1660; x_wconf 91' lang='lat' dir='ltr'>a</span> <span class='ocrx_word' id='word_1_160' title='bbox 1560 1589 1768 1661; x_wconf 88' lang='lat' dir='ltr'>videntibus</span> <span class='ocrx_word' id='word_1_161' title='bbox 1781 1613 1855 1660; x_wconf 93' lang='lat' dir='ltr'>non</span> <span class='ocrx_word' id='word_1_162' title='bbox 1879 1590 1956 1660; x_wconf 90' lang='lat' dir='ltr'>sine</span> <span class='ocrx_word' id='word_1_163' title='bbox 1978 1612 2106 1679; x_wconf 87' lang='lat' dir='ltr'>magna</span> 
     </span>
     <span class='ocr_line' id='line_1_14' title="bbox 77 1689 2106 1783; baseline -0.001 -23"><span class='ocrx_word' id='word_1_164' title='bbox 77 1690 384 1783; x_wconf 85' lang='lat' dir='ltr'>interpretationis</span> <span class='ocrx_word' id='word_1_165' title='bbox 407 1695 618 1764; x_wconf 89' lang='lat' dir='ltr'>sumendum</span> <span class='ocrx_word' id='word_1_166' title='bbox 641 1709 704 1766; x_wconf 88' lang='lat' dir='ltr'>est.</span> <span class='ocrx_word' id='word_1_167' title='bbox 761 1691 840 1765; x_wconf 87' lang='lat' dir='ltr'>Etsi</span> <span class='ocrx_word' id='word_1_168' title='bbox 863 1696 958 1764; x_wconf 91' lang='lat' dir='ltr'>euim</span> <span class='ocrx_word' id='word_1_169' title='bbox 980 1717 1067 1765; x_wconf 91' lang='lat' dir='ltr'>con·</span> <span class='ocrx_word' id='word_1_170' title='bbox 1117 1691 1351 1762; x_wconf 89' lang='lat' dir='ltr'>admiratione</span> <span class='ocrx_word' id='word_1_171' title='bbox 1366 1690 1434 1781; x_wconf 88' lang='lat' dir='ltr'>legi</span> <span class='ocrx_word' id='word_1_172' title='bbox 1449 1691 1595 1782; x_wconf 84' lang='lat' dir='ltr'>possint.</span> <span class='ocrx_word' id='word_1_173' title='bbox 1636 1690 1743 1779; x_wconf 88' lang='lat' dir='ltr'>Quod</span> <span class='ocrx_word' id='word_1_174' title='bbox 1761 1703 1878 1762; x_wconf 89' lang='lat' dir='ltr'>autem</span> <span class='ocrx_word' id='word_1_175' title='bbox 1894 1691 1934 1758; x_wconf 94' lang='lat' dir='ltr'>in</span> <span class='ocrx_word' id='word_1_176' title='bbox 1950 1689 2106 1779; x_wconf 88' lang='lat' dir='ltr'>vulgari·</span> 
     </span>
     <span class='ocr_line' id='line_1_15' title="bbox 78 1789 2105 1886; baseline -0.002 -23"><span class='ocrx_word' id='word_1_177' title='bbox 78 1806 212 1883; x_wconf 81' lang='lat' dir='ltr'>gruunt</span> <span class='ocrx_word' id='word_1_178' title='bbox 234 1789 454 1884; x_wconf 90' lang='lat' dir='ltr'>Prophetae,</span> <span class='ocrx_word' id='word_1_179' title='bbox 479 1807 516 1865; x_wconf 90' lang='lat' dir='ltr'>et</span> <span class='ocrx_word' id='word_1_180' title='bbox 536 1796 725 1868; x_wconf 90' lang='lat' dir='ltr'>conciones</span> <span class='ocrx_word' id='word_1_181' title='bbox 749 1796 816 1866; x_wconf 84' lang='lat' dir='ltr'>lilii</span> <span class='ocrx_word' id='word_1_182' title='bbox 830 1796 897 1867; x_wconf 87' lang='lat' dir='ltr'>Dei</span> <span class='ocrx_word' id='word_1_183' title='bbox 919 1810 953 1866; x_wconf 92' lang='lat' dir='ltr'>et</span> <span class='ocrx_word' id='word_1_184' title='bbox 967 1794 1068 1886; x_wconf 83' lang='lat' dir='ltr'>Apo-</span> <span class='ocrx_word' id='word_1_185' title='bbox 1116 1794 1184 1864; x_wconf 81' lang='lat' dir='ltr'>bus</span> <span class='ocrx_word' id='word_1_186' title='bbox 1220 1791 1571 1882; x_wconf 86' lang='lat' dir='ltr'>interpretationibus</span> <span class='ocrx_word' id='word_1_187' title='bbox 1604 1792 1786 1862; x_wconf 88' lang='lat' dir='ltr'>interdum</span> <span class='ocrx_word' id='word_1_188' title='bbox 1817 1791 1991 1860; x_wconf 86' lang='lat' dir='ltr'>sermonis</span> <span class='ocrx_word' id='word_1_189' title='bbox 2018 1791 2105 1861; x_wconf 90' lang='lat' dir='ltr'>vitia</span> 
     </span>
     <span class='ocr_line' id='line_1_16' title="bbox 79 1889 2106 1990; baseline -0.001 -28"><span class='ocrx_word' id='word_1_190' title='bbox 79 1896 271 1979; x_wconf 89' lang='lat' dir='ltr'>stolorum,</span> <span class='ocrx_word' id='word_1_191' title='bbox 316 1907 436 1965; x_wconf 72' lang='lat' dir='ltr'>menen</span> <span class='ocrx_word' id='word_1_192' title='bbox 466 1889 533 1967; x_wconf 82' lang='lat' dir='ltr'>hae</span> <span class='ocrx_word' id='word_1_193' title='bbox 561 1912 646 1968; x_wconf 90' lang='lat' dir='ltr'>sunt</span> <span class='ocrx_word' id='word_1_194' title='bbox 672 1899 869 1990; x_wconf 90' lang='lat' dir='ltr'>planiores,</span> <span class='ocrx_word' id='word_1_195' title='bbox 917 1909 952 1967; x_wconf 92' lang='lat' dir='ltr'>et</span> <span class='ocrx_word' id='word_1_196' title='bbox 981 1890 1068 1965; x_wconf 92' lang='lat' dir='ltr'>hinc</span> <span class='ocrx_word' id='word_1_197' title='bbox 1117 1907 1211 1979; x_wconf 92' lang='lat' dir='ltr'>sunt,</span> <span class='ocrx_word' id='word_1_198' title='bbox 1236 1905 1273 1963; x_wconf 92' lang='lat' dir='ltr'>et</span> <span class='ocrx_word' id='word_1_199' title='bbox 1285 1893 1389 1984; x_wconf 90' lang='lat' dir='ltr'>pauci</span> <span class='ocrx_word' id='word_1_200' title='bbox 1401 1894 1530 1982; x_wconf 82' lang='lat' dir='ltr'>figuras</span> <span class='ocrx_word' id='word_1_201' title='bbox 1544 1905 1578 1962; x_wconf 91' lang='lat' dir='ltr'>et</span> <span class='ocrx_word' id='word_1_202' title='bbox 1592 1906 1800 1962; x_wconf 88' lang='lat' dir='ltr'>ornamenta</span> <span class='ocrx_word' id='word_1_203' title='bbox 1813 1891 2031 1981; x_wconf 86' lang='lat' dir='ltr'>intelligunt,</span> <span class='ocrx_word' id='word_1_204' title='bbox 2047 1892 2106 1960; x_wconf 84' lang='lat' dir='ltr'>ob</span> 
     </span>
     <span class='ocr_line' id='line_1_17' title="bbox 77 1990 2109 2086; baseline -0.001 -22"><span class='ocrx_word' id='word_1_205' title='bbox 77 1995 262 2066; x_wconf 86' lang='lat' dir='ltr'>doctrinae</span> <span class='ocrx_word' id='word_1_206' title='bbox 275 1990 464 2065; x_wconf 90' lang='lat' dir='ltr'>methodus</span> <span class='ocrx_word' id='word_1_207' title='bbox 479 1998 648 2067; x_wconf 86' lang='lat' dir='ltr'>sumenda</span> <span class='ocrx_word' id='word_1_208' title='bbox 665 2012 717 2068; x_wconf 92' lang='lat' dir='ltr'>est</span> <span class='ocrx_word' id='word_1_209' title='bbox 731 1995 886 2086; x_wconf 87' lang='lat' dir='ltr'>deLegis</span> <span class='ocrx_word' id='word_1_210' title='bbox 899 2009 933 2066; x_wconf 90' lang='lat' dir='ltr'>et</span> <span class='ocrx_word' id='word_1_211' title='bbox 947 1992 1068 2067; x_wconf 85' lang='lat' dir='ltr'>Evan-</span> <span class='ocrx_word' id='word_1_212' title='bbox 1118 2016 1177 2066; x_wconf 87' lang='lat' dir='ltr'>eas</span> <span class='ocrx_word' id='word_1_213' title='bbox 1191 2014 1312 2064; x_wconf 83' lang='lat' dir='ltr'>causas</span> <span class='ocrx_word' id='word_1_214' title='bbox 1332 2017 1408 2064; x_wconf 92' lang='lat' dir='ltr'>non</span> <span class='ocrx_word' id='word_1_215' title='bbox 1429 1992 1673 2064; x_wconf 83' lang='lat' dir='ltr'>existimentur</span> <span class='ocrx_word' id='word_1_216' title='bbox 1696 1992 1818 2083; x_wconf 87' lang='lat' dir='ltr'>lingua</span> <span class='ocrx_word' id='word_1_217' title='bbox 1839 1993 1957 2062; x_wconf 90' lang='lat' dir='ltr'>nativa</span> <span class='ocrx_word' id='word_1_218' title='bbox 1980 1994 2029 2064; x_wconf 91' lang='lat' dir='ltr'>ita</span> <span class='ocrx_word' id='word_1_219' title='bbox 2052 1992 2109 2061; x_wconf 91' lang='lat' dir='ltr'>lo-</span> 
     </span>
     <span class='ocr_line' id='line_1_18' title="bbox 78 2091 2107 2190; baseline -0.002 -25"><span class='ocrx_word' id='word_1_220' title='bbox 78 2096 163 2185; x_wconf 87' lang='lat' dir='ltr'>gelii</span> <span class='ocrx_word' id='word_1_221' title='bbox 192 2094 417 2180; x_wconf 88' lang='lat' dir='ltr'>discrimine,</span> <span class='ocrx_word' id='word_1_222' title='bbox 459 2099 556 2189; x_wconf 89' lang='lat' dir='ltr'>quud</span> <span class='ocrx_word' id='word_1_223' title='bbox 592 2097 656 2190; x_wconf 92' lang='lat' dir='ltr'>qui</span> <span class='ocrx_word' id='word_1_224' title='bbox 690 2121 765 2167; x_wconf 91' lang='lat' dir='ltr'>non</span> <span class='ocrx_word' id='word_1_225' title='bbox 795 2098 999 2168; x_wconf 89' lang='lat' dir='ltr'>didicerunt</span> <span class='ocrx_word' id='word_1_226' title='bbox 1026 2119 1070 2171; x_wconf 83' lang='lat' dir='ltr'>ex</span> <span class='ocrx_word' id='word_1_227' title='bbox 1118 2096 1220 2189; x_wconf 91' lang='lat' dir='ltr'>quuti</span> <span class='ocrx_word' id='word_1_228' title='bbox 1235 2118 1320 2170; x_wconf 88' lang='lat' dir='ltr'>esse.</span> <span class='ocrx_word' id='word_1_229' title='bbox 1372 2091 1419 2165; x_wconf 77' lang='lat' dir='ltr'>Et</span> <span class='ocrx_word' id='word_1_230' title='bbox 1441 2118 1531 2188; x_wconf 91' lang='lat' dir='ltr'>quae</span> <span class='ocrx_word' id='word_1_231' title='bbox 1546 2094 1617 2164; x_wconf 90' lang='lat' dir='ltr'>sint</span> <span class='ocrx_word' id='word_1_232' title='bbox 1642 2116 1761 2164; x_wconf 87' lang='lat' dir='ltr'>rerum</span> <span class='ocrx_word' id='word_1_233' title='bbox 1784 2095 1965 2186; x_wconf 91' lang='lat' dir='ltr'>pondera,</span> <span class='ocrx_word' id='word_1_234' title='bbox 1999 2117 2107 2186; x_wconf 90' lang='lat' dir='ltr'>quam</span> 
     </span>
     <span class='ocr_line' id='line_1_19' title="bbox 76 2194 2107 2290; baseline -0.001 -24"><span class='ocrx_word' id='word_1_235' title='bbox 76 2194 211 2280; x_wconf 93' lang='lat' dir='ltr'>Panlo,</span> <span class='ocrx_word' id='word_1_236' title='bbox 237 2218 383 2286; x_wconf 91' lang='lat' dir='ltr'>prorsus</span> <span class='ocrx_word' id='word_1_237' title='bbox 399 2220 500 2267; x_wconf 88' lang='lat' dir='ltr'>caeca</span> <span class='ocrx_word' id='word_1_238' title='bbox 515 2210 639 2279; x_wconf 90' lang='lat' dir='ltr'>nocte,</span> <span class='ocrx_word' id='word_1_239' title='bbox 668 2213 709 2270; x_wconf 93' lang='lat' dir='ltr'>ut</span> <span class='ocrx_word' id='word_1_240' title='bbox 724 2198 874 2279; x_wconf 89' lang='lat' dir='ltr'>dicitur,</span> <span class='ocrx_word' id='word_1_241' title='bbox 899 2199 1070 2288; x_wconf 77' lang='lat' dir='ltr'>navigant</span> <span class='ocrx_word' id='word_1_242' title='bbox 1117 2198 1272 2268; x_wconf 88' lang='lat' dir='ltr'>illustres</span> <span class='ocrx_word' id='word_1_243' title='bbox 1288 2197 1439 2285; x_wconf 86' lang='lat' dir='ltr'>figurae,</span> <span class='ocrx_word' id='word_1_244' title='bbox 1461 2219 1567 2290; x_wconf 92' lang='lat' dir='ltr'>quam</span> <span class='ocrx_word' id='word_1_245' title='bbox 1593 2197 1758 2266; x_wconf 86' lang='lat' dir='ltr'>ardentes</span> <span class='ocrx_word' id='word_1_246' title='bbox 1773 2194 1940 2281; x_wconf 85' lang='lat' dir='ltr'>affectus,</span> <span class='ocrx_word' id='word_1_247' title='bbox 1973 2207 2107 2288; x_wconf 90' lang='lat' dir='ltr'>quanta</span> 
     </span>
     <span class='ocr_line' id='line_1_20' title="bbox 77 2291 2107 2390; baseline 0 -27"><span class='ocrx_word' id='word_1_248' title='bbox 77 2296 118 2364; x_wconf 87' lang='lat' dir='ltr'>in</span> <span class='ocrx_word' id='word_1_249' title='bbox 136 2291 562 2387; x_wconf 89' lang='lat' dir='ltr'>lectioneProphetarum.</span> <span class='ocrx_word' id='word_1_250' title='bbox 614 2295 757 2369; x_wconf 81' lang='lat' dir='ltr'>Addam</span> <span class='ocrx_word' id='word_1_251' title='bbox 774 2294 903 2384; x_wconf 92' lang='lat' dir='ltr'>ethoc,</span> <span class='ocrx_word' id='word_1_252' title='bbox 929 2297 1069 2370; x_wconf 90' lang='lat' dir='ltr'>ludaeis</span> <span class='ocrx_word' id='word_1_253' title='bbox 1116 2320 1236 2369; x_wconf 87' lang='lat' dir='ltr'>rerum</span> <span class='ocrx_word' id='word_1_254' title='bbox 1252 2297 1481 2389; x_wconf 81' lang='lat' dir='ltr'>magnitudo,</span> <span class='ocrx_word' id='word_1_255' title='bbox 1501 2298 1546 2367; x_wconf 86' lang='lat' dir='ltr'>de</span> <span class='ocrx_word' id='word_1_256' title='bbox 1563 2298 1693 2390; x_wconf 92' lang='lat' dir='ltr'>quibus</span> <span class='ocrx_word' id='word_1_257' title='bbox 1708 2296 1959 2382; x_wconf 88' lang='lat' dir='ltr'>concionatur,</span> <span class='ocrx_word' id='word_1_258' title='bbox 1988 2295 2107 2367; x_wconf 88' lang='lat' dir='ltr'>consi-</span> 
     </span>
     <span class='ocr_line' id='line_1_21' title="bbox 78 2391 2153 2488; baseline 0 -23"><span class='ocrx_word' id='word_1_259' title='bbox 78 2410 115 2467; x_wconf 95' lang='lat' dir='ltr'>et</span> <span class='ocrx_word' id='word_1_260' title='bbox 130 2395 253 2466; x_wconf 90' lang='lat' dir='ltr'>multis</span> <span class='ocrx_word' id='word_1_261' title='bbox 274 2394 354 2466; x_wconf 89' lang='lat' dir='ltr'>aliis</span> <span class='ocrx_word' id='word_1_262' title='bbox 374 2400 471 2469; x_wconf 88' lang='lat' dir='ltr'>deest</span> <span class='ocrx_word' id='word_1_263' title='bbox 492 2392 666 2470; x_wconf 91' lang='lat' dir='ltr'>iudicium</span> <span class='ocrx_word' id='word_1_264' title='bbox 688 2401 733 2470; x_wconf 91' lang='lat' dir='ltr'>de</span> <span class='ocrx_word' id='word_1_265' title='bbox 755 2400 894 2472; x_wconf 88' lang='lat' dir='ltr'>ratione</span> <span class='ocrx_word' id='word_1_266' title='bbox 916 2399 1070 2486; x_wconf 89' lang='lat' dir='ltr'>dicendi,</span> <span class='ocrx_word' id='word_1_267' title='bbox 1117 2401 1315 2470; x_wconf 89' lang='lat' dir='ltr'>derandum</span> <span class='ocrx_word' id='word_1_268' title='bbox 1332 2413 1392 2470; x_wconf 81' lang='lat' dir='ltr'>est</span> <span class='ocrx_word' id='word_1_269' title='bbox 1425 2396 1570 2488; x_wconf 89' lang='lat' dir='ltr'>Regunt</span> <span class='ocrx_word' id='word_1_270' title='bbox 1584 2421 1665 2468; x_wconf 90' lang='lat' dir='ltr'>suas</span> <span class='ocrx_word' id='word_1_271' title='bbox 1679 2391 2108 2468; x_wconf 86' lang='lat' dir='ltr'>civitatesDemosthenes</span> <span class='ocrx_word' id='word_1_272' title='bbox 2148 2453 2153 2459; x_wconf 93' lang='lat'>.</span> 
     </span>
     <span class='ocr_line' id='line_1_22' title="bbox 79 2490 2107 2594; baseline -0 -28"><span class='ocrx_word' id='word_1_273' title='bbox 79 2490 175 2590; x_wconf 88' lang='lat' dir='ltr'>quod</span> <span class='ocrx_word' id='word_1_274' title='bbox 210 2521 316 2566; x_wconf 89' lang='lat' dir='ltr'>nemo</span> <span class='ocrx_word' id='word_1_275' title='bbox 348 2495 425 2567; x_wconf 90' lang='lat' dir='ltr'>sine</span> <span class='ocrx_word' id='word_1_276' title='bbox 455 2499 592 2572; x_wconf 88' lang='lat' dir='ltr'>cultura</span> <span class='ocrx_word' id='word_1_277' title='bbox 620 2499 756 2590; x_wconf 87' lang='lat' dir='ltr'>ingenii</span> <span class='ocrx_word' id='word_1_278' title='bbox 786 2496 917 2572; x_wconf 90' lang='lat' dir='ltr'>habere</span> <span class='ocrx_word' id='word_1_279' title='bbox 941 2514 1068 2594; x_wconf 87' lang='lat' dir='ltr'>potest,</span> <span class='ocrx_word' id='word_1_280' title='bbox 1118 2514 1152 2572; x_wconf 91' lang='lat' dir='ltr'>et</span> <span class='ocrx_word' id='word_1_281' title='bbox 1176 2499 1321 2586; x_wconf 88' lang='lat' dir='ltr'>Cicem,</span> <span class='ocrx_word' id='word_1_282' title='bbox 1359 2513 1394 2571; x_wconf 92' lang='lat' dir='ltr'>et</span> <span class='ocrx_word' id='word_1_283' title='bbox 1420 2522 1542 2569; x_wconf 86' lang='lat' dir='ltr'>earum</span> <span class='ocrx_word' id='word_1_284' title='bbox 1576 2498 1834 2588; x_wconf 88' lang='lat' dir='ltr'>gubernatione</span> <span class='ocrx_word' id='word_1_285' title='bbox 1866 2499 2107 2591; x_wconf 88' lang='lat' dir='ltr'>eloquentiam</span> 
     </span>
     <span class='ocr_line' id='line_1_23' title="bbox 78 2593 2108 2693; baseline 0 -27"><span class='ocrx_word' id='word_1_286' title='bbox 78 2593 147 2668; x_wconf 92' lang='lat' dir='ltr'>hoc</span> <span class='ocrx_word' id='word_1_287' title='bbox 162 2611 230 2682; x_wconf 90' lang='lat' dir='ltr'>est,</span> <span class='ocrx_word' id='word_1_288' title='bbox 250 2598 326 2668; x_wconf 91' lang='lat' dir='ltr'>sine</span> <span class='ocrx_word' id='word_1_289' title='bbox 338 2621 406 2670; x_wconf 88' lang='lat' dir='ltr'>usu</span> <span class='ocrx_word' id='word_1_290' title='bbox 421 2599 621 2672; x_wconf 90' lang='lat' dir='ltr'>dialectices</span> <span class='ocrx_word' id='word_1_291' title='bbox 640 2615 675 2672; x_wconf 91' lang='lat' dir='ltr'>et</span> <span class='ocrx_word' id='word_1_292' title='bbox 689 2597 900 2688; x_wconf 88' lang='lat' dir='ltr'>rhetorices,</span> <span class='ocrx_word' id='word_1_293' title='bbox 933 2617 968 2672; x_wconf 90' lang='lat' dir='ltr'>et</span> <span class='ocrx_word' id='word_1_294' title='bbox 992 2602 1069 2672; x_wconf 88' lang='lat' dir='ltr'>sine</span> <span class='ocrx_word' id='word_1_295' title='bbox 1117 2624 1217 2672; x_wconf 88' lang='lat' dir='ltr'>suam</span> <span class='ocrx_word' id='word_1_296' title='bbox 1236 2613 1466 2686; x_wconf 88' lang='lat' dir='ltr'>consumunt,</span> <span class='ocrx_word' id='word_1_297' title='bbox 1498 2624 1606 2693; x_wconf 71' lang='lat' dir='ltr'>qiam</span> <span class='ocrx_word' id='word_1_298' title='bbox 1621 2622 1694 2670; x_wconf 90' lang='lat' dir='ltr'>esse</span> <span class='ocrx_word' id='word_1_299' title='bbox 1708 2600 1873 2669; x_wconf 81' lang='lat' dir='ltr'>refertam</span> <span class='ocrx_word' id='word_1_300' title='bbox 1890 2598 2032 2690; x_wconf 89' lang='lat' dir='ltr'>politica</span> <span class='ocrx_word' id='word_1_301' title='bbox 2050 2621 2108 2667; x_wconf 89' lang='lat' dir='ltr'>sa-</span> 
     </span>
     <span class='ocr_line' id='line_1_24' title="bbox 78 2699 2107 2794; baseline 0 -26"><span class='ocrx_word' id='word_1_302' title='bbox 78 2699 253 2769; x_wconf 85' lang='lat' dir='ltr'>exercitiis</span> <span class='ocrx_word' id='word_1_303' title='bbox 270 2699 497 2774; x_wconf 88' lang='lat' dir='ltr'>scribendiet</span> <span class='ocrx_word' id='word_1_304' title='bbox 511 2701 664 2776; x_wconf 91' lang='lat' dir='ltr'>dicendi.</span> <span class='ocrx_word' id='word_1_305' title='bbox 698 2701 754 2776; x_wconf 80' lang='lat' dir='ltr'>Sit</span> <span class='ocrx_word' id='word_1_306' title='bbox 769 2704 879 2794; x_wconf 93' lang='lat' dir='ltr'>igitur</span> <span class='ocrx_word' id='word_1_307' title='bbox 890 2703 929 2773; x_wconf 92' lang='lat' dir='ltr'>in</span> <span class='ocrx_word' id='word_1_308' title='bbox 945 2703 1070 2774; x_wconf 90' lang='lat' dir='ltr'>lectio-</span> <span class='ocrx_word' id='word_1_309' title='bbox 1118 2701 1272 2794; x_wconf 65' lang='lat' dir='ltr'>pintia,</span> <span class='ocrx_word' id='word_1_310' title='bbox 1295 2715 1504 2773; x_wconf 92' lang='lat' dir='ltr'>etornatam</span> <span class='ocrx_word' id='word_1_311' title='bbox 1519 2700 1684 2771; x_wconf 87' lang='lat' dir='ltr'>mirando</span> <span class='ocrx_word' id='word_1_312' title='bbox 1699 2699 1888 2790; x_wconf 90' lang='lat' dir='ltr'>splendore</span> <span class='ocrx_word' id='word_1_313' title='bbox 1904 2700 2107 2782; x_wconf 90' lang='lat' dir='ltr'>verborum,</span> 
     </span>
     <span class='ocr_line' id='line_1_25' title="bbox 79 2796 2106 2894; baseline 0 -27"><span class='ocrx_word' id='word_1_314' title='bbox 79 2825 126 2868; x_wconf 88' lang='lat' dir='ltr'>ne</span> <span class='ocrx_word' id='word_1_315' title='bbox 142 2796 402 2890; x_wconf 88' lang='lat' dir='ltr'>Prophetarum</span> <span class='ocrx_word' id='word_1_316' title='bbox 420 2802 585 2873; x_wconf 88' lang='lat' dir='ltr'>voluntas</span> <span class='ocrx_word' id='word_1_317' title='bbox 599 2812 724 2873; x_wconf 84' lang='lat' dir='ltr'>amans</span> <span class='ocrx_word' id='word_1_318' title='bbox 742 2805 923 2890; x_wconf 84' lang='lat' dir='ltr'>veritatis,</span> <span class='ocrx_word' id='word_1_319' title='bbox 946 2819 980 2875; x_wconf 92' lang='lat' dir='ltr'>et</span> <span class='ocrx_word' id='word_1_320' title='bbox 995 2804 1069 2874; x_wconf 89' lang='lat' dir='ltr'>ini·</span> <span class='ocrx_word' id='word_1_321' title='bbox 1118 2828 1174 2873; x_wconf 90' lang='lat' dir='ltr'>res</span> <span class='ocrx_word' id='word_1_322' title='bbox 1188 2804 1264 2894; x_wconf 89' lang='lat' dir='ltr'>ipsa</span> <span class='ocrx_word' id='word_1_323' title='bbox 1277 2805 1442 2873; x_wconf 87' lang='lat' dir='ltr'>ostendit.</span> <span class='ocrx_word' id='word_1_324' title='bbox 1470 2801 1540 2874; x_wconf 87' lang='lat' dir='ltr'>Sed</span> <span class='ocrx_word' id='word_1_325' title='bbox 1549 2798 1872 2872; x_wconf 85' lang='lat' dir='ltr'>EsaiasEcclesiam</span> <span class='ocrx_word' id='word_1_326' title='bbox 1885 2813 1921 2872; x_wconf 89' lang='lat' dir='ltr'>et</span> <span class='ocrx_word' id='word_1_327' title='bbox 1928 2797 2106 2870; x_wconf 83' lang='lat' dir='ltr'>Ecclesiae</span> 
     </span>
     <span class='ocr_line' id='line_1_26' title="bbox 78 2898 2108 3000; baseline -0.001 -30"><span class='ocrx_word' id='word_1_328' title='bbox 78 2900 170 2970; x_wconf 90' lang='lat' dir='ltr'>mica</span> <span class='ocrx_word' id='word_1_329' title='bbox 194 2898 417 3000; x_wconf 81' lang='lat' dir='ltr'>sophisticae.</span> <span class='ocrx_word' id='word_1_330' title='bbox 476 2902 531 2973; x_wconf 90' lang='lat' dir='ltr'>Sit</span> <span class='ocrx_word' id='word_1_331' title='bbox 555 2924 655 2971; x_wconf 91' lang='lat' dir='ltr'>mens</span> <span class='ocrx_word' id='word_1_332' title='bbox 675 2917 767 2972; x_wconf 91' lang='lat' dir='ltr'>recte</span> <span class='ocrx_word' id='word_1_333' title='bbox 788 2905 924 2974; x_wconf 91' lang='lat' dir='ltr'>imbuta</span> <span class='ocrx_word' id='word_1_334' title='bbox 945 2906 1069 2996; x_wconf 85' lang='lat' dir='ltr'>primis</span> <span class='ocrx_word' id='word_1_335' title='bbox 1118 2903 1338 2975; x_wconf 90' lang='lat' dir='ltr'>domicilium</span> <span class='ocrx_word' id='word_1_336' title='bbox 1355 2905 1462 2993; x_wconf 86' lang='lat' dir='ltr'>regit:</span> <span class='ocrx_word' id='word_1_337' title='bbox 1483 2916 1758 2972; x_wconf 89' lang='lat' dir='ltr'>etnontantum</span> <span class='ocrx_word' id='word_1_338' title='bbox 1773 2898 2108 2972; x_wconf 89' lang='lat' dir='ltr'>humanomorede</span> 
     </span>
     <span class='ocr_line' id='line_1_27' title="bbox 80 3000 2106 3098; baseline -0 -27"><span class='ocrx_word' id='word_1_339' title='bbox 80 3003 263 3072; x_wconf 90' lang='lat' dir='ltr'>elementis</span> <span class='ocrx_word' id='word_1_340' title='bbox 286 3001 468 3070; x_wconf 90' lang='lat' dir='ltr'>doctrinae</span> <span class='ocrx_word' id='word_1_341' title='bbox 493 3000 763 3085; x_wconf 90' lang='lat' dir='ltr'>ecclesiasticae,</span> <span class='ocrx_word' id='word_1_342' title='bbox 801 3003 941 3074; x_wconf 89' lang='lat' dir='ltr'>sitnon</span> <span class='ocrx_word' id='word_1_343' title='bbox 970 3006 1075 3074; x_wconf 85' lang='lat' dir='ltr'>rudis-</span> <span class='ocrx_word' id='word_1_344' title='bbox 1117 3005 1262 3098; x_wconf 90' lang='lat' dir='ltr'>politica</span> <span class='ocrx_word' id='word_1_345' title='bbox 1278 3004 1461 3096; x_wconf 86' lang='lat' dir='ltr'>sapientia,</span> <span class='ocrx_word' id='word_1_346' title='bbox 1485 3006 1531 3072; x_wconf 93' lang='lat' dir='ltr'>de</span> <span class='ocrx_word' id='word_1_347' title='bbox 1550 3003 1652 3072; x_wconf 91' lang='lat' dir='ltr'>bellis</span> <span class='ocrx_word' id='word_1_348' title='bbox 1666 3003 1851 3072; x_wconf 89' lang='lat' dir='ltr'>movendis</span> <span class='ocrx_word' id='word_1_349' title='bbox 1866 3016 1927 3073; x_wconf 89' lang='lat' dir='ltr'>aut</span> <span class='ocrx_word' id='word_1_350' title='bbox 1942 3002 2106 3091; x_wconf 90' lang='lat' dir='ltr'>gerendis</span> 
     </span>
     <span class='ocr_line' id='line_1_28' title="bbox 79 3097 2106 3188; baseline 0 -17"><span class='ocrx_word' id='word_1_351' title='bbox 79 3103 325 3172; x_wconf 89' lang='lat' dir='ltr'>communium</span> <span class='ocrx_word' id='word_1_352' title='bbox 354 3101 552 3170; x_wconf 88' lang='lat' dir='ltr'>literarum.</span> <span class='ocrx_word' id='word_1_353' title='bbox 615 3101 671 3170; x_wconf 79' lang='lat' dir='ltr'>Ad</span> <span class='ocrx_word' id='word_1_354' title='bbox 704 3097 790 3172; x_wconf 89' lang='lat' dir='ltr'>haec</span> <span class='ocrx_word' id='word_1_355' title='bbox 811 3103 841 3172; x_wconf 94' lang='lat' dir='ltr'>si</span> <span class='ocrx_word' id='word_1_356' title='bbox 866 3104 1068 3175; x_wconf 86' lang='lat' dir='ltr'>adiunxerit</span> <span class='ocrx_word' id='word_1_357' title='bbox 1117 3105 1366 3177; x_wconf 84' lang='lat' dir='ltr'>concionatur:</span> <span class='ocrx_word' id='word_1_358' title='bbox 1400 3106 1461 3174; x_wconf 89' lang='lat' dir='ltr'>sed</span> <span class='ocrx_word' id='word_1_359' title='bbox 1478 3106 1522 3174; x_wconf 89' lang='lat' dir='ltr'>de</span> <span class='ocrx_word' id='word_1_360' title='bbox 1538 3100 1607 3174; x_wconf 88' lang='lat' dir='ltr'>Dei</span> <span class='ocrx_word' id='word_1_361' title='bbox 1624 3104 1824 3188; x_wconf 89' lang='lat' dir='ltr'>voluntate,</span> <span class='ocrx_word' id='word_1_362' title='bbox 1854 3107 1899 3175; x_wconf 94' lang='lat' dir='ltr'>de</span> <span class='ocrx_word' id='word_1_363' title='bbox 1921 3103 2106 3174; x_wconf 88' lang='lat' dir='ltr'>toleranda</span> 
     </span>
     <span class='ocr_line' id='line_1_29' title="bbox 78 3196 2107 3300; baseline 0 -29"><span class='ocrx_word' id='word_1_364' title='bbox 78 3202 238 3290; x_wconf 85' lang='lat' dir='ltr'>linguam</span> <span class='ocrx_word' id='word_1_365' title='bbox 247 3196 447 3299; x_wconf 87' lang='lat' dir='ltr'>Ebraicam,</span> <span class='ocrx_word' id='word_1_366' title='bbox 466 3200 714 3273; x_wconf 70' lang='lat' dir='ltr'>multo‘verius</span> <span class='ocrx_word' id='word_1_367' title='bbox 726 3217 760 3272; x_wconf 90' lang='lat' dir='ltr'>et</span> <span class='ocrx_word' id='word_1_368' title='bbox 774 3204 950 3274; x_wconf 81' lang='lat' dir='ltr'>dexterius</span> <span class='ocrx_word' id='word_1_369' title='bbox 965 3228 1070 3275; x_wconf 88' lang='lat' dir='ltr'>euar-</span> <span class='ocrx_word' id='word_1_370' title='bbox 1117 3205 1306 3278; x_wconf 89' lang='lat' dir='ltr'>obsidione</span> <span class='ocrx_word' id='word_1_371' title='bbox 1318 3207 1464 3298; x_wconf 87' lang='lat' dir='ltr'>propter</span> <span class='ocrx_word' id='word_1_372' title='bbox 1478 3205 1756 3300; x_wconf 86' lang='lat' dir='ltr'>expectationem</span> <span class='ocrx_word' id='word_1_373' title='bbox 1770 3204 1886 3274; x_wconf 89' lang='lat' dir='ltr'>divini</span> <span class='ocrx_word' id='word_1_374' title='bbox 1901 3202 2036 3287; x_wconf 81' lang='lat' dir='ltr'>auxilii,</span> <span class='ocrx_word' id='word_1_375' title='bbox 2061 3204 2107 3272; x_wconf 91' lang='lat' dir='ltr'>de</span> 
     </span>
     <span class='ocr_line' id='line_1_30' title="bbox 79 3295 2107 3396; baseline 0.001 -25"><span class='ocrx_word' id='word_1_376' title='bbox 79 3302 176 3371; x_wconf 91' lang='lat' dir='ltr'>rabit</span> <span class='ocrx_word' id='word_1_377' title='bbox 187 3295 403 3391; x_wconf 89' lang='lat' dir='ltr'>Prophetas,</span> <span class='ocrx_word' id='word_1_378' title='bbox 430 3325 537 3394; x_wconf 87' lang='lat' dir='ltr'>quarn</span> <span class='ocrx_word' id='word_1_379' title='bbox 554 3300 616 3370; x_wconf 87' lang='lat' dir='ltr'>alii</span> <span class='ocrx_word' id='word_1_380' title='bbox 631 3302 745 3393; x_wconf 89' lang='lat' dir='ltr'>ignari</span> <span class='ocrx_word' id='word_1_381' title='bbox 762 3304 915 3395; x_wconf 86' lang='lat' dir='ltr'>linguae.</span> <span class='ocrx_word' id='word_1_382' title='bbox 1118 3305 1271 3376; x_wconf 85' lang='lat' dir='ltr'>vitandis</span> <span class='ocrx_word' id='word_1_383' title='bbox 1286 3306 1491 3376; x_wconf 85' lang='lat' dir='ltr'>foederibus</span> <span class='ocrx_word' id='word_1_384' title='bbox 1504 3328 1584 3375; x_wconf 89' lang='lat' dir='ltr'>eum</span> <span class='ocrx_word' id='word_1_385' title='bbox 1600 3305 1720 3396; x_wconf 90' lang='lat' dir='ltr'>impiis</span> <span class='ocrx_word' id='word_1_386' title='bbox 1740 3305 1899 3395; x_wconf 89' lang='lat' dir='ltr'>regibus,</span> <span class='ocrx_word' id='word_1_387' title='bbox 1930 3306 1974 3375; x_wconf 93' lang='lat' dir='ltr'>de</span> <span class='ocrx_word' id='word_1_388' title='bbox 1991 3303 2107 3374; x_wconf 88' lang='lat' dir='ltr'>ruinis</span> 
     </span>
    </p>

    <p class='ocr_par' dir='ltr' id='par_1_4' title="bbox 64 3399 2119 5318">
     <span class='ocr_line' id='line_1_31' title="bbox 183 3399 2108 3498; baseline 0.002 -27"><span class='ocrx_word' id='word_1_389' title='bbox 183 3399 280 3471; x_wconf 88' lang='lat' dir='ltr'>Haec</span> <span class='ocrx_word' id='word_1_390' title='bbox 310 3402 354 3471; x_wconf 89' lang='lat' dir='ltr'>de</span> <span class='ocrx_word' id='word_1_391' title='bbox 376 3403 580 3475; x_wconf 87' lang='lat' dir='ltr'>necessitate</span> <span class='ocrx_word' id='word_1_392' title='bbox 601 3404 729 3474; x_wconf 81' lang='lat' dir='ltr'>dixisse</span> <span class='ocrx_word' id='word_1_393' title='bbox 750 3406 834 3477; x_wconf 87' lang='lat' dir='ltr'>satis</span> <span class='ocrx_word' id='word_1_394' title='bbox 855 3406 912 3480; x_wconf 92' lang='lat' dir='ltr'>sit.</span> <span class='ocrx_word' id='word_1_395' title='bbox 963 3405 1068 3477; x_wconf 90' lang='lat' dir='ltr'>Nunc</span> <span class='ocrx_word' id='word_1_396' title='bbox 1116 3405 1351 3477; x_wconf 83' lang='lat' dir='ltr'>maximorum</span> <span class='ocrx_word' id='word_1_397' title='bbox 1377 3406 1608 3498; x_wconf 89' lang='lat' dir='ltr'>imperiorum</span> <span class='ocrx_word' id='word_1_398' title='bbox 1622 3400 1805 3477; x_wconf 86' lang='lat' dir='ltr'>Chaldaici</span> <span class='ocrx_word' id='word_1_399' title='bbox 1831 3420 1866 3478; x_wconf 90' lang='lat' dir='ltr'>et</span> <span class='ocrx_word' id='word_1_400' title='bbox 1884 3404 2039 3489; x_wconf 87' lang='lat' dir='ltr'>Persici,</span> <span class='ocrx_word' id='word_1_401' title='bbox 2072 3419 2108 3475; x_wconf 89' lang='lat' dir='ltr'>et</span> 
     </span>
     <span class='ocr_line' id='line_1_32' title="bbox 64 3496 2106 3601; baseline 0.002 -30"><span class='ocrx_word' id='word_1_402' title='bbox 64 3496 191 3594; x_wconf 79' lang='lat' dir='ltr'>pauca</span> <span class='ocrx_word' id='word_1_403' title='bbox 217 3502 346 3571; x_wconf 89' lang='lat' dir='ltr'>addam</span> <span class='ocrx_word' id='word_1_404' title='bbox 372 3503 418 3570; x_wconf 88' lang='lat' dir='ltr'>de</span> <span class='ocrx_word' id='word_1_405' title='bbox 439 3497 598 3575; x_wconf 90' lang='lat' dir='ltr'>historiis</span> <span class='ocrx_word' id='word_1_406' title='bbox 630 3520 664 3575; x_wconf 91' lang='lat' dir='ltr'>et</span> <span class='ocrx_word' id='word_1_407' title='bbox 687 3507 732 3575; x_wconf 91' lang='lat' dir='ltr'>de</span> <span class='ocrx_word' id='word_1_408' title='bbox 752 3507 956 3601; x_wconf 85' lang='lat' dir='ltr'>eloquentia</span> <span class='ocrx_word' id='word_1_409' title='bbox 978 3504 1069 3578; x_wconf 89' lang='lat' dir='ltr'>Pro-</span> <span class='ocrx_word' id='word_1_410' title='bbox 1118 3509 1162 3578; x_wconf 87' lang='lat' dir='ltr'>de</span> <span class='ocrx_word' id='word_1_411' title='bbox 1184 3507 1344 3579; x_wconf 87' lang='lat' dir='ltr'>venturis</span> <span class='ocrx_word' id='word_1_412' title='bbox 1368 3507 1406 3577; x_wconf 93' lang='lat' dir='ltr'>in</span> <span class='ocrx_word' id='word_1_413' title='bbox 1424 3505 1546 3577; x_wconf 88' lang='lat' dir='ltr'>Asiam</span> <span class='ocrx_word' id='word_1_414' title='bbox 1563 3505 1839 3592; x_wconf 86' lang='lat' dir='ltr'>Macedonibus,</span> <span class='ocrx_word' id='word_1_415' title='bbox 1872 3507 1917 3577; x_wconf 91' lang='lat' dir='ltr'>de</span> <span class='ocrx_word' id='word_1_416' title='bbox 1939 3528 2106 3575; x_wconf 90' lang='lat' dir='ltr'>mansura</span> 
     </span>
     <span class='ocr_line' id='line_1_33' title="bbox 79 3600 2107 3700; baseline 0.002 -27"><span class='ocrx_word' id='word_1_417' title='bbox 79 3600 279 3694; x_wconf 88' lang='lat' dir='ltr'>phetarum.</span> <span class='ocrx_word' id='word_1_418' title='bbox 306 3612 309 3617; x_wconf 87' lang='lat'>&#39;</span> <span class='ocrx_word' id='word_1_419' title='bbox 341 3600 515 3693; x_wconf 88' lang='lat' dir='ltr'>Magnum</span> <span class='ocrx_word' id='word_1_420' title='bbox 538 3605 673 3674; x_wconf 91' lang='lat' dir='ltr'>donum</span> <span class='ocrx_word' id='word_1_421' title='bbox 697 3604 765 3675; x_wconf 90' lang='lat' dir='ltr'>Dei</span> <span class='ocrx_word' id='word_1_422' title='bbox 787 3605 860 3691; x_wconf 72' lang='lat' dir='ltr'>est&#39;,</span> <span class='ocrx_word' id='word_1_423' title='bbox 900 3611 997 3700; x_wconf 92' lang='lat' dir='ltr'>quod</span> <span class='ocrx_word' id='word_1_424' title='bbox 1029 3609 1076 3679; x_wconf 90' lang='lat' dir='ltr'>in.</span> <span class='ocrx_word' id='word_1_425' title='bbox 1117 3603 1277 3679; x_wconf 88' lang='lat' dir='ltr'>Ecclesia</span> <span class='ocrx_word' id='word_1_426' title='bbox 1287 3607 1374 3692; x_wconf 87' lang='lat' dir='ltr'>Dei,</span> <span class='ocrx_word' id='word_1_427' title='bbox 1399 3621 1432 3676; x_wconf 90' lang='lat' dir='ltr'>et</span> <span class='ocrx_word' id='word_1_428' title='bbox 1448 3611 1493 3676; x_wconf 89' lang='lat' dir='ltr'>de</span> <span class='ocrx_word' id='word_1_429' title='bbox 1507 3618 1658 3676; x_wconf 91' lang='lat' dir='ltr'>venturo</span> <span class='ocrx_word' id='word_1_430' title='bbox 1675 3606 1866 3678; x_wconf 87' lang='lat' dir='ltr'>liberatore</span> <span class='ocrx_word' id='word_1_431' title='bbox 1882 3608 2019 3697; x_wconf 90' lang='lat' dir='ltr'>generis</span> <span class='ocrx_word' id='word_1_432' title='bbox 2036 3601 2107 3677; x_wconf 91' lang='lat' dir='ltr'>hu·</span> 
     </span>
     <span class='ocr_line' id='line_1_34' title="bbox 79 3698 2106 3802; baseline 0.001 -27"><span class='ocrx_word' id='word_1_433' title='bbox 79 3698 237 3775; x_wconf 82' lang='lat' dir='ltr'>Ecclesia</span> <span class='ocrx_word' id='word_1_434' title='bbox 262 3716 355 3774; x_wconf 84' lang='lat' dir='ltr'>extat</span> <span class='ocrx_word' id='word_1_435' title='bbox 377 3704 547 3775; x_wconf 87' lang='lat' dir='ltr'>contiuua</span> <span class='ocrx_word' id='word_1_436' title='bbox 569 3700 717 3776; x_wconf 90' lang='lat' dir='ltr'>historia</span> <span class='ocrx_word' id='word_1_437' title='bbox 747 3707 909 3776; x_wconf 91' lang='lat' dir='ltr'>omnium</span> <span class='ocrx_word' id='word_1_438' title='bbox 941 3708 1067 3777; x_wconf 91' lang='lat' dir='ltr'>mundi</span> <span class='ocrx_word' id='word_1_439' title='bbox 1119 3707 1234 3792; x_wconf 89' lang='lat' dir='ltr'>mani,</span> <span class='ocrx_word' id='word_1_440' title='bbox 1259 3721 1295 3779; x_wconf 91' lang='lat' dir='ltr'>et</span> <span class='ocrx_word' id='word_1_441' title='bbox 1317 3709 1467 3799; x_wconf 90' lang='lat' dir='ltr'>posteris</span> <span class='ocrx_word' id='word_1_442' title='bbox 1481 3703 1598 3775; x_wconf 87' lang='lat' dir='ltr'>David</span> <span class='ocrx_word' id='word_1_443' title='bbox 1625 3706 1720 3778; x_wconf 84' lang='lat' dir='ltr'>iuxta</span> <span class='ocrx_word' id='word_1_444' title='bbox 1748 3707 2035 3802; x_wconf 86' lang='lat' dir='ltr'>promissionem,</span> <span class='ocrx_word' id='word_1_445' title='bbox 2062 3711 2106 3777; x_wconf 93' lang='lat' dir='ltr'>de</span> 
     </span>
     <span class='ocr_line' id='line_1_35' title="bbox 82 3798 2105 3899; baseline 0 -24"><span class='ocrx_word' id='word_1_446' title='bbox 82 3821 299 3899; x_wconf 87' lang='lat' dir='ltr'>temporum,</span> <span class='ocrx_word' id='word_1_447' title='bbox 324 3829 400 3874; x_wconf 92' lang='lat' dir='ltr'>nou</span> <span class='ocrx_word' id='word_1_448' title='bbox 419 3798 617 3898; x_wconf 83' lang='lat' dir='ltr'>interrupta</span> <span class='ocrx_word' id='word_1_449' title='bbox 633 3829 745 3899; x_wconf 91' lang='lat' dir='ltr'>usque</span> <span class='ocrx_word' id='word_1_450' title='bbox 763 3809 808 3876; x_wconf 92' lang='lat' dir='ltr'>ad</span> <span class='ocrx_word' id='word_1_451' title='bbox 823 3803 1068 3878; x_wconf 88' lang='lat' dir='ltr'>monarchiam</span> <span class='ocrx_word' id='word_1_452' title='bbox 1119 3807 1268 3879; x_wconf 88' lang='lat' dir='ltr'>mortuis</span> <span class='ocrx_word' id='word_1_453' title='bbox 1283 3808 1320 3876; x_wconf 92' lang='lat' dir='ltr'>in</span> <span class='ocrx_word' id='word_1_454' title='bbox 1337 3808 1445 3878; x_wconf 86' lang='lat' dir='ltr'>vitam</span> <span class='ocrx_word' id='word_1_455' title='bbox 1460 3807 1687 3892; x_wconf 88' lang='lat' dir='ltr'>revocandis,</span> <span class='ocrx_word' id='word_1_456' title='bbox 1719 3809 1763 3877; x_wconf 96' lang='lat' dir='ltr'>de</span> <span class='ocrx_word' id='word_1_457' title='bbox 1779 3831 1861 3878; x_wconf 87' lang='lat' dir='ltr'>vera</span> <span class='ocrx_word' id='word_1_458' title='bbox 1875 3805 1942 3877; x_wconf 90' lang='lat' dir='ltr'>Dei</span> <span class='ocrx_word' id='word_1_459' title='bbox 1961 3810 2105 3877; x_wconf 90' lang='lat' dir='ltr'>invoca-</span> 
     </span>
     <span class='ocr_line' id='line_1_36' title="bbox 80 3902 2107 4002; baseline 0.001 -26"><span class='ocrx_word' id='word_1_460' title='bbox 80 3906 269 3980; x_wconf 87' lang='lat' dir='ltr'>Persicam.</span> <span class='ocrx_word' id='word_1_461' title='bbox 320 3902 374 3975; x_wconf 87' lang='lat' dir='ltr'>Ac</span> <span class='ocrx_word' id='word_1_462' title='bbox 396 3930 442 3975; x_wconf 90' lang='lat' dir='ltr'>ne</span> <span class='ocrx_word' id='word_1_463' title='bbox 466 3906 586 3996; x_wconf 87' lang='lat' dir='ltr'>ignota</span> <span class='ocrx_word' id='word_1_464' title='bbox 609 3921 697 3978; x_wconf 91' lang='lat' dir='ltr'>esset</span> <span class='ocrx_word' id='word_1_465' title='bbox 721 3906 828 3979; x_wconf 87' lang='lat' dir='ltr'>series</span> <span class='ocrx_word' id='word_1_466' title='bbox 845 3909 1069 4002; x_wconf 89' lang='lat' dir='ltr'>sequentium</span> <span class='ocrx_word' id='word_1_467' title='bbox 1118 3907 1234 3992; x_wconf 75' lang='lat' dir='ltr'>done,</span> <span class='ocrx_word' id='word_1_468' title='bbox 1259 3910 1304 3979; x_wconf 91' lang='lat' dir='ltr'>de</span> <span class='ocrx_word' id='word_1_469' title='bbox 1323 3909 1437 3979; x_wconf 87' lang='lat' dir='ltr'>causis</span> <span class='ocrx_word' id='word_1_470' title='bbox 1458 3919 1603 3999; x_wconf 90' lang='lat' dir='ltr'>propter</span> <span class='ocrx_word' id='word_1_471' title='bbox 1621 3931 1709 4000; x_wconf 90' lang='lat' dir='ltr'>quas</span> <span class='ocrx_word' id='word_1_472' title='bbox 1723 3908 1871 4000; x_wconf 91' lang='lat' dir='ltr'>imperia</span> <span class='ocrx_word' id='word_1_473' title='bbox 1889 3907 2107 4000; x_wconf 87' lang='lat' dir='ltr'>dissipantur</span> 
     </span>
     <span class='ocr_line' id='line_1_37' title="bbox 79 4004 2106 4097; baseline 0.001 -20"><span class='ocrx_word' id='word_1_474' title='bbox 79 4031 209 4092; x_wconf 89' lang='lat' dir='ltr'>rerum,</span> <span class='ocrx_word' id='word_1_475' title='bbox 224 4004 322 4078; x_wconf 88' lang='lat' dir='ltr'>Deus</span> <span class='ocrx_word' id='word_1_476' title='bbox 332 4005 504 4096; x_wconf 87' lang='lat' dir='ltr'>singulari</span> <span class='ocrx_word' id='word_1_477' title='bbox 515 4006 665 4078; x_wconf 89' lang='lat' dir='ltr'>consilio</span> <span class='ocrx_word' id='word_1_478' title='bbox 680 4009 859 4081; x_wconf 83' lang='lat' dir='ltr'>conteruit</span> <span class='ocrx_word' id='word_1_479' title='bbox 871 4004 1070 4097; x_wconf 91' lang='lat' dir='ltr'>historiam,</span> <span class='ocrx_word' id='word_1_480' title='bbox 1119 4022 1154 4082; x_wconf 89' lang='lat' dir='ltr'>et</span> <span class='ocrx_word' id='word_1_481' title='bbox 1168 4009 1351 4093; x_wconf 86' lang='lat' dir='ltr'>delentur,</span> <span class='ocrx_word' id='word_1_482' title='bbox 1376 4010 1420 4078; x_wconf 89' lang='lat' dir='ltr'>de</span> <span class='ocrx_word' id='word_1_483' title='bbox 1441 4008 1608 4079; x_wconf 89' lang='lat' dir='ltr'>remediis</span> <span class='ocrx_word' id='word_1_484' title='bbox 1633 4016 1668 4079; x_wconf 89' lang='lat' dir='ltr'>et</span> <span class='ocrx_word' id='word_1_485' title='bbox 1687 4009 1780 4078; x_wconf 90' lang='lat' dir='ltr'>veris</span> <span class='ocrx_word' id='word_1_486' title='bbox 1802 4010 2106 4080; x_wconf 91' lang='lat' dir='ltr'>consolationibus</span> 
     </span>
     <span class='ocr_line' id='line_1_38' title="bbox 80 4104 2119 4201; baseline 0.001 -23"><span class='ocrx_word' id='word_1_487' title='bbox 80 4106 238 4178; x_wconf 84' lang='lat' dir='ltr'>excitatis</span> <span class='ocrx_word' id='word_1_488' title='bbox 247 4106 393 4179; x_wconf 86' lang='lat' dir='ltr'>Graecis</span> <span class='ocrx_word' id='word_1_489' title='bbox 407 4109 653 4201; x_wconf 89' lang='lat' dir='ltr'>scriptoribus.</span> <span class='ocrx_word' id='word_1_490' title='bbox 682 4104 773 4181; x_wconf 87' lang='lat' dir='ltr'>Nam</span> <span class='ocrx_word' id='word_1_491' title='bbox 788 4110 834 4181; x_wconf 87' lang='lat' dir='ltr'>ali</span> <span class='ocrx_word' id='word_1_492' title='bbox 887 4123 970 4181; x_wconf 90' lang='lat' dir='ltr'>auto</span> <span class='ocrx_word' id='word_1_493' title='bbox 987 4125 1070 4182; x_wconf 90' lang='lat' dir='ltr'>ante</span> <span class='ocrx_word' id='word_1_494' title='bbox 1119 4110 1158 4180; x_wconf 87' lang='lat' dir='ltr'>iu</span> <span class='ocrx_word' id='word_1_495' title='bbox 1176 4109 1276 4179; x_wconf 92' lang='lat' dir='ltr'>omni</span> <span class='ocrx_word' id='word_1_496' title='bbox 1297 4131 1424 4200; x_wconf 86' lang='lat' dir='ltr'>genere</span> <span class='ocrx_word' id='word_1_497' title='bbox 1445 4107 1695 4181; x_wconf 85' lang='lat' dir='ltr'>calamitatum.</span> <span class='ocrx_word' id='word_1_498' title='bbox 1753 4108 1832 4180; x_wconf 88' lang='lat' dir='ltr'>Hae</span> <span class='ocrx_word' id='word_1_499' title='bbox 1853 4111 2028 4181; x_wconf 87' lang='lat' dir='ltr'>maximae</span> <span class='ocrx_word' id='word_1_500' title='bbox 2050 4110 2119 4181; x_wconf 71' lang='lat' dir='ltr'>res&#39;</span> 
     </span>
     <span class='ocr_line' id='line_1_39' title="bbox 80 4135 2106 4303; baseline 0.002 -26"><span class='ocrx_word' id='word_1_501' title='bbox 80 4209 188 4277; x_wconf 84' lang='lat' dir='ltr'>finem</span> <span class='ocrx_word' id='word_1_502' title='bbox 225 4204 410 4295; x_wconf 82' lang='lat' dir='ltr'>Ieremias,</span> <span class='ocrx_word' id='word_1_503' title='bbox 453 4206 599 4281; x_wconf 87' lang='lat' dir='ltr'>inchoat</span> <span class='ocrx_word' id='word_1_504' title='bbox 628 4205 814 4281; x_wconf 84' lang='lat' dir='ltr'>historiam</span> <span class='ocrx_word' id='word_1_505' title='bbox 837 4135 1068 4284; x_wconf 66' lang='lat' dir='ltr'>qlherodotus:</span> <span class='ocrx_word' id='word_1_506' title='bbox 1120 4213 1225 4301; x_wconf 90' lang='lat' dir='ltr'>longe</span> <span class='ocrx_word' id='word_1_507' title='bbox 1246 4225 1413 4303; x_wconf 81' lang='lat' dir='ltr'>superant</span> <span class='ocrx_word' id='word_1_508' title='bbox 1431 4209 1595 4282; x_wconf 86' lang='lat' dir='ltr'>materias</span> <span class='ocrx_word' id='word_1_509' title='bbox 1606 4208 1897 4284; x_wconf 85' lang='lat' dir='ltr'>Demosthenicas</span> <span class='ocrx_word' id='word_1_510' title='bbox 1912 4227 1947 4284; x_wconf 90' lang='lat' dir='ltr'>et</span> <span class='ocrx_word' id='word_1_511' title='bbox 1962 4210 2106 4286; x_wconf 87' lang='lat' dir='ltr'>Cicero·</span> 
     </span>
     <span class='ocr_line' id='line_1_40' title="bbox 81 4305 2106 4405; baseline 0.002 -28"><span class='ocrx_word' id='word_1_512' title='bbox 81 4321 202 4399; x_wconf 88' lang='lat' dir='ltr'>postea</span> <span class='ocrx_word' id='word_1_513' title='bbox 227 4305 467 4399; x_wconf 82' lang='lat' dir='ltr'>Graecorum,</span> <span class='ocrx_word' id='word_1_514' title='bbox 505 4308 719 4383; x_wconf 86' lang='lat' dir='ltr'>Latinorum</span> <span class='ocrx_word' id='word_1_515' title='bbox 736 4306 781 4383; x_wconf 59' lang='lat' dir='ltr'>&gt;et</span> <span class='ocrx_word' id='word_1_516' title='bbox 806 4309 1068 4385; x_wconf 89' lang='lat' dir='ltr'>Germanorum</span> <span class='ocrx_word' id='word_1_517' title='bbox 1119 4312 1264 4398; x_wconf 89' lang='lat' dir='ltr'>nianas,</span> <span class='ocrx_word' id='word_1_518' title='bbox 1303 4325 1337 4385; x_wconf 87' lang='lat' dir='ltr'>et</span> <span class='ocrx_word' id='word_1_519' title='bbox 1367 4313 1575 4403; x_wconf 87' lang='lat' dir='ltr'>magnitudo</span> <span class='ocrx_word' id='word_1_520' title='bbox 1597 4335 1717 4383; x_wconf 91' lang='lat' dir='ltr'>rerum</span> <span class='ocrx_word' id='word_1_521' title='bbox 1746 4313 1859 4405; x_wconf 84' lang='lat' dir='ltr'>gignit</span> <span class='ocrx_word' id='word_1_522' title='bbox 1883 4314 2106 4405; x_wconf 88' lang='lat' dir='ltr'>splendidam</span> 
     </span>
     <span class='ocr_line' id='line_1_41' title="bbox 81 4403 2107 4508; baseline 0.003 -29"><span class='ocrx_word' id='word_1_523' title='bbox 81 4408 251 4479; x_wconf 89' lang='lat' dir='ltr'>continua</span> <span class='ocrx_word' id='word_1_524' title='bbox 265 4403 414 4479; x_wconf 88' lang='lat' dir='ltr'>historia</span> <span class='ocrx_word' id='word_1_525' title='bbox 429 4425 533 4483; x_wconf 81' lang='lat' dir='ltr'>estat.</span> <span class='ocrx_word' id='word_1_526' title='bbox 582 4412 731 4483; x_wconf 86' lang='lat' dir='ltr'>Necesse</span> <span class='ocrx_word' id='word_1_527' title='bbox 746 4425 799 4483; x_wconf 92' lang='lat' dir='ltr'>est</span> <span class='ocrx_word' id='word_1_528' title='bbox 813 4427 929 4485; x_wconf 89' lang='lat' dir='ltr'>autem</span> <span class='ocrx_word' id='word_1_529' title='bbox 943 4417 1068 4485; x_wconf 91' lang='lat' dir='ltr'>doctos</span> <span class='ocrx_word' id='word_1_530' title='bbox 1118 4413 1315 4485; x_wconf 88' lang='lat' dir='ltr'>orationem</span> <span class='ocrx_word' id='word_1_531' title='bbox 1331 4416 1426 4505; x_wconf 87' lang='lat' dir='ltr'>apud</span> <span class='ocrx_word' id='word_1_532' title='bbox 1440 4407 1651 4507; x_wconf 87' lang='lat' dir='ltr'>Prophetas:</span> <span class='ocrx_word' id='word_1_533' title='bbox 1678 4413 1740 4508; x_wconf 93' lang='lat' dir='ltr'>qui</span> <span class='ocrx_word' id='word_1_534' title='bbox 1758 4440 1839 4486; x_wconf 93' lang='lat' dir='ltr'>cum</span> <span class='ocrx_word' id='word_1_535' title='bbox 1864 4415 1935 4486; x_wconf 90' lang='lat' dir='ltr'>sint</span> <span class='ocrx_word' id='word_1_536' title='bbox 1960 4414 2030 4486; x_wconf 86' lang='lat' dir='ltr'>viri</span> <span class='ocrx_word' id='word_1_537' title='bbox 2052 4438 2107 4485; x_wconf 87' lang='lat' dir='ltr'>sa-</span> 
     </span>
     <span class='ocr_line' id='line_1_42' title="bbox 80 4505 2108 4610; baseline 0.005 -35"><span class='ocrx_word' id='word_1_538' title='bbox 80 4511 179 4578; x_wconf 88' lang='lat' dir='ltr'>viros</span> <span class='ocrx_word' id='word_1_539' title='bbox 206 4507 245 4576; x_wconf 92' lang='lat' dir='ltr'>in</span> <span class='ocrx_word' id='word_1_540' title='bbox 266 4505 424 4580; x_wconf 83' lang='lat' dir='ltr'>Ecclesia</span> <span class='ocrx_word' id='word_1_541' title='bbox 449 4526 568 4582; x_wconf 89' lang='lat' dir='ltr'>tenere</span> <span class='ocrx_word' id='word_1_542' title='bbox 589 4514 761 4605; x_wconf 88' lang='lat' dir='ltr'>integram</span> <span class='ocrx_word' id='word_1_543' title='bbox 781 4514 908 4586; x_wconf 89' lang='lat' dir='ltr'>seriem</span> <span class='ocrx_word' id='word_1_544' title='bbox 930 4529 1069 4607; x_wconf 89' lang='lat' dir='ltr'>tempo·</span> <span class='ocrx_word' id='word_1_545' title='bbox 1118 4514 1274 4610; x_wconf 87' lang='lat' dir='ltr'>pientes,</span> <span class='ocrx_word' id='word_1_546' title='bbox 1306 4515 1397 4585; x_wconf 87' lang='lat' dir='ltr'>mira</span> <span class='ocrx_word' id='word_1_547' title='bbox 1420 4517 1501 4586; x_wconf 89' lang='lat' dir='ltr'>luce</span> <span class='ocrx_word' id='word_1_548' title='bbox 1520 4529 1554 4586; x_wconf 89' lang='lat' dir='ltr'>et</span> <span class='ocrx_word' id='word_1_549' title='bbox 1574 4511 1733 4607; x_wconf 89' lang='lat' dir='ltr'>emphasi</span> <span class='ocrx_word' id='word_1_550' title='bbox 1757 4517 1946 4587; x_wconf 89' lang='lat' dir='ltr'>verborum</span> <span class='ocrx_word' id='word_1_551' title='bbox 1967 4512 2031 4586; x_wconf 92' lang='lat' dir='ltr'>has</span> <span class='ocrx_word' id='word_1_552' title='bbox 2051 4539 2108 4586; x_wconf 87' lang='lat' dir='ltr'>res</span> 
     </span>
     <span class='ocr_line' id='line_1_43' title="bbox 79 4612 2108 4710; baseline 0.002 -30"><span class='ocrx_word' id='word_1_553' title='bbox 79 4635 182 4694; x_wconf 91' lang='lat' dir='ltr'>rum,</span> <span class='ocrx_word' id='word_1_554' title='bbox 220 4623 261 4680; x_wconf 92' lang='lat' dir='ltr'>ut</span> <span class='ocrx_word' id='word_1_555' title='bbox 282 4634 374 4702; x_wconf 89' lang='lat' dir='ltr'>quae</span> <span class='ocrx_word' id='word_1_556' title='bbox 397 4612 443 4683; x_wconf 93' lang='lat' dir='ltr'>sit</span> <span class='ocrx_word' id='word_1_557' title='bbox 464 4612 646 4700; x_wconf 87' lang='lat' dir='ltr'>doctriua,</span> <span class='ocrx_word' id='word_1_558' title='bbox 679 4631 714 4687; x_wconf 86' lang='lat' dir='ltr'>et</span> <span class='ocrx_word' id='word_1_559' title='bbox 739 4640 830 4710; x_wconf 90' lang='lat' dir='ltr'>quae</span> <span class='ocrx_word' id='word_1_560' title='bbox 853 4618 1069 4689; x_wconf 91' lang='lat' dir='ltr'>mutationes</span> <span class='ocrx_word' id='word_1_561' title='bbox 1118 4617 1288 4687; x_wconf 85' lang='lat' dir='ltr'>maximas</span> <span class='ocrx_word' id='word_1_562' title='bbox 1300 4629 1493 4708; x_wconf 81' lang='lat' dir='ltr'>exponunt.</span> <span class='ocrx_word' id='word_1_563' title='bbox 1527 4615 1607 4704; x_wconf 83' lang='lat' dir='ltr'>Qua</span> <span class='ocrx_word' id='word_1_564' title='bbox 1622 4619 1666 4686; x_wconf 92' lang='lat' dir='ltr'>de</span> <span class='ocrx_word' id='word_1_565' title='bbox 1680 4640 1718 4685; x_wconf 91' lang='lat' dir='ltr'>re</span> <span class='ocrx_word' id='word_1_566' title='bbox 1733 4641 1807 4686; x_wconf 90' lang='lat' dir='ltr'>non</span> <span class='ocrx_word' id='word_1_567' title='bbox 1821 4617 1946 4687; x_wconf 90' lang='lat' dir='ltr'>dubito</span> <span class='ocrx_word' id='word_1_568' title='bbox 1962 4618 2009 4687; x_wconf 91' lang='lat' dir='ltr'>ita</span> <span class='ocrx_word' id='word_1_569' title='bbox 2026 4640 2108 4686; x_wconf 88' lang='lat' dir='ltr'>sen-</span> 
     </span>
     <span class='ocr_line' id='line_1_44' title="bbox 80 4708 2107 4811; baseline 0.003 -31"><span class='ocrx_word' id='word_1_570' title='bbox 80 4710 271 4795; x_wconf 85' lang='lat' dir='ltr'>extiterint‚</span> <span class='ocrx_word' id='word_1_571' title='bbox 293 4710 529 4784; x_wconf 88' lang='lat' dir='ltr'>considerent.</span> <span class='ocrx_word' id='word_1_572' title='bbox 570 4708 650 4784; x_wconf 89' lang='lat' dir='ltr'>Una</span> <span class='ocrx_word' id='word_1_573' title='bbox 667 4731 717 4786; x_wconf 86' lang='lat' dir='ltr'>est</span> <span class='ocrx_word' id='word_1_574' title='bbox 733 4719 827 4787; x_wconf 88' lang='lat' dir='ltr'>enim</span> <span class='ocrx_word' id='word_1_575' title='bbox 842 4715 1066 4789; x_wconf 87' lang='lat' dir='ltr'>deDeovera</span> <span class='ocrx_word' id='word_1_576' title='bbox 1119 4718 1186 4790; x_wconf 91' lang='lat' dir='ltr'>tire</span> <span class='ocrx_word' id='word_1_577' title='bbox 1202 4719 1336 4811; x_wconf 90' lang='lat' dir='ltr'>ubique</span> <span class='ocrx_word' id='word_1_578' title='bbox 1351 4732 1523 4787; x_wconf 89' lang='lat' dir='ltr'>terrarum</span> <span class='ocrx_word' id='word_1_579' title='bbox 1540 4712 1703 4786; x_wconf 88' lang='lat' dir='ltr'>homines</span> <span class='ocrx_word' id='word_1_580' title='bbox 1723 4717 1821 4807; x_wconf 92' lang='lat' dir='ltr'>pios,</span> <span class='ocrx_word' id='word_1_581' title='bbox 1848 4718 2025 4801; x_wconf 90' lang='lat' dir='ltr'>eruditos,</span> <span class='ocrx_word' id='word_1_582' title='bbox 2051 4742 2107 4787; x_wconf 83' lang='lat' dir='ltr'>sa·</span> 
     </span>
     <span class='ocr_line' id='line_1_45' title="bbox 80 4812 2107 4910; baseline 0.004 -29"><span class='ocrx_word' id='word_1_583' title='bbox 80 4812 274 4892; x_wconf 88' lang='lat' dir='ltr'>sententia,</span> <span class='ocrx_word' id='word_1_584' title='bbox 297 4836 387 4905; x_wconf 91' lang='lat' dir='ltr'>quae</span> <span class='ocrx_word' id='word_1_585' title='bbox 404 4814 449 4882; x_wconf 94' lang='lat' dir='ltr'>ab</span> <span class='ocrx_word' id='word_1_586' title='bbox 465 4812 568 4890; x_wconf 89' lang='lat' dir='ltr'>initio</span> <span class='ocrx_word' id='word_1_587' title='bbox 586 4813 757 4886; x_wconf 89' lang='lat' dir='ltr'>divinitus</span> <span class='ocrx_word' id='word_1_588' title='bbox 779 4820 883 4888; x_wconf 92' lang='lat' dir='ltr'>certis</span> <span class='ocrx_word' id='word_1_589' title='bbox 907 4820 1067 4890; x_wconf 89' lang='lat' dir='ltr'>testimo·</span> <span class='ocrx_word' id='word_1_590' title='bbox 1116 4820 1265 4910; x_wconf 89' lang='lat' dir='ltr'>pientes,</span> <span class='ocrx_word' id='word_1_591' title='bbox 1282 4830 1316 4886; x_wconf 91' lang='lat' dir='ltr'>et</span> <span class='ocrx_word' id='word_1_592' title='bbox 1332 4840 1406 4886; x_wconf 93' lang='lat' dir='ltr'>non</span> <span class='ocrx_word' id='word_1_593' title='bbox 1420 4819 1525 4888; x_wconf 90' lang='lat' dir='ltr'>rudes</span> <span class='ocrx_word' id='word_1_594' title='bbox 1538 4817 1778 4909; x_wconf 84' lang='lat' dir='ltr'>periculorum</span> <span class='ocrx_word' id='word_1_595' title='bbox 1791 4818 1885 4888; x_wconf 89' lang='lat' dir='ltr'>vitae</span> <span class='ocrx_word' id='word_1_596' title='bbox 1900 4820 2107 4893; x_wconf 88' lang='lat' dir='ltr'>communis.</span> 
     </span>
     <span class='ocr_line' id='line_1_46' title="bbox 79 4910 2107 5009; baseline 0.003 -27"><span class='ocrx_word' id='word_1_597' title='bbox 79 4914 150 4982; x_wconf 84' lang='lat' dir='ltr'>niis</span> <span class='ocrx_word' id='word_1_598' title='bbox 165 4911 343 4984; x_wconf 83' lang='lat' dir='ltr'>Ecclesiae</span> <span class='ocrx_word' id='word_1_599' title='bbox 361 4915 488 4985; x_wconf 91' lang='lat' dir='ltr'>tradita</span> <span class='ocrx_word' id='word_1_600' title='bbox 505 4930 574 4998; x_wconf 91' lang='lat' dir='ltr'>est,</span> <span class='ocrx_word' id='word_1_601' title='bbox 598 4910 686 4985; x_wconf 91' lang='lat' dir='ltr'>haec</span> <span class='ocrx_word' id='word_1_602' title='bbox 700 4916 777 4987; x_wconf 90' lang='lat' dir='ltr'>sine</span> <span class='ocrx_word' id='word_1_603' title='bbox 795 4914 964 4991; x_wconf 87' lang='lat' dir='ltr'>historiae</span> <span class='ocrx_word' id='word_1_604' title='bbox 980 4945 1067 4991; x_wconf 88' lang='lat' dir='ltr'>con·</span> <span class='ocrx_word' id='word_1_605' title='bbox 1118 4919 1188 4991; x_wconf 88' lang='lat' dir='ltr'>Sed</span> <span class='ocrx_word' id='word_1_606' title='bbox 1203 4918 1442 4990; x_wconf 88' lang='lat' dir='ltr'>adolescentes</span> <span class='ocrx_word' id='word_1_607' title='bbox 1457 4919 1636 4990; x_wconf 90' lang='lat' dir='ltr'>interdum</span> <span class='ocrx_word' id='word_1_608' title='bbox 1651 4919 1769 5005; x_wconf 88' lang='lat' dir='ltr'>inepta</span> <span class='ocrx_word' id='word_1_609' title='bbox 1794 4919 2025 5009; x_wconf 89' lang='lat' dir='ltr'>imperiorum</span> <span class='ocrx_word' id='word_1_610' title='bbox 2051 4922 2107 4990; x_wconf 92' lang='lat' dir='ltr'>iu-</span> 
     </span>
     <span class='ocr_line' id='line_1_47' title="bbox 78 5013 2108 5115; baseline 0.003 -31"><span class='ocrx_word' id='word_1_611' title='bbox 78 5014 458 5085; x_wconf 80' lang='lat' dir='ltr'>sldcratione&#39;iudicari</span> <span class='ocrx_word' id='word_1_612' title='bbox 476 5038 549 5086; x_wconf 90' lang='lat' dir='ltr'>non</span> <span class='ocrx_word' id='word_1_613' title='bbox 565 5032 730 5102; x_wconf 88' lang='lat' dir='ltr'>possunt:</span> <span class='ocrx_word' id='word_1_614' title='bbox 757 5030 790 5086; x_wconf 92' lang='lat' dir='ltr'>et</span> <span class='ocrx_word' id='word_1_615' title='bbox 812 5019 849 5087; x_wconf 90' lang='lat' dir='ltr'>in</span> <span class='ocrx_word' id='word_1_616' title='bbox 874 5015 931 5092; x_wconf 89' lang='lat' dir='ltr'>his</span> <span class='ocrx_word' id='word_1_617' title='bbox 953 5016 1068 5093; x_wconf 85' lang='lat' dir='ltr'>histo·</span> <span class='ocrx_word' id='word_1_618' title='bbox 1118 5020 1210 5090; x_wconf 90' lang='lat' dir='ltr'>dicia</span> <span class='ocrx_word' id='word_1_619' title='bbox 1234 5019 1404 5107; x_wconf 88' lang='lat' dir='ltr'>audiunt,</span> <span class='ocrx_word' id='word_1_620' title='bbox 1445 5020 1576 5115; x_wconf 92' lang='lat' dir='ltr'>quibus</span> <span class='ocrx_word' id='word_1_621' title='bbox 1597 5013 1799 5091; x_wconf 88' lang='lat' dir='ltr'>detrahitur</span> <span class='ocrx_word' id='word_1_622' title='bbox 1816 5015 2005 5112; x_wconf 87' lang='lat' dir='ltr'>Prophetis</span> <span class='ocrx_word' id='word_1_623' title='bbox 2032 5023 2108 5091; x_wconf 90' lang='lat' dir='ltr'>elo·</span> 
     </span>
     <span class='ocr_line' id='line_1_48' title="bbox 78 5116 2109 5214; baseline 0.003 -30"><span class='ocrx_word' id='word_1_624' title='bbox 78 5116 164 5200; x_wconf 89' lang='lat' dir='ltr'>riis,</span> <span class='ocrx_word' id='word_1_625' title='bbox 203 5116 361 5204; x_wconf 85' lang='lat' dir='ltr'>gentium</span> <span class='ocrx_word' id='word_1_626' title='bbox 382 5117 538 5207; x_wconf 87' lang='lat' dir='ltr'>origines</span> <span class='ocrx_word' id='word_1_627' title='bbox 563 5118 798 5189; x_wconf 84' lang='lat' dir='ltr'>conferendae</span> <span class='ocrx_word' id='word_1_628' title='bbox 819 5136 911 5196; x_wconf 88' lang='lat' dir='ltr'>sunt.</span> <span class='ocrx_word' id='word_1_629' title='bbox 969 5121 1067 5193; x_wconf 87' lang='lat' dir='ltr'>Haec</span> <span class='ocrx_word' id='word_1_630' title='bbox 1118 5121 1273 5214; x_wconf 89' lang='lat' dir='ltr'>quentia.</span> <span class='ocrx_word' id='word_1_631' title='bbox 1324 5119 1600 5192; x_wconf 88' lang='lat' dir='ltr'>Huncerrorem</span> <span class='ocrx_word' id='word_1_632' title='bbox 1618 5122 1762 5213; x_wconf 89' lang='lat' dir='ltr'>prodest</span> <span class='ocrx_word' id='word_1_633' title='bbox 1781 5122 1904 5214; x_wconf 89' lang='lat' dir='ltr'>probis</span> <span class='ocrx_word' id='word_1_634' title='bbox 1928 5121 2109 5194; x_wconf 90' lang='lat' dir='ltr'>mentibus</span> 
     </span>
     <span class='ocr_line' id='line_1_49' title="bbox 78 5216 2107 5318; baseline 0.002 -31"><span class='ocrx_word' id='word_1_635' title='bbox 78 5219 155 5287; x_wconf 87' lang='lat' dir='ltr'>sine</span> <span class='ocrx_word' id='word_1_636' title='bbox 168 5217 280 5289; x_wconf 89' lang='lat' dir='ltr'>literis</span> <span class='ocrx_word' id='word_1_637' title='bbox 293 5216 370 5286; x_wconf 87' lang='lat' dir='ltr'>lieri</span> <span class='ocrx_word' id='word_1_638' title='bbox 387 5231 579 5313; x_wconf 87' lang='lat' dir='ltr'>nequeunt.</span> <span class='ocrx_word' id='word_1_639' title='bbox 1117 5222 1233 5297; x_wconf 83' lang='lat' dir='ltr'>eximi.</span> <span class='ocrx_word' id='word_1_640' title='bbox 1284 5219 1376 5295; x_wconf 91' lang='lat' dir='ltr'>Cum</span> <span class='ocrx_word' id='word_1_641' title='bbox 1392 5237 1509 5294; x_wconf 90' lang='lat' dir='ltr'>autem</span> <span class='ocrx_word' id='word_1_642' title='bbox 1528 5246 1603 5292; x_wconf 92' lang='lat' dir='ltr'>non</span> <span class='ocrx_word' id='word_1_643' title='bbox 1617 5222 1728 5318; x_wconf 88' lang='lat' dir='ltr'>possit</span> <span class='ocrx_word' id='word_1_644' title='bbox 1745 5226 1791 5293; x_wconf 90' lang='lat' dir='ltr'>de</span> <span class='ocrx_word' id='word_1_645' title='bbox 1812 5222 2014 5318; x_wconf 87' lang='lat' dir='ltr'>eloquentia</span> <span class='ocrx_word' id='word_1_646' title='bbox 2032 5224 2107 5293; x_wconf 87' lang='lat' dir='ltr'>fieri</span> 
     </span>
    </p>

    <p class='ocr_par' dir='ltr' id='par_1_5' title="bbox 78 5315 2108 5518">
     <span class='ocr_line' id='line_1_50' title="bbox 180 5315 2108 5416; baseline 0.002 -27"><span class='ocrx_word' id='word_1_647' title='bbox 180 5319 364 5390; x_wconf 87' lang='lat' dir='ltr'>Postremo</span> <span class='ocrx_word' id='word_1_648' title='bbox 376 5321 421 5389; x_wconf 88' lang='lat' dir='ltr'>de</span> <span class='ocrx_word' id='word_1_649' title='bbox 436 5320 635 5415; x_wconf 88' lang='lat' dir='ltr'>eloquentia</span> <span class='ocrx_word' id='word_1_650' title='bbox 644 5315 901 5411; x_wconf 89' lang='lat' dir='ltr'>Prophetarum</span> <span class='ocrx_word' id='word_1_651' title='bbox 917 5322 1069 5396; x_wconf 89' lang='lat' dir='ltr'>libenter</span> <span class='ocrx_word' id='word_1_652' title='bbox 1116 5324 1310 5416; x_wconf 88' lang='lat' dir='ltr'>iudicium,</span> <span class='ocrx_word' id='word_1_653' title='bbox 1334 5325 1402 5393; x_wconf 92' lang='lat' dir='ltr'>nisi</span> <span class='ocrx_word' id='word_1_654' title='bbox 1420 5339 1644 5415; x_wconf 23' lang='lat' dir='ltr'>exsperpctua</span> <span class='ocrx_word' id='word_1_655' title='bbox 1657 5325 1818 5396; x_wconf 91' lang='lat' dir='ltr'>oratione</span> <span class='ocrx_word' id='word_1_656' title='bbox 1832 5339 1866 5395; x_wconf 88' lang='lat' dir='ltr'>et</span> <span class='ocrx_word' id='word_1_657' title='bbox 1880 5326 2027 5415; x_wconf 87' lang='lat' dir='ltr'>integris</span> <span class='ocrx_word' id='word_1_658' title='bbox 2043 5349 2108 5393; x_wconf 92' lang='lat' dir='ltr'>vo-</span> 
     </span>
     <span class='ocr_line' id='line_1_51' title="bbox 78 5419 2105 5518; baseline 0.002 -29"><span class='ocrx_word' id='word_1_659' title='bbox 78 5419 251 5506; x_wconf 87' lang='lat' dir='ltr'>dicerem,</span> <span class='ocrx_word' id='word_1_660' title='bbox 276 5422 307 5490; x_wconf 86' lang='lat' dir='ltr'>si</span> <span class='ocrx_word' id='word_1_661' title='bbox 331 5435 392 5495; x_wconf 91' lang='lat' dir='ltr'>aut</span> <span class='ocrx_word' id='word_1_662' title='bbox 413 5423 489 5514; x_wconf 90' lang='lat' dir='ltr'>ipse</span> <span class='ocrx_word' id='word_1_663' title='bbox 509 5424 621 5513; x_wconf 84' lang='lat' dir='ltr'>magis</span> <span class='ocrx_word' id='word_1_664' title='bbox 640 5426 684 5493; x_wconf 92' lang='lat' dir='ltr'>ad</span> <span class='ocrx_word' id='word_1_665' title='bbox 710 5424 900 5494; x_wconf 89' lang='lat' dir='ltr'>dicendum</span> <span class='ocrx_word' id='word_1_666' title='bbox 917 5424 1068 5498; x_wconf 88' lang='lat' dir='ltr'>idoneus</span> <span class='ocrx_word' id='word_1_667' title='bbox 1115 5425 1332 5513; x_wconf 90' lang='lat' dir='ltr'>luminibus,</span> <span class='ocrx_word' id='word_1_668' title='bbox 1364 5427 1521 5518; x_wconf 82' lang='lat' dir='ltr'>exempla</span> <span class='ocrx_word' id='word_1_669' title='bbox 1537 5422 1595 5498; x_wconf 93' lang='lat' dir='ltr'>hic</span> <span class='ocrx_word' id='word_1_670' title='bbox 1616 5429 1802 5500; x_wconf 89' lang='lat' dir='ltr'>ostendere</span> <span class='ocrx_word' id='word_1_671' title='bbox 1824 5422 1934 5496; x_wconf 89' lang='lat' dir='ltr'>nimis</span> <span class='ocrx_word' id='word_1_672' title='bbox 1958 5429 2105 5515; x_wconf 90' lang='lat' dir='ltr'>longum</span> 
     </span>
    </p>
   </div>
   <div class='ocr_carea' id='block_1_3' title="bbox 0 0 2370 6020">
    <p class='ocr_par' dir='ltr' id='par_1_6' title="bbox 0 0 2370 6020">
     <span class='ocr_line' id='line_1_52' title="bbox 0 0 2370 6020; baseline 0 0"><span class='ocrx_word' id='word_1_673' title='bbox 0 0 2370 6020; x_wconf 95' lang='lat' dir='ltr'> </span> 
     </span>
    </p>
   </div>
  </div>
 </body>
</html>
