4756 6022
50 323 57 335 ’
158 346 231 442 sn
608 352 768 427 nucu.
818 344 893 426 on
923 348 1232 429 ruatrarn
1265 350 1616 432 nocrutnau
1645 374 1737 436 sse.
2124 358 2200 434 ετξ

94 588 99 601 .
163 534 309 612 iudicia.
366 528 547 601 Postremo
571 530 605 590 et
622 515 800 609 Rempub.
823 515 944 586 animo
963 515 1156 601 intueatur,
1204 516 1272 591 No.
1290 518 1352 595 87.
2027 548 2076 589 sn.
2100 508 2217 600 tss'a‚'

133 639 362 715 ‚consideret
385 632 473 699 duas
501 644 574 691 esse
595 633 709 713 pestes
731 614 909 689 Ecclesiae
936 631 970 687 et
1000 615 1158 708 Reipub.
1208 634 1348 663 *W
2019 622 2193 667 νέω

165 739 390 838 praecipuas,
418 725 662 820 Tyrannidcm
677 715 963 813 etSophisticen,
990 722 1048 788 sed
1065 712 1158 788 banc
1361 739 1439 824 De
1459 738 1668 852 puritate
1699 737 1934 822 doctrinm,
1962 746 2047 822 m·

166 842 280 915 multo
301 830 542 903 nocentiorem
562 824 782 919 Tyrannide.
835 817 1016 891 Omnibus
1032 821 1159 891 seculis

167 935 367 1034 sophistica
399 928 654 1002 contaminavit
681 939 716 996 et
746 923 931 1014 dissipavit
958 920 1159 1012 religiones.
1275 915 1307 969 ¹¹¹
1325 913 1480 975 ⁰²⁰¹·ttd·
1491 913 1525 966 T.
1541 909 1561 965 ¹·
1575 928 1601 982 t·
1616 912 1675 983 ⁴22
1699 908 1818 967 &evus
1835 914 1859 968 ¹·
1879 932 1907 985 t·
1921 912 1986 983 llo
2003 912 2137 971 messae.
2154 914 2203 973 ΙΙΙ·

165 1040 217 1117 Et
235 1040 340 1110 salsas
364 1033 552 1126 opiniones
574 1039 711 1097 secutae
733 1038 818 1095 sunt
838 1025 1029 1111 lectiones,
1055 1023 1161 1094 dissi·
1309 1002 1337 1055 Ρ·
1350 984 1393 1037 ²⁰·

169 1146 247 1229 din,
277 1140 418 1258 ωθξὶθξν
450 1133 561 1251 belh,
597 1129 828 1248 3¹¹}P‘2‘i0‘um
856 1127 1088 1247 ¹¹J¹¹¹³¹J⁰¹¹⁶⁸j
1120 1126 1159 1194 ⁵¹¹
1208 1164 1339 1233 Oratio
1363 1152 1419 1228 D.
1449 1160 1626 1231 Doctoria
1651 1148 1799 1230 Cruci
1803 1162 1923 1256 geri,
1959 1159 2006 1232 de
2027 1166 2219 1254 puritate.

170 1234 410 1341 quibusmhsl
433 1234 520 1305 malr
537 1255 612 1302 non
631 1245 738 1315 rnest3
770 1240 1010 1321 spargitensm
1022 1225 1160 1297 Drabo-
1208 1262 1406 1336 poem-„ae
1432 1265 1473 1333 g„
1495 1263 1664 1334 Eodem
1688 1262 1962 1351 commanda,
1995 1269 2037 1337 gn
2052 1286 2206 1357 prm,

169 1350 226 1421 lu's
242 1338 424 1414 mendacia
438 1351 606 1453 tanquam
621 1333 979 1402 seminataeterarum
994 1331 1161 1449 cladium.
1242 1371 1343 1438 tim
1368 1366 1577 1437 Doctorum
1607 1361 1830 1462 ,memmae
1855 1364 2000 1438 habita·
2061 1364 2173 1442 ¹5⁸⁸.

170 1446 269 1539 Quid
287 1444 383 1539 quod
399 1439 537 1510 animae
553 1450 657 1505 ettam
674 1435 1013 1504 dementatacruunt
1026 1456 1063 1500 sn
1080 1454 1161 1522 per·
1393 1461 1398 1469 ·

170 1546 325 1622 niciem?
361 1540 415 1615 Ac
432 1540 502 1610 dici
518 1561 590 1606 non
604 1549 737 1628 potest,
764 1558 870 1628 quam
885 1534 986 1603 facile
1000 1535 1162 1603 saucien-
1209 1518 1253 1602 N
1254 1555 1301 1601 on
1315 1532 1477 1601 existimo
1494 1553 1514 1599 a
1531 1554 1588 1599 me
1604 1531 1796 1621 postulari,
1820 1545 1861 1601 ut
1883 1516 2059 1622 exponam
2082 1556 2209 1607 causas

44 1648 61 1673 ‘
169 1662 231 1725 tur
243 1661 399 1729 mentes,
425 1653 557 1735 quanta
573 1638 760 1730 prudentia
776 1659 866 1727 opus
881 1636 944 1721 sit,
970 1648 1161 1704 nearecto
1211 1634 1350 1703 consilii
1372 1633 1485 1703 nostri
1510 1633 1549 1701 in
1573 1634 1826 1724 promovendis
1847 1631 2063 1704 Doctoribus
2081 1630 2209 1705 Evan-

171 1767 279 1826 cursu
291 1746 524 1839 depellantur.
577 1737 1162 1810 Christusminaturatrocissimas
1211 1737 1312 1824 gelli,
1346 1759 1427 1804 curn
1449 1759 1490 1803 ex
1511 1729 1581 1804 hoc
1603 1734 1679 1825 ipso
1699 1735 1776 1804 loco
1801 1759 1876 1804 non
1898 1737 2006 1806 semel
2022 1749 2205 1809 ostensum

170 1873 304 1949 poenas
324 1845 398 1931 his,
429 1846 489 1938 qui
512 1841 742 1935 parvulorum
771 1851 907 1908 mentes
932 1839 1097 1922 laedunt,
1128 1848 1160 1904 et
1212 1838 1275 1924 sit,
1302 1861 1322 1906 a
1344 1837 1555 1907 doctissimis
1573 1836 1678 1917 viris,
1710 1829 1807 1907 hunc
1828 1860 1964 1905 morem
1991 1833 2204 1928 scholarum,

171 1954 306 2050 inquit:
339 1948 415 2017 Vae
439 1929 577 2016 homini
595 1966 660 2035 per
681 1964 784 2036 quern
802 1940 930 2010 accidit
946 1940 1163 2010 scandalum.
1213 1954 1252 2009 ut
1282 1940 1325 2020 ii,
1358 1938 1420 2032 qui
1447 1951 1620 2007 vocantur
1648 1940 1693 2006 ad
1729 1939 1927 2008 docendum
1957 1935 2205 2029 Evangelium‚

170 2056 268 2128 Haec
280 2049 430 2145 periculi
446 2046 653 2136 magnitudo
669 2042 933 2111 maximedebet
950 2064 1014 2108 nos
1030 2039 1164 2109 erusci-
1214 2041 1356 2132 publico
1380 2039 1583 2109 testimonio
1605 2052 1780 2109 ornentur
1800 2040 1963 2111 maximi,
1986 2054 2020 2111 et
2045 2065 2207 2114 negem,

171 2174 265 2237 tare,
293 2169 328 2224 et
351 2172 472 2221 curam
495 2170 619 2217 acuere
638 2143 816 2228 discendi,
848 2157 889 2213 ut
912 2166 992 2210 vera
1010 2156 1044 2210 et
1063 2141 1162 2210 utilia
1212 2143 1276 2211 riis
1296 2145 1340 2210 cle
1364 2141 1497 2222 causis,
1531 2142 1812 2211 conservandum
1840 2165 1925 2212 esse.
1987 2139 2082 2231 Quis
2112 2145 2209 2217 enim

171 2257 349 2332 Ecclesiae
368 2271 625 2343 proponamus;
659 2244 888 2339 nequeenim
913 2245 989 2312 sine
1012 2243 1163 2311 marimo
1216 2243 1409 2335 plurimum
1433 2242 1540 2312 relect
1558 2243 1596 2312 in
1620 2239 1797 2328 Ecclesia,
1822 2245 1884 2336 qui
1906 2246 1950 2314 ad
1967 2244 2209 2319 ministerium

172 2354 413 2441 studio,'sine
427 2352 617 2422 multarum
635 2370 753 2416 rerum
775 2359 879 2437 atque
896 2345 1024 2415 artium
1044 2344 1164 2432 cogni·
1215 2343 1365 2417 docendi
1386 2339 1573 2433 Evangelii
1607 2346 1777 2414 accessuri
1806 2360 1907 2427 suat,
1949 2348 2150 2418 doctrinam
2173 2364 2210 2423 et

173 2463 289 2542 tione,
319 2456 397 2525 sine
417 2454 525 2541 longo
548 2473 615 2520 usu
640 2448 786 2516 formari
810 2446 940 2515 iudicia
962 2449 1007 2515 de
1030 2445 1165 2535 magnis
1215 2468 1330 2516 mores
1355 2446 1465 2536 probe
1490 2446 1649 2534 cognitos
1665 2466 1755 2530 esse,
1779 2460 1814 2516 et
1831 2445 1965 2517 Paulus
1983 2464 2078 2520 vetat
2094 2475 2210 2543 quen*

172 2564 280 2634 rebus
293 2566 452 2649 possunt·
504 2548 557 2622 Ac
573 2573 709 2641 semper
724 2548 828 2618 nobis
846 2549 912 2638 ipsi
926 2548 1165 2627 subiiciamns,
1215 2571 1321 2642 qnam
1344 2546 1412 2614 nisi
1435 2560 1516 2615 ante
1537 2548 1756 2638 exploratum
1781 2550 1825 2617 ad
1842 2551 2042 2631 docendum
2058 2553 2210 2638 admitti,

174 2688 254 2735 cum
269 2656 356 2729 haec
370 2656 526 2750 pericula
544 2655 587 2723 d‘e
602 2653 732 2744 quibus
747 2649 978 2719 concionatur
992 2642 1167 2731 Christus,
1215 2672 1255 2719 ac
1278 2649 1375 2717 iubet
1395 2649 1630 2742 requirendos
1645 2672 1717 2718 esse
1738 2644 1899 2719 homines
1912 2653 2050 2734 lidcles,
2077 2668 2113 2723 et
2129 2655 2210 2725 ido-

173 2782 251 2837 tum
267 2761 374 2832 ctiam
395 2780 501 2850 quam
521 2753 675 2824 iucunda
691 2751 795 2820 bonis
809 2750 988 2819 mentibus
1013 2750 1057 2819 sit
1074 2749 1167 2818 veri-
1216 2773 1301 2819 neos
1314 2752 1358 2818 ad
1377 2751 1597 2834 docendum,
1619 2751 1750 2842 quihus
1764 2753 2030 2822 commendem„
2044 2755 2208 2825 minim„

174 2882 249 2949 tas,
273 2874 447 2957 quantum
464 2856 556 2926 vitae
574 2852 788 2947 praesidium
805 2852 849 2921 sit
871 2853 908 2920 in
923 2851 1090 2920 omnibus
1104 2873 1168 2918 nc·
1216 2855 1329 2921 riums
1358 2873 1424 2919 nos
1451 2874 1593 2945 quoque
1617 2865 1755 2943 oportet
1770 2854 1931 2943 religiose
1947 2876 2089 2944 operam
2110 2858 2208 2943 dare,

176 2967 305 3060 gociis,
337 2984 442 3056 quam
469 2958 576 3050 digna
605 2958 718 3026 virtus
748 2955 852 3024 bonis
874 2953 978 3036 viris,
1011 2951 1167 3021 veritatis
1216 2970 1274 3039 ut,
1300 2977 1345 3022 ne
1365 2953 1602 3043 inexploratos
1619 2955 1663 3021 ad
1681 2954 1880 3024 docendum
1897 2959 2094 3048 irrumpere
2110 2959 2210 3028 sina-

176 3090 286 3140 amor.
335 3062 539 3153 Cogitemus
552 3052 810 3147 Philosophum
834 3078 909 3124 esse
930 3077 1002 3122 nnn
1021 3054 1166 3146 praesti·
1217 3079 1314 3137 mus,
1346 3077 1406 3123 eos
1428 3079 1581 3146 quorum
1609 3055 1784 3126 industria
1817 3080 1857 3126 ac
1886 3057 2042 3127 studium
2068 3059 2209 3148 pictatis

176 3170 347 3260 giatorem
361 3158 660 3253 antEurybatum
675 3160 849 3250 aliquem,
874 3159 933 3225 secl
957 3155 1168 3250 φιλαληθῆ.
1218 3157 1322 3225 nobis
1350 3157 1541 3248 probatur,
1575 3170 1691 3227 vestro
1712 3159 1915 3227 testimonio
1928 3154 2099 3229 Ecclesiis
2114 3186 2211 3232 com-

175 3268 338 3342 Sciamus
351 3274 474 3331 nostro
489 3259 609 3329 ordini
625 3260 904 3327 commendatam
919 3280 992 3326 esse
1011 3257 1168 3328 veritatis
1219 3261 1437 3328 menclemus.
1489 3253 1580 3326 Cum
1599 3261 1694 3327 enim
1711 3253 1796 3328 haec
1810 3260 1857 3330 sit
1877 3261 2020 3350 publica
2037 3266 2213 3352 quaedam

177 3366 441 3447 defensionem,
491 3360 729 3451 expendamus
763 3370 934 3450 quantum
968 3359 1013 3428 sit
1046 3352 1169 3439 scelu's,
1218 3360 1374 3441 vocatio,
1401 3378 1540 3427 necesse
1565 3372 1673 3431 estet
1697 3359 1878 3449 publicum
1903 3362 2151 3433 testimonium
2168 3368 2213 3436 ad

176 3469 270 3543 hanc
290 3467 496 3543 stationem,
530 3463 569 3530 in
587 3485 692 3555 quam
716 3482 735 3526 a
759 3457 900 3549 Repub.
924 3459 1085 3528 collocati
1110 3480 1170 3525 su·
1219 3482 1296 3528 eam
1324 3461 1498 3532 accedere.
1557 3459 1627 3531 Sed
1655 3461 1823 3553 quoniam
1854 3463 2016 3532 existimo
2050 3480 2211 3537 nostrum

176 3596 276 3657 ΜΒ,
307 3571 476 3639 defflere·
534 3561 679 3632 Hlb‘nl
706 3575 823 3629 ”ulem
849 3560 1030 3631 interdum
1052 3559 1169 3628 illece-
1219 3561 1407 3632 consilium
1424 3586 1442 3628 a
1457 3562 1600 3631 nemine
1612 3586 1699 3632 sano
1712 3558 1940 3655 reprehendi,
1967 3588 2040 3633 non
2055 3568 2212 3637 iudicavi

175 3678 260 3746 bras
293 3670 400 3740 falsae
436 3665 641 3758 opiniones,
687 3663 881 3732 adulantur
918 3660 1170 3753 cupiditatibus
1219 3666 1320 3732 deco
1338 3663 1500 3754 pluribus
1518 3662 1709 3733 dicendum
1733 3686 1816 3735 esse.
1877 3663 2098 3736 Cumaotcm
2116 3663 2213 3738 mihi

176 3773 327 3857 nostris,
353 3767 561 3852 ambitioni,
586 3763 847 3857 superstitioni,
874 3778 935 3833 aut
951 3764 1039 3835 aliis.
1092 3759 1169 3832 Ad·
1220 3767 1341 3833 datum
1358 3765 1405 3834 sit
1420 3765 1603 3854 negocium
1627 3766 1671 3834 de
1696 3789 1793 3835 more
1809 3769 1953 3854 publico
1976 3760 2139 3839 hocloco
2153 3768 2214 3839 di·

177 3899 298 3950 versus
314 3869 378 3944 bas
392 3870 540 3941 insidias
556 3869 798 3938 obfirmandus
818 3881 871 3935 est
891 3865 1049 3948 animus,
1075 3878 1109 3933 et
1124 3863 1171 3932 il·
1220 3864 1343 3944 cendi,
1369 3865 1434 3935 etsi
1458 3889 1532 3934 non
1553 3867 1679 3953 ignoro
1701 3890 1757 3935 me
1780 3880 1814 3936 et
1829 3868 2050 3952 elocutione,
2083 3884 2117 3940 et
2132 3872 2214 3943 aliis

178 3983 241 4052 lud
264 3973 450 4067 Euripidis
471 3984 694 4065 praeceptum
719 3969 931 4053 tenendum,
965 3967 1061 4059 quod
1087 3961 1171 4035 Ari-
1221 3966 1446 4037 lacultatibus
1471 3967 1592 4039 multis
1616 3969 1732 4038 modis
1752 3969 1921 4061 imparem
1939 3993 2014 4040 esse
2030 3967 2215 4063 buicpru-

177 4080 321 4154 stoteles
337 4075 504 4168 proponit
527 4067 603 4154 his,
625 4072 686 4163 qui
703 4071 836 4158 populo
859 4070 1117 4139 concionantur
1132 4067 1170 4134 in
1220 4068 1376 4152 vinciae,
1408 4081 1441 4137 et
1464 4066 1558 4138 nihil
1579 4069 1705 4140 afferre
1719 4095 1841 4162 posse,
1868 4073 1964 4163 quod
1982 4074 2038 4142 vel
2056 4075 2217 4148 novitate

178 4180 399 4253 civitatibus:
433 4166 485 4266 μή
500 4195 566 4263 μοι
586 4165 634 4239 τὰ
649 4162 780 4262 ndu-apd
797 4165 896 4265 ls‘ye,
923 4165 1014 4239 atad
1031 4159 1086 4239 ὧν
1105 4160 1169 4239 nd·
1221 4183 1256 4240 et
1273 4170 1383 4260 gratia
1403 4172 1620 4258 argumenti,
1644 4173 1700 4241 vel
1717 4174 2023 4244 commendatione
2040 4175 2216 4248 orationis

180 4287 232 4354 let
244 4276 311 4351 δεῖ.
361 4274 415 4345 Ne
430 4271 632 4365 plausibilia
649 4270 762 4352 dicas,
786 4276 845 4336 sed
860 4271 992 4360 quibus
1003 4292 1092 4362 opus
1107 4264 1172 4337 ha·
1223 4272 1360 4363 placere
1377 4272 1505 4362 possit,
1527 4286 1645 4343 tamen
1662 4274 1742 4367 quia
1757 4287 1901 4366 propter
1916 4277 2096 4366 publicam
2111 4292 2215 4350 ωηο.

177 4386 240 4457 bet
261 4379 394 4450 civitas.
449 4372 547 4443 Haec
570 4372 743 4440 inculeate
761 4369 889 4436 animis
911 4369 1036 4460 optimi
1052 4368 1172 4438 adole·
1222 4374 1378 4457 ritatem,
1403 4396 1509 4465 quarn
1525 4370 1615 4443 mihi
1638 4377 1830 4447 detrectare
1845 4400 1920 4444 non
1939 4378 2008 4448 luit
2023 4379 2216 4469 integrum,

180 4496 334 4565 scentes3
368 4499 452 4545 nam
476 4474 594 4543 studia
611 4483 725 4540 vestra
747 4492 820 4538 non
838 4483 974 4539 tantum
992 4471 1035 4538 ad
1054 4470 1172 4561 priva·
1222 4474 1358 4567 aliquid
1383 4475 1575 4544 dicendum
1597 4490 1667 4561 est,
1698 4479 1804 4548 statui
1821 4477 1858 4545 in
1877 4481 2075 4570 praesentia
2098 4504 2216 4552 mera-

180 4602 233 4660 tas
254 4582 425 4655 utilitates
447 4588 595 4659 vestras,
631 4574 692 4643 sed
722 4574 767 4642 ad
791 4584 901 4641 totam
926 4568 1103 4662 Rempub.
1126 4575 1169 4642 ad
1221 4599 1302 4644 rum
1320 4576 1502 4645 literarum
1518 4574 1713 4660 studiosos,
1743 4593 1778 4650 et
1798 4579 1921 4672 quiad
1938 4583 2139 4652 docendum
2156 4607 2216 4653 ac·

180 4687 329 4780 gloriam
363 4680 450 4765 Dei,
499 4678 544 4747 ad
577 4672 755 4746 Ecclesiae
794 4675 958 4744 salutem.
984 4673 1171 4764 pertinent
1222 4676 1353 4745 cessuri
1377 4689 1478 4760 sunt,
1514 4678 1705 4748 admonere
1728 4682 1771 4751 de
1794 4706 1859 4751 suo
1879 4681 2017 4767 allicio,
2050 4698 2090 4754 ut
2114 4698 2217 4777 post.

180 4788 287 4878 Quod
314 4809 394 4856 cum
416 4778 633 4873 cogitabitis,
663 4778 797 4846 maiore
821 4800 904 4845 cura
927 4776 970 4843 ad
995 4787 1171 4845 tantarum
1223 4800 1328 4870 qnam
1362 4799 1500 4845 summo
1533 4777 1592 4847 dei
1623 4780 1810 4866 beneficio,
1850 4776 1918 4851 hoc
1944 4797 2103 4877 tempore
2123 4810 2218 4879 pun

180 4913 300 4961 rerum
334 4887 573 4973 defensionem
610 4879 722 4949 animi
755 4889 860 4947 erunt
894 4875 1096 4945 instruendi
1133 4900 1172 4945 ac
1223 4872 1411 4966 Evangelii
1454 4880 1614 4949 doctrina
1655 4896 1821 4952 renovata
1862 4908 1903 4955 ac
1943 4888 2104 4960 restituta
2146 4901 2219 4976 est,

181 4986 430 5082 praeparandi.
481 4983 600 5076 Atque
625 4978 688 5050 has
713 5004 833 5050 causas
848 4979 887 5046 in
902 4976 1007 5048 bonis
1022 4978 1174 5067 ingeniis
1223 5000 1345 5048 omnes
1361 5000 1441 5048 suas
1457 4981 1706 5069 cogitationes,
1730 5007 1833 5053 cttras
1848 5000 1882 5055 et
1898 4990 2013 5058 studia
2031 4990 2220 5063 conferant

180 5093 376 5186 plurimum
392 5087 508 5156 valere
520 5108 644 5174 spero,
671 5106 761 5176 quae
777 5085 875 5151 decet
890 5079 1045 5170 profecto
1061 5080 1173 5148 maxi·
1195 5114 1199 5135 ι
1223 5081 1266 5150 ad
1286 5084 1562 5153 conservandam
1583 5085 1620 5154 in
1636 5082 1791 5155 Ecclesia
1809 5089 1998 5178 puritatem
2020 5093 2219 5180 doctrinae,

180 5219 236 5264 me
260 5206 294 5262 et
310 5189 491 5259 voluntate
506 5183 594 5269 Dei,
619 5198 654 5254 et
676 5180 1014 5252 comminationibus
1030 5182 1175 5266 divinis,
1223 5206 1261 5251 ac
1277 5182 1507 5255 meminerint
1521 5186 1590 5257 sibi
1606 5209 1719 5257 unum
1741 5181 1837 5259 hunc
1859 5191 1964 5261 finem
1991 5196 2219 5284 propostam

181 5309 215 5366 et
234 5290 401 5386 periculis
417 5286 586 5379 publicis,
612 5298 648 5355 et
670 5285 745 5378 ipsa
760 5309 880 5354 rerum
903 5282 1074 5372 dignitate
1095 5307 1173 5353 mo-
1222 5306 1316 5368 csse,
1350 5286 1394 5354 ad
1418 5310 1523 5378 quem
1554 5309 1692 5378 semper
1717 5304 1890 5381 spectare,
1925 5307 1959 5363 et
1990 5320 2062 5387 qno
2096 5297 2219 5369 0an

182 5397 268 5470 veri.
319 5391 414 5465 ⁰3¹5·
1223 5398 1343 5454 noster
1358 5409 1481 5457 cursus
1494 5389 1707 5455 contendere
1722 5391 1857 5463 debeat.
1900 5393 1997 5463 Haec
2011 5393 2219 5470 adhortatio

1223 5509 1328 5580 quam
1360 5486 1554 5557 necessaria
1583 5486 1647 5573 sit,
1685 5494 1891 5579 pracsertim
1922 5490 1989 5566 hoc
2018 5500 2218 5572 novtggimo
