<?xml version="1.0" encoding="UTF-8"?>
<!DOCTYPE html PUBLIC "-//W3C//DTD XHTML 1.0 Transitional//EN"
    "http://www.w3.org/TR/xhtml1/DTD/xhtml1-transitional.dtd">
<html xmlns="http://www.w3.org/1999/xhtml" xml:lang="en" lang="en">
 <head>
  <title>
</title>
<meta http-equiv="Content-Type" content="text/html;charset=utf-8" />
  <meta name='ocr-system' content='tesseract 3.04.00' />
  <meta name='ocr-capabilities' content='ocr_page ocr_carea ocr_par ocr_line ocrx_word'/>
</head>
<body>
  <div class='ocr_page' id='page_1' title='image "./philippimelanth21melagoog/philippimelanth21melagoog_0043.png"; bbox 0 0 4756 6022; ppageno 0'>
   <div class='ocr_carea' id='block_1_1' title="bbox 253 190 2299 309">
    <p class='ocr_par' dir='ltr' id='par_1_1' title="bbox 253 190 2299 309">
     <span class='ocr_line' id='line_1_1' title="bbox 253 190 2299 309; baseline -0.003 -31"><span class='ocrx_word' id='word_1_1' title='bbox 253 211 304 289; x_wconf 73' lang='lat' dir='ltr'><strong>as</strong></span> <span class='ocrx_word' id='word_1_2' title='bbox 746 196 906 277; x_wconf 76' lang='lat' dir='ltr'><strong>nucu</strong></span> <span class='ocrx_word' id='word_1_3' title='bbox 939 193 1016 273; x_wconf 84' lang='lat' dir='ltr'><strong>nu</strong></span> <span class='ocrx_word' id='word_1_4' title='bbox 1045 191 1325 277; x_wconf 76' lang='lat' dir='ltr'><strong>uacuum</strong></span> <span class='ocrx_word' id='word_1_5' title='bbox 1357 190 1797 309; x_wconf 79' lang='lat' dir='ltr'><strong>uuoouuurmu.</strong></span> <span class='ocrx_word' id='word_1_6' title='bbox 2246 200 2299 273; x_wconf 87' lang='lat' dir='ltr'><strong>so</strong></span> 
     </span>
    </p>
   </div>
   <div class='ocr_carea' id='block_1_2' title="bbox 175 366 2300 1078">
    <p class='ocr_par' dir='ltr' id='par_1_2' title="bbox 175 366 2300 1078">
     <span class='ocr_line' id='line_1_2' title="bbox 175 366 2298 467; baseline -0.008 -8"><span class='ocrx_word' id='word_1_7' title='bbox 175 372 182 393; x_wconf 76' lang='grc'><strong><em>’</em></strong></span> <span class='ocrx_word' id='word_1_8' title='bbox 255 410 335 459; x_wconf 89' lang='lat' dir='ltr'><strong>cero</strong></span> <span class='ocrx_word' id='word_1_9' title='bbox 352 377 466 454; x_wconf 83' lang='lat' dir='ltr'><strong>dixit?</strong></span> <span class='ocrx_word' id='word_1_10' title='bbox 500 374 599 467; x_wconf 86' lang='lat' dir='ltr'><strong>Quid</strong></span> <span class='ocrx_word' id='word_1_11' title='bbox 620 371 761 442; x_wconf 87' lang='lat' dir='ltr'><strong>civilius</strong></span> <span class='ocrx_word' id='word_1_12' title='bbox 777 395 816 441; x_wconf 90' lang='lat' dir='ltr'><strong>ea</strong></span> <span class='ocrx_word' id='word_1_13' title='bbox 840 372 958 463; x_wconf 84' lang='lat' dir='ltr'><strong>legum</strong></span> <span class='ocrx_word' id='word_1_14' title='bbox 975 371 1254 464; x_wconf 89' lang='lat' dir='ltr'><strong>praedicatione,</strong></span> <span class='ocrx_word' id='word_1_15' title='bbox 1299 366 1457 455; x_wconf 88' lang='lat' dir='ltr'><strong>abdidit,</strong></span> <span class='ocrx_word' id='word_1_16' title='bbox 1487 367 1679 462; x_wconf 82' lang='lat' dir='ltr'><strong>feruntque</strong></span> <span class='ocrx_word' id='word_1_17' title='bbox 1701 367 1980 460; x_wconf 85' lang='lat' dir='ltr'><strong>pertinacissime</strong></span> <span class='ocrx_word' id='word_1_18' title='bbox 2002 368 2167 440; x_wconf 81' lang='lat' dir='ltr'><strong>fraudato</strong></span> <span class='ocrx_word' id='word_1_19' title='bbox 2191 370 2298 463; x_wconf 87' lang='lat' dir='ltr'><strong>genio</strong></span> 
     </span>
     <span class='ocr_line' id='line_1_3' title="bbox 254 466 2299 584; baseline -0.007 -26"><span class='ocrx_word' id='word_1_20' title='bbox 254 511 362 584; x_wconf 88' lang='lat' dir='ltr'><strong>quam</strong></span> <span class='ocrx_word' id='word_1_21' title='bbox 385 507 427 553; x_wconf 88' lang='lat' dir='ltr'><strong>ex</strong></span> <span class='ocrx_word' id='word_1_22' title='bbox 448 471 720 559; x_wconf 87' lang='lat' dir='ltr'><strong>Demosthenica</strong></span> <span class='ocrx_word' id='word_1_23' title='bbox 741 473 902 543; x_wconf 89' lang='lat' dir='ltr'><strong>oratione</strong></span> <span class='ocrx_word' id='word_1_24' title='bbox 924 469 1019 546; x_wconf 78' lang='grc' dir='ltr'><strong><em>κατὰ</em></strong></span> <span class='ocrx_word' id='word_1_25' title='bbox 1044 466 1252 571; x_wconf 77' lang='lat' dir='ltr'><strong>oiptocoyei-</strong></span> <span class='ocrx_word' id='word_1_26' title='bbox 1301 471 1490 541; x_wconf 84' lang='lat' dir='ltr'>lucubrare</span> <span class='ocrx_word' id='word_1_27' title='bbox 1525 471 1682 544; x_wconf 89' lang='lat' dir='ltr'><strong>solitum.</strong></span> <span class='ocrx_word' id='word_1_28' title='bbox 1740 467 1875 564; x_wconf 85' lang='lat' dir='ltr'><strong>Estque</strong></span> <span class='ocrx_word' id='word_1_29' title='bbox 1909 466 2122 543; x_wconf 79' lang='lat' dir='ltr'>Plutarchus</span> <span class='ocrx_word' id='word_1_30' title='bbox 2155 468 2299 560; x_wconf 81' lang='lat' dir='ltr'><strong>author,</strong></span> 
     </span>
     <span class='ocr_line' id='line_1_4' title="bbox 256 573 2298 668; baseline -0.009 -9"><span class='ocrx_word' id='word_1_31' title='bbox 256 613 365 668; x_wconf 76' lang='grc' dir='ltr'><strong><em>τονος</em></strong></span> <span class='ocrx_word' id='word_1_32' title='bbox 381 577 629 655; x_wconf 74' lang='lat' dir='ltr'><strong>Iurisconsulti</strong></span> <span class='ocrx_word' id='word_1_33' title='bbox 643 577 683 645; x_wconf 90' lang='lat' dir='ltr'><strong>in</strong></span> <span class='ocrx_word' id='word_1_34' title='bbox 700 600 781 646; x_wconf 90' lang='lat' dir='ltr'><strong>suos</strong></span> <span class='ocrx_word' id='word_1_35' title='bbox 802 577 1072 646; x_wconf 89' lang='lat' dir='ltr'><strong>commentarios</strong></span> <span class='ocrx_word' id='word_1_36' title='bbox 1095 587 1252 647; x_wconf 85' lang='lat' dir='ltr'><strong>transtu·</strong></span> <span class='ocrx_word' id='word_1_37' title='bbox 1301 574 1457 643; x_wconf 89' lang='lat' dir='ltr'><strong>lucernis</strong></span> <span class='ocrx_word' id='word_1_38' title='bbox 1477 587 1587 642; x_wconf 87' lang='lat' dir='ltr'><strong>noctu</strong></span> <span class='ocrx_word' id='word_1_39' title='bbox 1617 596 1721 642; x_wconf 89' lang='lat' dir='ltr'><strong>usum</strong></span> <span class='ocrx_word' id='word_1_40' title='bbox 1751 598 1824 643; x_wconf 89' lang='lat' dir='ltr'><strong>esse</strong></span> <span class='ocrx_word' id='word_1_41' title='bbox 1846 573 2023 658; x_wconf 79' lang='lat' dir='ltr'><strong>adsiduis,</strong></span> <span class='ocrx_word' id='word_1_42' title='bbox 2053 576 2166 643; x_wconf 91' lang='lat' dir='ltr'><strong>donec</strong></span> <span class='ocrx_word' id='word_1_43' title='bbox 2188 574 2298 668; x_wconf 75' lang='lat' dir='ltr'><strong>quin.-</strong></span> 
     </span>
     <span class='ocr_line' id='line_1_5' title="bbox 258 672 2300 775; baseline -0.008 -12"><span class='ocrx_word' id='word_1_44' title='bbox 258 691 352 762; x_wconf 82' lang='lat' dir='ltr'><strong>lere?</strong></span> <span class='ocrx_word' id='word_1_45' title='bbox 384 685 454 756; x_wconf 85' lang='lat' dir='ltr'><strong>Sed</strong></span> <span class='ocrx_word' id='word_1_46' title='bbox 477 703 648 775; x_wconf 81' lang='lat' dir='ltr'><strong>quorsum</strong></span> <span class='ocrx_word' id='word_1_47' title='bbox 674 679 799 748; x_wconf 77' lang='lat' dir='ltr'><strong>attinet</strong></span> <span class='ocrx_word' id='word_1_48' title='bbox 821 672 880 746; x_wconf 92' lang='lat' dir='ltr'><strong>hic</strong></span> <span class='ocrx_word' id='word_1_49' title='bbox 909 678 1081 768; x_wconf 90' lang='lat' dir='ltr'><strong>prolixius</strong></span> <span class='ocrx_word' id='word_1_50' title='bbox 1102 677 1253 767; x_wconf 87' lang='lat' dir='ltr'><strong>scripto·</strong></span> <span class='ocrx_word' id='word_1_51' title='bbox 1303 676 1542 769; x_wconf 90' lang='lat' dir='ltr'><strong>quagesimum</strong></span> <span class='ocrx_word' id='word_1_52' title='bbox 1560 698 1695 744; x_wconf 90' lang='lat' dir='ltr'><strong>annum</strong></span> <span class='ocrx_word' id='word_1_53' title='bbox 1714 676 1840 766; x_wconf 89' lang='lat' dir='ltr'><strong>attigit.</strong></span> <span class='ocrx_word' id='word_1_54' title='bbox 1892 674 2213 747; x_wconf 89' lang='lat' dir='ltr'><strong>Didiceruntenim</strong></span> <span class='ocrx_word' id='word_1_55' title='bbox 2229 701 2300 749; x_wconf 85' lang='lat' dir='ltr'><strong>usu</strong></span> 
     </span>
     <span class='ocr_line' id='line_1_6' title="bbox 257 768 2300 884; baseline -0.007 -24"><span class='ocrx_word' id='word_1_56' title='bbox 257 817 337 864; x_wconf 91' lang='lat' dir='ltr'><strong>rum</strong></span> <span class='ocrx_word' id='word_1_57' title='bbox 356 768 540 884; x_wconf 70' lang='grc' dir='ltr'><strong>ἐγκώμιον</strong></span> <span class='ocrx_word' id='word_1_58' title='bbox 557 781 695 850; x_wconf 85' lang='lat' dir='ltr'><strong>texere?</strong></span> <span class='ocrx_word' id='word_1_59' title='bbox 729 778 829 868; x_wconf 88' lang='lat' dir='ltr'><strong>Quin</strong></span> <span class='ocrx_word' id='word_1_60' title='bbox 845 779 912 868; x_wconf 90' lang='lat' dir='ltr'><strong>ipsi</strong></span> <span class='ocrx_word' id='word_1_61' title='bbox 927 780 1124 871; x_wconf 91' lang='lat' dir='ltr'><strong>periculum</strong></span> <span class='ocrx_word' id='word_1_62' title='bbox 1137 778 1253 861; x_wconf 86' lang='lat' dir='ltr'><strong>facite,</strong></span> <span class='ocrx_word' id='word_1_63' title='bbox 1304 777 1569 870; x_wconf 73' lang='lat' dir='ltr'><strong>prudentissimi</strong></span> <span class='ocrx_word' id='word_1_64' title='bbox 1587 772 1768 861; x_wconf 89' lang='lat' dir='ltr'><strong>homines,</strong></span> <span class='ocrx_word' id='word_1_65' title='bbox 1795 801 1902 870; x_wconf 90' lang='lat' dir='ltr'><strong>quam</strong></span> <span class='ocrx_word' id='word_1_66' title='bbox 1919 802 1994 846; x_wconf 94' lang='lat' dir='ltr'><strong>non</strong></span> <span class='ocrx_word' id='word_1_67' title='bbox 2010 777 2173 866; x_wconf 89' lang='lat' dir='ltr'><strong>vulgaris·</strong></span> <span class='ocrx_word' id='word_1_68' title='bbox 2185 778 2300 849; x_wconf 87' lang='lat' dir='ltr'><strong>artifi-</strong></span> 
     </span>
     <span class='ocr_line' id='line_1_7' title="bbox 260 875 2300 987; baseline -0.006 -26"><span class='ocrx_word' id='word_1_69' title='bbox 260 893 346 987; x_wconf 91' lang='lat' dir='ltr'><strong>quid</strong></span> <span class='ocrx_word' id='word_1_70' title='bbox 365 913 406 957; x_wconf 89' lang='lat' dir='ltr'><strong>ex</strong></span> <span class='ocrx_word' id='word_1_71' title='bbox 428 884 583 955; x_wconf 82' lang='lat' dir='ltr'><strong>classicis</strong></span> <span class='ocrx_word' id='word_1_72' title='bbox 600 883 749 976; x_wconf 89' lang='lat' dir='ltr'><strong>quisque</strong></span> <span class='ocrx_word' id='word_1_73' title='bbox 765 893 934 972; x_wconf 90' lang='lat' dir='ltr'><strong>praestet,</strong></span> <span class='ocrx_word' id='word_1_74' title='bbox 961 895 1093 974; x_wconf 88' lang='lat' dir='ltr'><strong>quanta</strong></span> <span class='ocrx_word' id='word_1_75' title='bbox 1115 878 1252 972; x_wconf 91' lang='lat' dir='ltr'><strong>perspi·</strong></span> <span class='ocrx_word' id='word_1_76' title='bbox 1305 881 1354 949; x_wconf 91' lang='lat' dir='ltr'><strong>cis</strong></span> <span class='ocrx_word' id='word_1_77' title='bbox 1368 881 1431 960; x_wconf 90' lang='lat' dir='ltr'><strong>sit,</strong></span> <span class='ocrx_word' id='word_1_78' title='bbox 1459 880 1616 947; x_wconf 83' lang='lat' dir='ltr'><strong>dilucide</strong></span> <span class='ocrx_word' id='word_1_79' title='bbox 1629 891 1777 972; x_wconf 90' lang='lat' dir='ltr'><strong>apteque</strong></span> <span class='ocrx_word' id='word_1_80' title='bbox 1793 880 1920 967; x_wconf 88' lang='lat' dir='ltr'><strong>dicere.</strong></span> <span class='ocrx_word' id='word_1_81' title='bbox 1974 875 2023 949; x_wconf 89' lang='lat' dir='ltr'><strong>At</strong></span> <span class='ocrx_word' id='word_1_82' title='bbox 2039 903 2079 949; x_wconf 90' lang='lat' dir='ltr'><strong>ex</strong></span> <span class='ocrx_word' id='word_1_83' title='bbox 2097 880 2226 949; x_wconf 88' lang='lat' dir='ltr'><strong>nostris</strong></span> <span class='ocrx_word' id='word_1_84' title='bbox 2240 880 2300 949; x_wconf 89' lang='lat' dir='ltr'><strong>iu·</strong></span> 
     </span>
     <span class='ocr_line' id='line_1_8' title="bbox 259 980 2299 1078; baseline -0.007 -13"><span class='ocrx_word' id='word_1_85' title='bbox 259 995 388 1066; x_wconf 84' lang='lat' dir='ltr'><strong>onitate</strong></span> <span class='ocrx_word' id='word_1_86' title='bbox 401 987 582 1078; x_wconf 84' lang='lat' dir='ltr'><strong>gratiaque</strong></span> <span class='ocrx_word' id='word_1_87' title='bbox 605 984 725 1053; x_wconf 89' lang='lat' dir='ltr'><strong>omnia</strong></span> <span class='ocrx_word' id='word_1_88' title='bbox 741 984 905 1073; x_wconf 89' lang='lat' dir='ltr'><strong>explicet,</strong></span> <span class='ocrx_word' id='word_1_89' title='bbox 932 1007 1038 1075; x_wconf 91' lang='lat' dir='ltr'><strong>quam</strong></span> <span class='ocrx_word' id='word_1_90' title='bbox 1059 984 1254 1075; x_wconf 88' lang='lat' dir='ltr'><strong>prudenter</strong></span> <span class='ocrx_word' id='word_1_91' title='bbox 1306 982 1456 1051; x_wconf 83' lang='lat' dir='ltr'><strong>renibus</strong></span> <span class='ocrx_word' id='word_1_92' title='bbox 1498 981 1779 1074; x_wconf 79' lang='lat' dir='ltr'><strong>quotusquisque</strong></span> <span class='ocrx_word' id='word_1_93' title='bbox 1820 981 1876 1050; x_wconf 90' lang='lat' dir='ltr'><strong>vel</strong></span> <span class='ocrx_word' id='word_1_94' title='bbox 1917 996 2088 1072; x_wconf 90' lang='lat' dir='ltr'><strong>perpetuo</strong></span> <span class='ocrx_word' id='word_1_95' title='bbox 2122 980 2299 1050; x_wconf 90' lang='lat' dir='ltr'><strong>decennio</strong></span> 
     </span>
    </p>
   </div>
   <div class='ocr_carea' id='block_1_3' title="bbox 156 1081 2301 1178">
    <p class='ocr_par' dir='ltr' id='par_1_3' title="bbox 156 1081 2301 1178">
     <span class='ocr_line' id='line_1_9' title="bbox 156 1081 2301 1178; baseline -0.006 -13"><span class='ocrx_word' id='word_1_96' title='bbox 156 1105 160 1111; x_wconf 82' lang='grc'><strong>“</strong></span> <span class='ocrx_word' id='word_1_97' title='bbox 260 1095 380 1169; x_wconf 92' lang='lat' dir='ltr'><strong>omnia</strong></span> <span class='ocrx_word' id='word_1_98' title='bbox 397 1091 548 1178; x_wconf 90' lang='lat' dir='ltr'><strong>colligat,</strong></span> <span class='ocrx_word' id='word_1_99' title='bbox 575 1110 664 1178; x_wconf 91' lang='lat' dir='ltr'><strong>quae</strong></span> <span class='ocrx_word' id='word_1_100' title='bbox 679 1087 723 1154; x_wconf 91' lang='lat' dir='ltr'><strong>ad</strong></span> <span class='ocrx_word' id='word_1_101' title='bbox 741 1086 942 1154; x_wconf 91' lang='lat' dir='ltr'><strong>institutum</strong></span> <span class='ocrx_word' id='word_1_102' title='bbox 958 1085 1148 1176; x_wconf 88' lang='lat' dir='ltr'><strong>pertinent.</strong></span> <span class='ocrx_word' id='word_1_103' title='bbox 1175 1081 1253 1152; x_wconf 91' lang='lat' dir='ltr'><strong>Nisi</strong></span> <span class='ocrx_word' id='word_1_104' title='bbox 1304 1107 1418 1153; x_wconf 89' lang='lat' dir='ltr'><strong>unum</strong></span> <span class='ocrx_word' id='word_1_105' title='bbox 1433 1083 1588 1175; x_wconf 91' lang='lat' dir='ltr'><strong>aliquem</strong></span> <span class='ocrx_word' id='word_1_106' title='bbox 1604 1082 1818 1152; x_wconf 89' lang='lat' dir='ltr'><strong>versiculum</strong></span> <span class='ocrx_word' id='word_1_107' title='bbox 1832 1083 1985 1153; x_wconf 89' lang='lat' dir='ltr'><strong>scribere</strong></span> <span class='ocrx_word' id='word_1_108' title='bbox 2004 1083 2185 1154; x_wconf 84' lang='lat' dir='ltr'><strong>instituit?</strong></span> <span class='ocrx_word' id='word_1_109' title='bbox 2218 1082 2301 1153; x_wconf 74' lang='lat' dir='ltr'><strong>Ple-</strong></span> 
     </span>
    </p>
   </div>
   <div class='ocr_carea' id='block_1_4' title="bbox 262 1184 2359 2096">
    <p class='ocr_par' dir='ltr' id='par_1_4' title="bbox 262 1184 2359 1490">
     <span class='ocr_line' id='line_1_10' title="bbox 262 1184 2301 1278; baseline -0.006 -10"><span class='ocrx_word' id='word_1_110' title='bbox 262 1198 358 1268; x_wconf 91' lang='lat' dir='ltr'><strong>enim</strong></span> <span class='ocrx_word' id='word_1_111' title='bbox 373 1195 417 1261; x_wconf 94' lang='lat' dir='ltr'><strong>ad</strong></span> <span class='ocrx_word' id='word_1_112' title='bbox 434 1189 563 1260; x_wconf 91' lang='lat' dir='ltr'><strong>horum</strong></span> <span class='ocrx_word' id='word_1_113' title='bbox 581 1188 815 1266; x_wconf 87' lang='lat' dir='ltr'><strong>imitationem</strong></span> <span class='ocrx_word' id='word_1_114' title='bbox 833 1201 865 1255; x_wconf 90' lang='lat' dir='ltr'><strong>te</strong></span> <span class='ocrx_word' id='word_1_115' title='bbox 880 1210 1083 1276; x_wconf 89' lang='lat' dir='ltr'><strong>componas,</strong></span> <span class='ocrx_word' id='word_1_116' title='bbox 1109 1206 1254 1277; x_wconf 90' lang='lat' dir='ltr'><strong>prorsus</strong></span> <span class='ocrx_word' id='word_1_117' title='bbox 1306 1185 1407 1278; x_wconf 90' lang='lat' dir='ltr'><strong>rique</strong></span> <span class='ocrx_word' id='word_1_118' title='bbox 1426 1184 1727 1275; x_wconf 83' lang='lat' dir='ltr'><strong>compendiariam</strong></span> <span class='ocrx_word' id='word_1_119' title='bbox 1745 1187 1839 1255; x_wconf 88' lang='lat' dir='ltr'><strong>viam</strong></span> <span class='ocrx_word' id='word_1_120' title='bbox 1854 1188 1897 1254; x_wconf 92' lang='lat' dir='ltr'><strong>ad</strong></span> <span class='ocrx_word' id='word_1_121' title='bbox 1915 1187 2200 1277; x_wconf 89' lang='lat' dir='ltr'><strong>consequendam</strong></span> <span class='ocrx_word' id='word_1_122' title='bbox 2217 1208 2301 1255; x_wconf 85' lang='lat' dir='ltr'><strong>eru·</strong></span> 
     </span>
     <span class='ocr_line' id='line_1_11' title="bbox 263 1280 2359 1388; baseline -0.005 -22"><span class='ocrx_word' id='word_1_123' title='bbox 263 1295 481 1388; x_wconf 89' lang='lat' dir='ltr'><strong>desperanda</strong></span> <span class='ocrx_word' id='word_1_124' title='bbox 499 1304 551 1359; x_wconf 91' lang='lat' dir='ltr'><strong>est</strong></span> <span class='ocrx_word' id='word_1_125' title='bbox 565 1303 658 1357; x_wconf 88' lang='lat' dir='ltr'><strong>recte</strong></span> <span class='ocrx_word' id='word_1_126' title='bbox 670 1287 813 1356; x_wconf 90' lang='lat' dir='ltr'><strong>dicendi</strong></span> <span class='ocrx_word' id='word_1_127' title='bbox 830 1280 1083 1380; x_wconf 83' lang='lat' dir='ltr'><strong>iudicandique</strong></span> <span class='ocrx_word' id='word_1_128' title='bbox 1096 1288 1254 1356; x_wconf 83' lang='lat' dir='ltr'><strong>facultas.</strong></span> <span class='ocrx_word' id='word_1_129' title='bbox 1307 1289 1479 1357; x_wconf 90' lang='lat' dir='ltr'><strong>ditionem</strong></span> <span class='ocrx_word' id='word_1_130' title='bbox 1496 1310 1569 1355; x_wconf 89' lang='lat' dir='ltr'><strong>esse</strong></span> <span class='ocrx_word' id='word_1_131' title='bbox 1583 1300 1747 1366; x_wconf 90' lang='lat' dir='ltr'><strong>censent,</strong></span> <span class='ocrx_word' id='word_1_132' title='bbox 1771 1287 1921 1379; x_wconf 89' lang='lat' dir='ltr'><strong>siquam</strong></span> <span class='ocrx_word' id='word_1_133' title='bbox 1945 1288 2098 1378; x_wconf 91' lang='lat' dir='ltr'><strong>plurima</strong></span> <span class='ocrx_word' id='word_1_134' title='bbox 2120 1287 2302 1359; x_wconf 84' lang='lat' dir='ltr'><strong>audierint</strong></span> <span class='ocrx_word' id='word_1_135' title='bbox 2356 1311 2359 1317; x_wconf 91' lang='lat'>·</span> 
     </span>
     <span class='ocr_line' id='line_1_12' title="bbox 263 1387 2329 1490; baseline -0.005 -22"><span class='ocrx_word' id='word_1_136' title='bbox 263 1401 448 1490; x_wconf 89' lang='lat' dir='ltr'><strong>Superest,</strong></span> <span class='ocrx_word' id='word_1_137' title='bbox 480 1406 520 1463; x_wconf 93' lang='lat' dir='ltr'><strong>ut</strong></span> <span class='ocrx_word' id='word_1_138' title='bbox 545 1392 741 1459; x_wconf 88' lang='lat' dir='ltr'><strong>iudicemus</strong></span> <span class='ocrx_word' id='word_1_139' title='bbox 773 1403 806 1459; x_wconf 89' lang='lat' dir='ltr'><strong>et</strong></span> <span class='ocrx_word' id='word_1_140' title='bbox 833 1390 980 1458; x_wconf 86' lang='lat' dir='ltr'><strong>alteram</strong></span> <span class='ocrx_word' id='word_1_141' title='bbox 1002 1413 1160 1472; x_wconf 89' lang='lat' dir='ltr'><strong>causam,</strong></span> <span class='ocrx_word' id='word_1_142' title='bbox 1192 1411 1256 1456; x_wconf 91' lang='lat' dir='ltr'><strong>cur</strong></span> <span class='ocrx_word' id='word_1_143' title='bbox 1308 1404 1368 1458; x_wconf 92' lang='lat' dir='ltr'><strong>aut</strong></span> <span class='ocrx_word' id='word_1_144' title='bbox 1381 1389 1543 1477; x_wconf 89' lang='lat' dir='ltr'><strong>legerint.</strong></span> <span class='ocrx_word' id='word_1_145' title='bbox 1571 1387 1695 1480; x_wconf 89' lang='lat' dir='ltr'><strong>ltaque</strong></span> <span class='ocrx_word' id='word_1_146' title='bbox 1709 1389 1772 1456; x_wconf 94' lang='lat' dir='ltr'><strong>alii</strong></span> <span class='ocrx_word' id='word_1_147' title='bbox 1786 1402 1879 1460; x_wconf 90' lang='lat' dir='ltr'><strong>totos</strong></span> <span class='ocrx_word' id='word_1_148' title='bbox 1895 1389 1969 1458; x_wconf 90' lang='lat' dir='ltr'><strong>dies</strong></span> <span class='ocrx_word' id='word_1_149' title='bbox 1985 1412 2124 1459; x_wconf 90' lang='lat' dir='ltr'><strong>sursum</strong></span> <span class='ocrx_word' id='word_1_150' title='bbox 2141 1413 2180 1459; x_wconf 91' lang='lat' dir='ltr'><strong>ac</strong></span> <span class='ocrx_word' id='word_1_151' title='bbox 2195 1392 2329 1458; x_wconf 89' lang='lat' dir='ltr'><strong>deor-.</strong></span> 
     </span>
    </p>

    <p class='ocr_par' dir='ltr' id='par_1_5' title="bbox 263 1485 2306 2096">
     <span class='ocr_line' id='line_1_13' title="bbox 263 1485 2305 1593; baseline -0.008 -21"><span class='ocrx_word' id='word_1_152' title='bbox 263 1499 484 1593; x_wconf 89' lang='lat' dir='ltr'><strong>eloquentiae</strong></span> <span class='ocrx_word' id='word_1_153' title='bbox 500 1492 627 1563; x_wconf 90' lang='lat' dir='ltr'><strong>studiis</strong></span> <span class='ocrx_word' id='word_1_154' title='bbox 643 1491 816 1561; x_wconf 92' lang='lat' dir='ltr'><strong>iudicium</strong></span> <span class='ocrx_word' id='word_1_155' title='bbox 834 1491 912 1559; x_wconf 91' lang='lat' dir='ltr'><strong>acui</strong></span> <span class='ocrx_word' id='word_1_156' title='bbox 935 1491 1171 1561; x_wconf 86' lang='lat' dir='ltr'><strong>statuerimus.</strong></span> <span class='ocrx_word' id='word_1_157' title='bbox 1215 1488 1255 1556; x_wconf 92' lang='lat' dir='ltr'><strong>ld</strong></span> <span class='ocrx_word' id='word_1_158' title='bbox 1308 1515 1386 1560; x_wconf 89' lang='lat' dir='ltr'><strong>sum</strong></span> <span class='ocrx_word' id='word_1_159' title='bbox 1400 1504 1561 1573; x_wconf 88' lang='lat' dir='ltr'><strong>currunt,</strong></span> <span class='ocrx_word' id='word_1_160' title='bbox 1576 1485 1713 1559; x_wconf 91' lang='lat' dir='ltr'><strong>scholas</strong></span> <span class='ocrx_word' id='word_1_161' title='bbox 1727 1515 1849 1561; x_wconf 90' lang='lat' dir='ltr'><strong>omncs</strong></span> <span class='ocrx_word' id='word_1_162' title='bbox 1866 1504 2078 1583; x_wconf 90' lang='lat' dir='ltr'><strong>perreptant,</strong></span> <span class='ocrx_word' id='word_1_163' title='bbox 2096 1504 2305 1582; x_wconf 79' lang='lat' dir='ltr'><strong>praecepto..</strong></span> 
     </span>
     <span class='ocr_line' id='line_1_14' title="bbox 263 1592 2302 1690; baseline -0.005 -16"><span class='ocrx_word' id='word_1_164' title='bbox 263 1627 349 1674; x_wconf 85' lang='lat' dir='ltr'><strong>vero</strong></span> <span class='ocrx_word' id='word_1_165' title='bbox 366 1601 424 1682; x_wconf 87' lang='lat' dir='ltr'><strong>fit,</strong></span> <span class='ocrx_word' id='word_1_166' title='bbox 449 1597 544 1690; x_wconf 92' lang='lat' dir='ltr'><strong>quod</strong></span> <span class='ocrx_word' id='word_1_167' title='bbox 560 1594 807 1663; x_wconf 89' lang='lat' dir='ltr'><strong>benedicendi</strong></span> <span class='ocrx_word' id='word_1_168' title='bbox 824 1617 907 1661; x_wconf 91' lang='lat' dir='ltr'><strong>cura</strong></span> <span class='ocrx_word' id='word_1_169' title='bbox 930 1617 993 1683; x_wconf 90' lang='lat' dir='ltr'><strong>per</strong></span> <span class='ocrx_word' id='word_1_170' title='bbox 1010 1615 1082 1661; x_wconf 90' lang='lat' dir='ltr'><strong>sese</strong></span> <span class='ocrx_word' id='word_1_171' title='bbox 1098 1592 1253 1680; x_wconf 89' lang='lat' dir='ltr'><strong>vegetio·</strong></span> <span class='ocrx_word' id='word_1_172' title='bbox 1309 1617 1364 1662; x_wconf 91' lang='lat' dir='ltr'><strong>res</strong></span> <span class='ocrx_word' id='word_1_173' title='bbox 1386 1592 1515 1682; x_wconf 91' lang='lat' dir='ltr'><strong>passim</strong></span> <span class='ocrx_word' id='word_1_174' title='bbox 1538 1594 1708 1682; x_wconf 88' lang='lat' dir='ltr'><strong>audiunt,</strong></span> <span class='ocrx_word' id='word_1_175' title='bbox 1736 1593 1982 1685; x_wconf 85' lang='lat' dir='ltr'><strong>miranturque</strong></span> <span class='ocrx_word' id='word_1_176' title='bbox 1997 1616 2071 1661; x_wconf 90' lang='lat' dir='ltr'><strong>non</strong></span> <span class='ocrx_word' id='word_1_177' title='bbox 2092 1593 2302 1677; x_wconf 85' lang='lat' dir='ltr'><strong>intellectos,</strong></span> 
     </span>
     <span class='ocr_line' id='line_1_15' title="bbox 263 1689 2305 1787; baseline -0.006 -11"><span class='ocrx_word' id='word_1_178' title='bbox 263 1728 338 1776; x_wconf 88' lang='lat' dir='ltr'><strong>rem</strong></span> <span class='ocrx_word' id='word_1_179' title='bbox 353 1702 511 1772; x_wconf 83' lang='lat' dir='ltr'><strong>animum</strong></span> <span class='ocrx_word' id='word_1_180' title='bbox 530 1696 665 1778; x_wconf 88' lang='lat' dir='ltr'><strong>reddit,</strong></span> <span class='ocrx_word' id='word_1_181' title='bbox 687 1710 727 1764; x_wconf 90' lang='lat' dir='ltr'><strong>ut</strong></span> <span class='ocrx_word' id='word_1_182' title='bbox 742 1695 828 1786; x_wconf 93' lang='lat' dir='ltr'><strong>quid</strong></span> <span class='ocrx_word' id='word_1_183' title='bbox 845 1694 883 1761; x_wconf 91' lang='lat' dir='ltr'><strong>in</strong></span> <span class='ocrx_word' id='word_1_184' title='bbox 898 1718 1038 1787; x_wconf 86' lang='lat' dir='ltr'><strong>quaque</strong></span> <span class='ocrx_word' id='word_1_185' title='bbox 1054 1719 1091 1763; x_wconf 91' lang='lat' dir='ltr'><strong>re</strong></span> <span class='ocrx_word' id='word_1_186' title='bbox 1107 1693 1257 1763; x_wconf 85' lang='lat' dir='ltr'><strong>maxime</strong></span> <span class='ocrx_word' id='word_1_187' title='bbox 1310 1696 1436 1765; x_wconf 89' lang='lat' dir='ltr'><strong>dictata</strong></span> <span class='ocrx_word' id='word_1_188' title='bbox 1451 1693 1651 1785; x_wconf 89' lang='lat' dir='ltr'><strong>excipiunt,</strong></span> <span class='ocrx_word' id='word_1_189' title='bbox 1676 1695 1878 1763; x_wconf 88' lang='lat' dir='ltr'><strong>uncialibus</strong></span> <span class='ocrx_word' id='word_1_190' title='bbox 1891 1694 2003 1763; x_wconf 88' lang='lat' dir='ltr'><strong>literis</strong></span> <span class='ocrx_word' id='word_1_191' title='bbox 2025 1689 2189 1764; x_wconf 88' lang='lat' dir='ltr'><strong>elenchos</strong></span> <span class='ocrx_word' id='word_1_192' title='bbox 2206 1719 2305 1764; x_wconf 92' lang='lat' dir='ltr'><strong>com-</strong></span> 
     </span>
     <span class='ocr_line' id='line_1_16' title="bbox 265 1793 2305 1888; baseline -0.005 -11"><span class='ocrx_word' id='word_1_193' title='bbox 265 1803 465 1884; x_wconf 88' lang='lat' dir='ltr'><strong>conveniat,</strong></span> <span class='ocrx_word' id='word_1_194' title='bbox 491 1813 553 1867; x_wconf 90' lang='lat' dir='ltr'><strong>aut</strong></span> <span class='ocrx_word' id='word_1_195' title='bbox 570 1797 692 1887; x_wconf 89' lang='lat' dir='ltr'><strong>prosit,</strong></span> <span class='ocrx_word' id='word_1_196' title='bbox 718 1796 847 1864; x_wconf 87' lang='lat' dir='ltr'><strong>rectius</strong></span> <span class='ocrx_word' id='word_1_197' title='bbox 863 1797 1059 1886; x_wconf 87' lang='lat' dir='ltr'><strong>perspiciat.</strong></span> <span class='ocrx_word' id='word_1_198' title='bbox 1111 1793 1201 1863; x_wconf 90' lang='lat' dir='ltr'><strong>Nam</strong></span> <span class='ocrx_word' id='word_1_199' title='bbox 1218 1808 1257 1862; x_wconf 88' lang='lat' dir='ltr'><strong>ut</strong></span> <span class='ocrx_word' id='word_1_200' title='bbox 1309 1794 1564 1864; x_wconf 69' lang='lat' dir='ltr'><strong>mensariorum</strong></span> <span class='ocrx_word' id='word_1_201' title='bbox 1585 1809 1728 1879; x_wconf 90' lang='lat' dir='ltr'><strong>notant,</strong></span> <span class='ocrx_word' id='word_1_202' title='bbox 1754 1796 1867 1865; x_wconf 91' lang='lat' dir='ltr'><strong>minio</strong></span> <span class='ocrx_word' id='word_1_203' title='bbox 1886 1797 2074 1866; x_wconf 88' lang='lat' dir='ltr'><strong>illustrant.</strong></span> <span class='ocrx_word' id='word_1_204' title='bbox 2128 1795 2169 1865; x_wconf 95' lang='lat' dir='ltr'><strong>ln</strong></span> <span class='ocrx_word' id='word_1_205' title='bbox 2185 1797 2305 1888; x_wconf 91' lang='lat' dir='ltr'><strong>precio</strong></span> 
     </span>
     <span class='ocr_line' id='line_1_17' title="bbox 265 1896 2306 1998; baseline -0.002 -24"><span class='ocrx_word' id='word_1_206' title='bbox 265 1927 452 1998; x_wconf 88' lang='lat' dir='ltr'><strong>corporum</strong></span> <span class='ocrx_word' id='word_1_207' title='bbox 470 1901 581 1969; x_wconf 89' lang='lat' dir='ltr'><strong>robur</strong></span> <span class='ocrx_word' id='word_1_208' title='bbox 598 1897 762 1966; x_wconf 90' lang='lat' dir='ltr'><strong>exercitio</strong></span> <span class='ocrx_word' id='word_1_209' title='bbox 788 1896 992 1966; x_wconf 86' lang='lat' dir='ltr'><strong>confirmari</strong></span> <span class='ocrx_word' id='word_1_210' title='bbox 1012 1898 1183 1978; x_wconf 89' lang='lat' dir='ltr'><strong>videmus,</strong></span> <span class='ocrx_word' id='word_1_211' title='bbox 1208 1896 1257 1962; x_wconf 91' lang='lat' dir='ltr'><strong>ita</strong></span> <span class='ocrx_word' id='word_1_212' title='bbox 1310 1911 1393 1966; x_wconf 90' lang='lat' dir='ltr'><strong>sunt</strong></span> <span class='ocrx_word' id='word_1_213' title='bbox 1406 1896 1631 1986; x_wconf 88' lang='lat' dir='ltr'><strong>interpretes,</strong></span> <span class='ocrx_word' id='word_1_214' title='bbox 1655 1899 1838 1990; x_wconf 90' lang='lat' dir='ltr'><strong>quiquam</strong></span> <span class='ocrx_word' id='word_1_215' title='bbox 1861 1898 2015 1989; x_wconf 89' lang='lat' dir='ltr'><strong>plurima</strong></span> <span class='ocrx_word' id='word_1_216' title='bbox 2030 1899 2198 1974; x_wconf 86' lang='lat' dir='ltr'><strong>dictando</strong></span> <span class='ocrx_word' id='word_1_217' title='bbox 2214 1911 2306 1969; x_wconf 87' lang='lat' dir='ltr'><strong>tem·</strong></span> 
     </span>
     <span class='ocr_line' id='line_1_18' title="bbox 266 1992 2305 2096; baseline -0.004 -17"><span class='ocrx_word' id='word_1_218' title='bbox 266 2009 342 2079; x_wconf 83' lang='lat' dir='ltr'><strong>lieri</strong></span> <span class='ocrx_word' id='word_1_219' title='bbox 369 2003 510 2096; x_wconf 92' lang='lat' dir='ltr'><strong>nequit,</strong></span> <span class='ocrx_word' id='word_1_220' title='bbox 546 2000 634 2092; x_wconf 91' lang='lat' dir='ltr'><strong>quin</strong></span> <span class='ocrx_word' id='word_1_221' title='bbox 661 1993 851 2067; x_wconf 89' lang='lat' dir='ltr'><strong>hebescant</strong></span> <span class='ocrx_word' id='word_1_222' title='bbox 878 2021 1001 2067; x_wconf 87' lang='lat' dir='ltr'><strong>eorum</strong></span> <span class='ocrx_word' id='word_1_223' title='bbox 1027 1998 1156 2080; x_wconf 91' lang='lat' dir='ltr'><strong>animi,</strong></span> <span class='ocrx_word' id='word_1_224' title='bbox 1195 1995 1257 2086; x_wconf 90' lang='lat' dir='ltr'><strong>qui</strong></span> <span class='ocrx_word' id='word_1_225' title='bbox 1312 2020 1377 2088; x_wconf 92' lang='lat' dir='ltr'><strong>pus</strong></span> <span class='ocrx_word' id='word_1_226' title='bbox 1401 1992 1612 2081; x_wconf 88' lang='lat' dir='ltr'><strong>extrahunt,</strong></span> <span class='ocrx_word' id='word_1_227' title='bbox 1643 2022 1707 2067; x_wconf 92' lang='lat' dir='ltr'><strong>nec</strong></span> <span class='ocrx_word' id='word_1_228' title='bbox 1727 2000 1915 2092; x_wconf 89' lang='lat' dir='ltr'><strong>quisquam</strong></span> <span class='ocrx_word' id='word_1_229' title='bbox 1935 2000 2076 2070; x_wconf 90' lang='lat' dir='ltr'><strong>semisse</strong></span> <span class='ocrx_word' id='word_1_230' title='bbox 2099 2015 2305 2092; x_wconf 88' lang='lat' dir='ltr'><strong>praecepto-</strong></span> 
     </span>
    </p>
   </div>
   <div class='ocr_carea' id='block_1_5' title="bbox 159 2096 2306 2195">
    <p class='ocr_par' dir='ltr' id='par_1_6' title="bbox 159 2096 2306 2195">
     <span class='ocr_line' id='line_1_19' title="bbox 159 2096 2306 2195; baseline -0.004 -19"><span class='ocrx_word' id='word_1_231' title='bbox 159 2125 161 2128; x_wconf 73' lang='grc'>’</span> <span class='ocrx_word' id='word_1_232' title='bbox 266 2111 368 2180; x_wconf 89' lang='lat' dir='ltr'><strong>nullo</strong></span> <span class='ocrx_word' id='word_1_233' title='bbox 394 2103 578 2195; x_wconf 90' lang='lat' dir='ltr'><strong>ingenioso</strong></span> <span class='ocrx_word' id='word_1_234' title='bbox 610 2101 732 2169; x_wconf 90' lang='lat' dir='ltr'><strong>labore</strong></span> <span class='ocrx_word' id='word_1_235' title='bbox 761 2099 968 2172; x_wconf 90' lang='lat' dir='ltr'><strong>excitantur.</strong></span> <span class='ocrx_word' id='word_1_236' title='bbox 1020 2098 1165 2168; x_wconf 91' lang='lat' dir='ltr'><strong>Nemini</strong></span> <span class='ocrx_word' id='word_1_237' title='bbox 1191 2098 1259 2164; x_wconf 71' lang='lat' dir='ltr'><strong>du.</strong></span> <span class='ocrx_word' id='word_1_238' title='bbox 1311 2099 1537 2180; x_wconf 87' lang='lat' dir='ltr'><strong>rememerit,</strong></span> <span class='ocrx_word' id='word_1_239' title='bbox 1564 2099 1686 2192; x_wconf 91' lang='lat' dir='ltr'><strong>quiab</strong></span> <span class='ocrx_word' id='word_1_240' title='bbox 1703 2096 2037 2171; x_wconf 87' lang='lat' dir='ltr'><strong>hacconsuetudine</strong></span> <span class='ocrx_word' id='word_1_241' title='bbox 2055 2104 2306 2174; x_wconf 79' lang='lat' dir='ltr'><strong>velttansver..</strong></span> 
     </span>
    </p>
   </div>
   <div class='ocr_carea' id='block_1_6' title="bbox 210 2198 1272 4623">
    <p class='ocr_par' dir='ltr' id='par_1_7' title="bbox 210 2198 1272 4623">
     <span class='ocr_line' id='line_1_20' title="bbox 266 2198 1259 2296; baseline -0.017 -14"><span class='ocrx_word' id='word_1_242' title='bbox 266 2216 367 2283; x_wconf 91' lang='lat' dir='ltr'><strong>bium</strong></span> <span class='ocrx_word' id='word_1_243' title='bbox 393 2222 462 2285; x_wconf 89' lang='lat' dir='ltr'><strong>est,</strong></span> <span class='ocrx_word' id='word_1_244' title='bbox 488 2204 577 2296; x_wconf 88' lang='lat' dir='ltr'><strong>quin</strong></span> <span class='ocrx_word' id='word_1_245' title='bbox 598 2204 750 2271; x_wconf 93' lang='lat' dir='ltr'><strong>multum</strong></span> <span class='ocrx_word' id='word_1_246' title='bbox 776 2202 951 2270; x_wconf 89' lang='lat' dir='ltr'><strong>conducat</strong></span> <span class='ocrx_word' id='word_1_247' title='bbox 973 2203 1148 2270; x_wconf 90' lang='lat' dir='ltr'><strong>bonorum</strong></span> <span class='ocrx_word' id='word_1_248' title='bbox 1172 2198 1259 2267; x_wconf 90' lang='lat' dir='ltr'><strong>scri-</strong></span> 
     </span>
     <span class='ocr_line' id='line_1_21' title="bbox 268 2299 1260 2408; baseline -0.015 -27"><span class='ocrx_word' id='word_1_249' title='bbox 268 2327 413 2408; x_wconf 86' lang='lat' dir='ltr'><strong>ptotum</strong></span> <span class='ocrx_word' id='word_1_250' title='bbox 435 2305 555 2377; x_wconf 88' lang='lat' dir='ltr'><strong>lectio:</strong></span> <span class='ocrx_word' id='word_1_251' title='bbox 583 2303 718 2373; x_wconf 93' lang='lat' dir='ltr'><strong>Verum</strong></span> <span class='ocrx_word' id='word_1_252' title='bbox 739 2302 808 2371; x_wconf 88' lang='lat' dir='ltr'><strong>nisi</strong></span> <span class='ocrx_word' id='word_1_253' title='bbox 828 2303 872 2371; x_wconf 94' lang='lat' dir='ltr'><strong>ad</strong></span> <span class='ocrx_word' id='word_1_254' title='bbox 894 2303 989 2371; x_wconf 88' lang='lat' dir='ltr'><strong>illam</strong></span> <span class='ocrx_word' id='word_1_255' title='bbox 1006 2301 1185 2371; x_wconf 90' lang='lat' dir='ltr'><strong>scribendi</strong></span> <span class='ocrx_word' id='word_1_256' title='bbox 1204 2299 1260 2367; x_wconf 90' lang='lat' dir='ltr'><strong>di-</strong></span> 
     </span>
     <span class='ocr_line' id='line_1_22' title="bbox 269 2402 1260 2503; baseline -0.018 -17"><span class='ocrx_word' id='word_1_257' title='bbox 269 2413 442 2503; x_wconf 91' lang='lat' dir='ltr'><strong>cendique</strong></span> <span class='ocrx_word' id='word_1_258' title='bbox 460 2406 677 2477; x_wconf 89' lang='lat' dir='ltr'><strong>consuetudo</strong></span> <span class='ocrx_word' id='word_1_259' title='bbox 697 2404 896 2488; x_wconf 90' lang='lat' dir='ltr'><strong>accesserit,</strong></span> <span class='ocrx_word' id='word_1_260' title='bbox 926 2428 1040 2497; x_wconf 90' lang='lat' dir='ltr'><strong>neque</strong></span> <span class='ocrx_word' id='word_1_261' title='bbox 1064 2402 1260 2496; x_wconf 74' lang='lat' dir='ltr'><strong>perspicere</strong></span> 
     </span>
     <span class='ocr_line' id='line_1_23' title="bbox 270 2505 1261 2598; baseline -0.017 -11"><span class='ocrx_word' id='word_1_262' title='bbox 270 2516 352 2588; x_wconf 88' lang='lat' dir='ltr'><strong>satis</strong></span> <span class='ocrx_word' id='word_1_263' title='bbox 376 2522 475 2581; x_wconf 91' lang='lat' dir='ltr'><strong>acute</strong></span> <span class='ocrx_word' id='word_1_264' title='bbox 500 2507 630 2598; x_wconf 89' lang='lat' dir='ltr'><strong>poteris</strong></span> <span class='ocrx_word' id='word_1_265' title='bbox 658 2506 803 2575; x_wconf 90' lang='lat' dir='ltr'><strong>illorum</strong></span> <span class='ocrx_word' id='word_1_266' title='bbox 826 2508 1016 2575; x_wconf 87' lang='lat' dir='ltr'><strong>sententias</strong></span> <span class='ocrx_word' id='word_1_267' title='bbox 1039 2529 1078 2574; x_wconf 90' lang='lat' dir='ltr'><strong>ac</strong></span> <span class='ocrx_word' id='word_1_268' title='bbox 1101 2505 1261 2586; x_wconf 90' lang='lat' dir='ltr'><strong>virtutes,</strong></span> 
     </span>
     <span class='ocr_line' id='line_1_24' title="bbox 269 2606 1261 2708; baseline -0.015 -21"><span class='ocrx_word' id='word_1_269' title='bbox 269 2637 385 2708; x_wconf 83' lang='lat' dir='ltr'><strong>neque</strong></span> <span class='ocrx_word' id='word_1_270' title='bbox 416 2610 535 2681; x_wconf 92' lang='lat' dir='ltr'><strong>animo</strong></span> <span class='ocrx_word' id='word_1_271' title='bbox 563 2622 692 2677; x_wconf 90' lang='lat' dir='ltr'><strong>certam</strong></span> <span class='ocrx_word' id='word_1_272' title='bbox 722 2607 904 2675; x_wconf 90' lang='lat' dir='ltr'><strong>iudicandi</strong></span> <span class='ocrx_word' id='word_1_273' title='bbox 930 2606 1261 2697; x_wconf 86' lang='lat' dir='ltr'><strong>commentandique</strong></span> 
     </span>
     <span class='ocr_line' id='line_1_25' title="bbox 270 2698 1260 2807; baseline -0.015 -19"><span class='ocrx_word' id='word_1_274' title='bbox 270 2716 429 2807; x_wconf 86' lang='lat' dir='ltr'><strong>regulam</strong></span> <span class='ocrx_word' id='word_1_275' title='bbox 452 2709 647 2798; x_wconf 91' lang='lat' dir='ltr'><strong>concipere.</strong></span> <span class='ocrx_word' id='word_1_276' title='bbox 699 2698 890 2798; x_wconf 87' lang='lat' dir='ltr'><strong>Propterea</strong></span> <span class='ocrx_word' id='word_1_277' title='bbox 913 2712 956 2777; x_wconf 92' lang='lat' dir='ltr'><strong>ad</strong></span> <span class='ocrx_word' id='word_1_278' title='bbox 986 2709 1260 2800; x_wconf 91' lang='lat' dir='ltr'><strong>comparandam</strong></span> 
     </span>
     <span class='ocr_line' id='line_1_26' title="bbox 270 2804 1263 2907; baseline -0.016 -16"><span class='ocrx_word' id='word_1_279' title='bbox 270 2835 347 2891; x_wconf 90' lang='lat' dir='ltr'><strong>tum</strong></span> <span class='ocrx_word' id='word_1_280' title='bbox 373 2811 562 2907; x_wconf 89' lang='lat' dir='ltr'><strong>loquendi,</strong></span> <span class='ocrx_word' id='word_1_281' title='bbox 594 2826 671 2881; x_wconf 91' lang='lat' dir='ltr'><strong>tum</strong></span> <span class='ocrx_word' id='word_1_282' title='bbox 698 2809 881 2878; x_wconf 90' lang='lat' dir='ltr'><strong>iudicandi</strong></span> <span class='ocrx_word' id='word_1_283' title='bbox 909 2811 1126 2894; x_wconf 77' lang='lat' dir='ltr'><strong>facultatem,</strong></span> <span class='ocrx_word' id='word_1_284' title='bbox 1166 2804 1263 2876; x_wconf 90' lang='lat' dir='ltr'><strong>nihil</strong></span> 
     </span>
     <span class='ocr_line' id='line_1_27' title="bbox 271 2912 1263 3015; baseline -0.013 -24"><span class='ocrx_word' id='word_1_285' title='bbox 271 2920 420 3015; x_wconf 81' lang='lat' dir='ltr'><strong>perinde</strong></span> <span class='ocrx_word' id='word_1_286' title='bbox 442 2913 679 2983; x_wconf 88' lang='lat' dir='ltr'><strong>necessarium</strong></span> <span class='ocrx_word' id='word_1_287' title='bbox 705 2923 773 2995; x_wconf 88' lang='lat' dir='ltr'><strong>est,</strong></span> <span class='ocrx_word' id='word_1_288' title='bbox 808 2924 913 3002; x_wconf 90' lang='lat' dir='ltr'><strong>atque</strong></span> <span class='ocrx_word' id='word_1_289' title='bbox 936 2913 1019 3004; x_wconf 91' lang='lat' dir='ltr'><strong>styli</strong></span> <span class='ocrx_word' id='word_1_290' title='bbox 1046 2912 1263 2980; x_wconf 81' lang='lat' dir='ltr'><strong>exercitium.</strong></span> 
     </span>
     <span class='ocr_line' id='line_1_28' title="bbox 272 3008 1264 3110; baseline -0.01 -19"><span class='ocrx_word' id='word_1_291' title='bbox 272 3022 370 3110; x_wconf 85' lang='lat' dir='ltr'><strong>Quid</strong></span> <span class='ocrx_word' id='word_1_292' title='bbox 396 3019 491 3087; x_wconf 91' lang='lat' dir='ltr'><strong>enim</strong></span> <span class='ocrx_word' id='word_1_293' title='bbox 514 3015 612 3085; x_wconf 89' lang='lat' dir='ltr'><strong>aliud</strong></span> <span class='ocrx_word' id='word_1_294' title='bbox 634 3013 776 3082; x_wconf 87' lang='lat' dir='ltr'><strong>volebat</strong></span> <span class='ocrx_word' id='word_1_295' title='bbox 793 3008 985 3098; x_wconf 87' lang='lat' dir='ltr'><strong>Afranius,</strong></span> <span class='ocrx_word' id='word_1_296' title='bbox 1016 3039 1097 3084; x_wconf 88' lang='lat' dir='ltr'><strong>cum</strong></span> <span class='ocrx_word' id='word_1_297' title='bbox 1119 3015 1264 3102; x_wconf 85' lang='lat' dir='ltr'><strong>fingeret</strong></span> 
     </span>
     <span class='ocr_line' id='line_1_29' title="bbox 271 3115 1263 3212; baseline -0.014 -17"><span class='ocrx_word' id='word_1_298' title='bbox 271 3148 341 3195; x_wconf 89' lang='lat' dir='ltr'><strong>usu</strong></span> <span class='ocrx_word' id='word_1_299' title='bbox 361 3134 459 3212; x_wconf 89' lang='lat' dir='ltr'><strong>patre</strong></span> <span class='ocrx_word' id='word_1_300' title='bbox 482 3117 688 3207; x_wconf 88' lang='lat' dir='ltr'><strong>sapientiam</strong></span> <span class='ocrx_word' id='word_1_301' title='bbox 713 3129 920 3206; x_wconf 82' lang='lat' dir='ltr'><strong>prognatam</strong></span> <span class='ocrx_word' id='word_1_302' title='bbox 937 3139 1028 3201; x_wconf 90' lang='lat' dir='ltr'><strong>esse,</strong></span> <span class='ocrx_word' id='word_1_303' title='bbox 1050 3140 1155 3209; x_wconf 92' lang='lat' dir='ltr'><strong>quam</strong></span> <span class='ocrx_word' id='word_1_304' title='bbox 1178 3115 1263 3184; x_wconf 90' lang='lat' dir='ltr'><strong>assi-</strong></span> 
     </span>
     <span class='ocr_line' id='line_1_30' title="bbox 274 3217 1265 3308; baseline -0.01 -14"><span class='ocrx_word' id='word_1_305' title='bbox 274 3227 345 3294; x_wconf 91' lang='lat' dir='ltr'><strong>duo</strong></span> <span class='ocrx_word' id='word_1_306' title='bbox 366 3217 507 3289; x_wconf 91' lang='lat' dir='ltr'><strong>dicendi</strong></span> <span class='ocrx_word' id='word_1_307' title='bbox 529 3218 860 3308; x_wconf 87' lang='lat' dir='ltr'><strong>commentandique</strong></span> <span class='ocrx_word' id='word_1_308' title='bbox 879 3219 998 3286; x_wconf 90' lang='lat' dir='ltr'><strong>studio</strong></span> <span class='ocrx_word' id='word_1_309' title='bbox 1021 3219 1181 3286; x_wconf 91' lang='lat' dir='ltr'><strong>animum</strong></span> <span class='ocrx_word' id='word_1_310' title='bbox 1205 3240 1265 3284; x_wconf 92' lang='lat' dir='ltr'><strong>ex·</strong></span> 
     </span>
     <span class='ocr_line' id='line_1_31' title="bbox 273 3313 1265 3419; baseline -0.011 -24"><span class='ocrx_word' id='word_1_311' title='bbox 273 3321 454 3419; x_wconf 85' lang='lat' dir='ltr'><strong>perge&#39;fieri</strong></span> <span class='ocrx_word' id='word_1_312' title='bbox 471 3341 510 3386; x_wconf 91' lang='lat' dir='ltr'><strong>ac</strong></span> <span class='ocrx_word' id='word_1_313' title='bbox 528 3317 686 3387; x_wconf 79' lang='lat' dir='ltr'><strong>erudiri?</strong></span> <span class='ocrx_word' id='word_1_314' title='bbox 719 3313 881 3409; x_wconf 89' lang='lat' dir='ltr'><strong>Reliquit</strong></span> <span class='ocrx_word' id='word_1_315' title='bbox 895 3319 933 3386; x_wconf 93' lang='lat' dir='ltr'><strong>in</strong></span> <span class='ocrx_word' id='word_1_316' title='bbox 949 3343 1025 3387; x_wconf 89' lang='lat' dir='ltr'><strong>eam</strong></span> <span class='ocrx_word' id='word_1_317' title='bbox 1042 3319 1265 3405; x_wconf 89' lang='lat' dir='ltr'><strong>sententiam,</strong></span> 
     </span>
     <span class='ocr_line' id='line_1_32' title="bbox 274 3416 1266 3516; baseline -0.009 -22"><span class='ocrx_word' id='word_1_318' title='bbox 274 3427 418 3516; x_wconf 83' lang='lat' dir='ltr'><strong>dignam</strong></span> <span class='ocrx_word' id='word_1_319' title='bbox 434 3419 639 3513; x_wconf 87' lang='lat' dir='ltr'><strong>memoriam</strong></span> <span class='ocrx_word' id='word_1_320' title='bbox 663 3418 874 3509; x_wconf 89' lang='lat' dir='ltr'><strong>posteritatis</strong></span> <span class='ocrx_word' id='word_1_321' title='bbox 890 3436 1010 3489; x_wconf 76' lang='lat' dir='ltr'><strong>vocem</strong></span> <span class='ocrx_word' id='word_1_322' title='bbox 1027 3416 1266 3508; x_wconf 83' lang='lat' dir='ltr'><strong>Anaxagoras,</strong></span> 
     </span>
     <span class='ocr_line' id='line_1_33' title="bbox 274 3514 1266 3620; baseline -0.013 -21"><span class='ocrx_word' id='word_1_323' title='bbox 274 3525 344 3620; x_wconf 78' lang='grc' dir='ltr'><strong>τὴν</strong></span> <span class='ocrx_word' id='word_1_324' title='bbox 367 3525 495 3618; x_wconf 77' lang='grc' dir='ltr'><strong><em>χεῖρα,</em></strong></span> <span class='ocrx_word' id='word_1_325' title='bbox 541 3516 675 3616; x_wconf 73' lang='grc' dir='ltr'><strong><em>σοφίας</em></strong></span> <span class='ocrx_word' id='word_1_326' title='bbox 700 3514 826 3592; x_wconf 74' lang='grc' dir='ltr'><strong><em>αἰτίαν</em></strong></span> <span class='ocrx_word' id='word_1_327' title='bbox 855 3516 969 3609; x_wconf 74' lang='grc' dir='ltr'><strong><em>εἶναι,</em></strong></span> <span class='ocrx_word' id='word_1_328' title='bbox 1009 3524 1104 3615; x_wconf 91' lang='lat' dir='ltr'><strong>quod</strong></span> <span class='ocrx_word' id='word_1_329' title='bbox 1125 3522 1266 3589; x_wconf 89' lang='lat' dir='ltr'><strong>videbat</strong></span> 
     </span>
     <span class='ocr_line' id='line_1_34' title="bbox 276 3622 1267 3717; baseline -0.011 -17"><span class='ocrx_word' id='word_1_330' title='bbox 276 3638 369 3699; x_wconf 81' lang='lat' dir='ltr'><strong>artes</strong></span> <span class='ocrx_word' id='word_1_331' title='bbox 393 3647 515 3695; x_wconf 90' lang='lat' dir='ltr'><strong>omnes</strong></span> <span class='ocrx_word' id='word_1_332' title='bbox 533 3647 600 3692; x_wconf 90' lang='lat' dir='ltr'><strong>usu</strong></span> <span class='ocrx_word' id='word_1_333' title='bbox 621 3622 834 3712; x_wconf 87' lang='lat' dir='ltr'><strong>comparari,</strong></span> <span class='ocrx_word' id='word_1_334' title='bbox 860 3623 1008 3717; x_wconf 90' lang='lat' dir='ltr'><strong>ocioque</strong></span> <span class='ocrx_word' id='word_1_335' title='bbox 1027 3624 1169 3713; x_wconf 90' lang='lat' dir='ltr'><strong>ingenia</strong></span> <span class='ocrx_word' id='word_1_336' title='bbox 1194 3624 1267 3691; x_wconf 88' lang='lat' dir='ltr'><strong>fere</strong></span> 
     </span>
     <span class='ocr_line' id='line_1_35' title="bbox 276 3718 1266 3816; baseline -0.013 -12"><span class='ocrx_word' id='word_1_337' title='bbox 276 3730 501 3804; x_wconf 87' lang='lat' dir='ltr'><strong>sterilescere.</strong></span> <span class='ocrx_word' id='word_1_338' title='bbox 543 3723 634 3794; x_wconf 91' lang='lat' dir='ltr'><strong>Nam</strong></span> <span class='ocrx_word' id='word_1_339' title='bbox 652 3739 690 3794; x_wconf 91' lang='lat' dir='ltr'><strong>nt</strong></span> <span class='ocrx_word' id='word_1_340' title='bbox 706 3718 925 3811; x_wconf 75' lang='lat' dir='ltr'><strong>mechanicas</strong></span> <span class='ocrx_word' id='word_1_341' title='bbox 941 3741 1031 3796; x_wconf 91' lang='lat' dir='ltr'><strong>artes</strong></span> <span class='ocrx_word' id='word_1_342' title='bbox 1049 3726 1266 3816; x_wconf 87' lang='lat' dir='ltr'><strong>experiundo</strong></span> 
     </span>
     <span class='ocr_line' id='line_1_36' title="bbox 276 3827 1268 3922; baseline -0.012 -17"><span class='ocrx_word' id='word_1_343' title='bbox 276 3830 455 3913; x_wconf 89' lang='lat' dir='ltr'><strong>discimus,</strong></span> <span class='ocrx_word' id='word_1_344' title='bbox 480 3851 596 3922; x_wconf 90' lang='lat' dir='ltr'><strong>neque</strong></span> <span class='ocrx_word' id='word_1_345' title='bbox 611 3828 798 3918; x_wconf 91' lang='lat' dir='ltr'><strong>quisquam</strong></span> <span class='ocrx_word' id='word_1_346' title='bbox 818 3840 890 3896; x_wconf 90' lang='lat' dir='ltr'><strong>tam</strong></span> <span class='ocrx_word' id='word_1_347' title='bbox 906 3830 1049 3897; x_wconf 88' lang='lat' dir='ltr'><strong>demens</strong></span> <span class='ocrx_word' id='word_1_348' title='bbox 1065 3841 1127 3911; x_wconf 90' lang='lat' dir='ltr'><strong>est,</strong></span> <span class='ocrx_word' id='word_1_349' title='bbox 1154 3827 1215 3919; x_wconf 90' lang='lat' dir='ltr'><strong>qui</strong></span> <span class='ocrx_word' id='word_1_350' title='bbox 1232 3849 1268 3894; x_wconf 91' lang='lat' dir='ltr'><strong>se</strong></span> 
     </span>
     <span class='ocr_line' id='line_1_37' title="bbox 277 3927 1270 4022; baseline -0.011 -16"><span class='ocrx_word' id='word_1_351' title='bbox 277 3960 359 4005; x_wconf 89' lang='lat' dir='ltr'><strong>mox</strong></span> <span class='ocrx_word' id='word_1_352' title='bbox 382 3931 535 4022; x_wconf 83' lang='lat' dir='ltr'><strong>Apellen</strong></span> <span class='ocrx_word' id='word_1_353' title='bbox 566 3931 642 3998; x_wconf 88' lang='lat' dir='ltr'><strong>fore</strong></span> <span class='ocrx_word' id='word_1_354' title='bbox 668 3928 838 4013; x_wconf 86' lang='lat' dir='ltr'><strong>confidat,</strong></span> <span class='ocrx_word' id='word_1_355' title='bbox 870 3930 932 3998; x_wconf 89' lang='lat' dir='ltr'><strong>ubi</strong></span> <span class='ocrx_word' id='word_1_356' title='bbox 963 3929 1169 4021; x_wconf 92' lang='lat' dir='ltr'><strong>penicillum</strong></span> <span class='ocrx_word' id='word_1_357' title='bbox 1195 3927 1270 4019; x_wconf 80' lang='lat' dir='ltr'><strong>pri-</strong></span> 
     </span>
     <span class='ocr_line' id='line_1_38' title="bbox 276 4031 1269 4120; baseline -0.009 -13"><span class='ocrx_word' id='word_1_358' title='bbox 276 4061 374 4110; x_wconf 92' lang='lat' dir='ltr'><strong>mum</strong></span> <span class='ocrx_word' id='word_1_359' title='bbox 402 4037 439 4101; x_wconf 92' lang='lat' dir='ltr'><strong>in</strong></span> <span class='ocrx_word' id='word_1_360' title='bbox 465 4031 801 4120; x_wconf 48' lang='lat' dir='ltr'><strong>manusfacceperit,</strong></span> <span class='ocrx_word' id='word_1_361' title='bbox 826 4031 874 4100; x_wconf 91' lang='lat' dir='ltr'><strong>ita</strong></span> <span class='ocrx_word' id='word_1_362' title='bbox 895 4032 1008 4103; x_wconf 89' lang='lat' dir='ltr'><strong>multo</strong></span> <span class='ocrx_word' id='word_1_363' title='bbox 1027 4057 1093 4102; x_wconf 92' lang='lat' dir='ltr'><strong>usu</strong></span> <span class='ocrx_word' id='word_1_364' title='bbox 1115 4031 1269 4101; x_wconf 89' lang='lat' dir='ltr'><strong>assuefa-</strong></span> 
     </span>
     <span class='ocr_line' id='line_1_39' title="bbox 210 4132 1269 4223; baseline -0.005 -14"><span class='ocrx_word' id='word_1_365' title='bbox 210 4217 212 4223; x_wconf 46' lang='lat'><strong>.</strong></span> <span class='ocrx_word' id='word_1_366' title='bbox 279 4138 403 4208; x_wconf 89' lang='lat' dir='ltr'><strong>cienda</strong></span> <span class='ocrx_word' id='word_1_367' title='bbox 420 4156 519 4199; x_wconf 92' lang='lat' dir='ltr'><strong>mens</strong></span> <span class='ocrx_word' id='word_1_368' title='bbox 536 4145 604 4213; x_wconf 88' lang='lat' dir='ltr'><strong>est,</strong></span> <span class='ocrx_word' id='word_1_369' title='bbox 629 4145 670 4198; x_wconf 91' lang='lat' dir='ltr'><strong>ut</strong></span> <span class='ocrx_word' id='word_1_370' title='bbox 684 4153 756 4197; x_wconf 88' lang='lat' dir='ltr'><strong>sese</strong></span> <span class='ocrx_word' id='word_1_371' title='bbox 773 4132 887 4199; x_wconf 90' lang='lat' dir='ltr'><strong>acrius</strong></span> <span class='ocrx_word' id='word_1_372' title='bbox 902 4134 940 4200; x_wconf 93' lang='lat' dir='ltr'><strong>in</strong></span> <span class='ocrx_word' id='word_1_373' title='bbox 957 4137 1079 4202; x_wconf 89' lang='lat' dir='ltr'><strong>omnia</strong></span> <span class='ocrx_word' id='word_1_374' title='bbox 1098 4135 1269 4204; x_wconf 90' lang='lat' dir='ltr'><strong>intendat.</strong></span> 
     </span>
     <span class='ocr_line' id='line_1_40' title="bbox 280 4230 1270 4328; baseline -0.008 -21"><span class='ocrx_word' id='word_1_375' title='bbox 280 4237 404 4328; x_wconf 86' lang='lat' dir='ltr'><strong>ltaque</strong></span> <span class='ocrx_word' id='word_1_376' title='bbox 434 4246 572 4301; x_wconf 90' lang='lat' dir='ltr'><strong>tantum</strong></span> <span class='ocrx_word' id='word_1_377' title='bbox 606 4230 696 4322; x_wconf 92' lang='lat' dir='ltr'><strong>stylo</strong></span> <span class='ocrx_word' id='word_1_378' title='bbox 729 4230 854 4299; x_wconf 90' lang='lat' dir='ltr'><strong>tribuit</strong></span> <span class='ocrx_word' id='word_1_379' title='bbox 880 4231 1024 4301; x_wconf 88' lang='lat' dir='ltr'><strong>Marcus</strong></span> <span class='ocrx_word' id='word_1_380' title='bbox 1054 4232 1198 4316; x_wconf 91' lang='lat' dir='ltr'><strong>Cicero,</strong></span> <span class='ocrx_word' id='word_1_381' title='bbox 1230 4245 1270 4300; x_wconf 92' lang='lat' dir='ltr'><strong>ut</strong></span> 
     </span>
     <span class='ocr_line' id='line_1_41' title="bbox 280 4330 1270 4430; baseline -0.006 -26"><span class='ocrx_word' id='word_1_382' title='bbox 280 4339 454 4430; x_wconf 85' lang='lat' dir='ltr'><strong>optimum</strong></span> <span class='ocrx_word' id='word_1_383' title='bbox 480 4346 513 4402; x_wconf 88' lang='lat' dir='ltr'><strong>et</strong></span> <span class='ocrx_word' id='word_1_384' title='bbox 542 4330 879 4422; x_wconf 87' lang='lat' dir='ltr'><strong>praestantissimum</strong></span> <span class='ocrx_word' id='word_1_385' title='bbox 902 4333 1045 4401; x_wconf 90' lang='lat' dir='ltr'><strong>dicendi</strong></span> <span class='ocrx_word' id='word_1_386' title='bbox 1072 4333 1270 4403; x_wconf 86' lang='lat' dir='ltr'><strong>effectorem</strong></span> 
     </span>
     <span class='ocr_line' id='line_1_42' title="bbox 280 4431 1272 4528; baseline -0.004 -23"><span class='ocrx_word' id='word_1_387' title='bbox 280 4465 320 4510; x_wconf 79' lang='lat' dir='ltr'><strong>ac</strong></span> <span class='ocrx_word' id='word_1_388' title='bbox 348 4436 553 4524; x_wconf 87' lang='lat' dir='ltr'><strong>magistrum</strong></span> <span class='ocrx_word' id='word_1_389' title='bbox 583 4455 655 4500; x_wconf 90' lang='lat' dir='ltr'><strong>esse</strong></span> <span class='ocrx_word' id='word_1_390' title='bbox 683 4431 879 4520; x_wconf 89' lang='lat' dir='ltr'><strong>scripserit,</strong></span> <span class='ocrx_word' id='word_1_391' title='bbox 915 4435 1107 4528; x_wconf 88' lang='lat' dir='ltr'><strong>solitusque</strong></span> <span class='ocrx_word' id='word_1_392' title='bbox 1139 4437 1184 4504; x_wconf 92' lang='lat' dir='ltr'><strong>sit</strong></span> <span class='ocrx_word' id='word_1_393' title='bbox 1209 4458 1272 4526; x_wconf 90' lang='lat' dir='ltr'><strong>per</strong></span> 
     </span>
     <span class='ocr_line' id='line_1_43' title="bbox 279 4530 1271 4623; baseline -0.008 -11"><span class='ocrx_word' id='word_1_394' title='bbox 279 4542 416 4623; x_wconf 91' lang='lat' dir='ltr'><strong>ocium,</strong></span> <span class='ocrx_word' id='word_1_395' title='bbox 452 4537 537 4605; x_wconf 89' lang='lat' dir='ltr'><strong>alias</strong></span> <span class='ocrx_word' id='word_1_396' title='bbox 561 4558 578 4603; x_wconf 95' lang='lat' dir='ltr'><strong>e</strong></span> <span class='ocrx_word' id='word_1_397' title='bbox 597 4530 742 4602; x_wconf 89' lang='lat' dir='ltr'><strong>Graecis</strong></span> <span class='ocrx_word' id='word_1_398' title='bbox 764 4531 892 4607; x_wconf 90' lang='lat' dir='ltr'><strong>Latina</strong></span> <span class='ocrx_word' id='word_1_399' title='bbox 913 4537 1044 4620; x_wconf 86' lang='lat' dir='ltr'><strong>facere,</strong></span> <span class='ocrx_word' id='word_1_400' title='bbox 1071 4536 1157 4605; x_wconf 91' lang='lat' dir='ltr'><strong>alias</strong></span> <span class='ocrx_word' id='word_1_401' title='bbox 1180 4561 1271 4605; x_wconf 92' lang='lat' dir='ltr'><strong>nova</strong></span> 
     </span>
    </p>
   </div>
   <div class='ocr_carea' id='block_1_7' title="bbox 164 4636 1271 4729">
    <p class='ocr_par' dir='ltr' id='par_1_8' title="bbox 164 4636 1271 4729">
     <span class='ocr_line' id='line_1_44' title="bbox 164 4636 1271 4729; baseline -0.009 -15"><span class='ocrx_word' id='word_1_402' title='bbox 164 4691 169 4702; x_wconf 88' lang='lat'><strong>·</strong></span> <span class='ocrx_word' id='word_1_403' title='bbox 281 4644 427 4725; x_wconf 87' lang='lat' dir='ltr'><strong>cudere,</strong></span> <span class='ocrx_word' id='word_1_404' title='bbox 454 4639 540 4707; x_wconf 90' lang='lat' dir='ltr'><strong>alias</strong></span> <span class='ocrx_word' id='word_1_405' title='bbox 555 4636 770 4720; x_wconf 89' lang='lat' dir='ltr'><strong>declamare,</strong></span> <span class='ocrx_word' id='word_1_406' title='bbox 796 4660 866 4729; x_wconf 90' lang='lat' dir='ltr'><strong>qua</strong></span> <span class='ocrx_word' id='word_1_407' title='bbox 889 4636 1061 4707; x_wconf 90' lang='lat' dir='ltr'><strong>industria</strong></span> <span class='ocrx_word' id='word_1_408' title='bbox 1079 4651 1114 4707; x_wconf 90' lang='lat' dir='ltr'><strong>et</strong></span> <span class='ocrx_word' id='word_1_409' title='bbox 1137 4639 1271 4728; x_wconf 90' lang='lat' dir='ltr'><strong>ingenii</strong></span> 
     </span>
    </p>
   </div>
   <div class='ocr_carea' id='block_1_8' title="bbox 280 4738 1275 5446">
    <p class='ocr_par' dir='ltr' id='par_1_9' title="bbox 280 4738 1275 5446">
     <span class='ocr_line' id='line_1_45' title="bbox 280 4738 1273 4831; baseline -0.006 -18"><span class='ocrx_word' id='word_1_410' title='bbox 280 4745 353 4814; x_wconf 85' lang='lat' dir='ltr'><strong>vim</strong></span> <span class='ocrx_word' id='word_1_411' title='bbox 376 4767 417 4811; x_wconf 89' lang='lat' dir='ltr'><strong>ac</strong></span> <span class='ocrx_word' id='word_1_412' title='bbox 440 4743 597 4830; x_wconf 89' lang='lat' dir='ltr'><strong>vigorem</strong></span> <span class='ocrx_word' id='word_1_413' title='bbox 627 4738 792 4807; x_wconf 88' lang='lat' dir='ltr'><strong>tuebatur</strong></span> <span class='ocrx_word' id='word_1_414' title='bbox 820 4752 855 4809; x_wconf 91' lang='lat' dir='ltr'><strong>et</strong></span> <span class='ocrx_word' id='word_1_415' title='bbox 883 4739 1121 4831; x_wconf 86' lang='lat' dir='ltr'><strong>locupletabat</strong></span> <span class='ocrx_word' id='word_1_416' title='bbox 1148 4742 1273 4810; x_wconf 86' lang='lat' dir='ltr'><strong>facun-</strong></span> 
     </span>
     <span class='ocr_line' id='line_1_46' title="bbox 282 4838 1273 4935; baseline -0.005 -22"><span class='ocrx_word' id='word_1_417' title='bbox 282 4846 390 4916; x_wconf 91' lang='lat' dir='ltr'><strong>diam.</strong></span> <span class='ocrx_word' id='word_1_418' title='bbox 441 4842 501 4914; x_wconf 89' lang='lat' dir='ltr'><strong>Sic</strong></span> <span class='ocrx_word' id='word_1_419' title='bbox 518 4841 613 4915; x_wconf 89' lang='lat' dir='ltr'><strong>enim</strong></span> <span class='ocrx_word' id='word_1_420' title='bbox 631 4841 726 4908; x_wconf 92' lang='lat' dir='ltr'><strong>dese</strong></span> <span class='ocrx_word' id='word_1_421' title='bbox 743 4839 817 4929; x_wconf 89' lang='lat' dir='ltr'><strong>ipse</strong></span> <span class='ocrx_word' id='word_1_422' title='bbox 839 4841 877 4908; x_wconf 90' lang='lat' dir='ltr'><strong>in</strong></span> <span class='ocrx_word' id='word_1_423' title='bbox 891 4838 1025 4926; x_wconf 89' lang='lat' dir='ltr'><strong>Bruto,</strong></span> <span class='ocrx_word' id='word_1_424' title='bbox 1049 4844 1196 4935; x_wconf 90' lang='lat' dir='ltr'><strong>nequid</strong></span> <span class='ocrx_word' id='word_1_425' title='bbox 1222 4855 1273 4910; x_wconf 67' lang='lat' dir='ltr'><strong>te.</strong></span> 
     </span>
     <span class='ocr_line' id='line_1_47' title="bbox 280 4939 1275 5017; baseline -0.004 0"><span class='ocrx_word' id='word_1_426' title='bbox 280 4971 376 5017; x_wconf 92' lang='lat' dir='ltr'><strong>mere</strong></span> <span class='ocrx_word' id='word_1_427' title='bbox 394 4942 612 5015; x_wconf 89' lang='lat' dir='ltr'><strong>comminisci</strong></span> <span class='ocrx_word' id='word_1_428' title='bbox 637 4942 774 5010; x_wconf 88' lang='lat' dir='ltr'><strong>videar:</strong></span> <span class='ocrx_word' id='word_1_429' title='bbox 810 4966 876 5012; x_wconf 91' lang='lat' dir='ltr'><strong>nos</strong></span> <span class='ocrx_word' id='word_1_430' title='bbox 892 4939 1008 5015; x_wconf 86' lang='lat' dir='ltr'><strong>autem</strong></span> <span class='ocrx_word' id='word_1_431' title='bbox 1031 4969 1105 5017; x_wconf 91' lang='lat' dir='ltr'><strong>non</strong></span> <span class='ocrx_word' id='word_1_432' title='bbox 1129 4946 1275 5014; x_wconf 84' lang='lat' dir='ltr'><strong>desiste-</strong></span> 
     </span>
     <span class='ocr_line' id='line_1_48' title="bbox 280 5044 1274 5132; baseline -0.004 -14"><span class='ocrx_word' id='word_1_433' title='bbox 280 5052 423 5132; x_wconf 90' lang='lat' dir='ltr'><strong>bamus,</strong></span> <span class='ocrx_word' id='word_1_434' title='bbox 449 5070 528 5115; x_wconf 92' lang='lat' dir='ltr'><strong>cum</strong></span> <span class='ocrx_word' id='word_1_435' title='bbox 545 5044 644 5113; x_wconf 90' lang='lat' dir='ltr'><strong>omni</strong></span> <span class='ocrx_word' id='word_1_436' title='bbox 660 5067 785 5132; x_wconf 80' lang='lat' dir='ltr'><strong>genere</strong></span> <span class='ocrx_word' id='word_1_437' title='bbox 806 5045 1083 5128; x_wconf 90' lang='lat' dir='ltr'><strong>exercitationis,</strong></span> <span class='ocrx_word' id='word_1_438' title='bbox 1107 5064 1182 5119; x_wconf 89' lang='lat' dir='ltr'><strong>tum</strong></span> <span class='ocrx_word' id='word_1_439' title='bbox 1200 5071 1274 5115; x_wconf 91' lang='lat' dir='ltr'><strong>ma-</strong></span> 
     </span>
     <span class='ocr_line' id='line_1_49' title="bbox 280 5146 1275 5243; baseline -0.004 -23"><span class='ocrx_word' id='word_1_440' title='bbox 280 5152 374 5221; x_wconf 86' lang='lat' dir='ltr'><strong>xime</strong></span> <span class='ocrx_word' id='word_1_441' title='bbox 391 5148 493 5242; x_wconf 87' lang='lat' dir='ltr'><strong>stylo,</strong></span> <span class='ocrx_word' id='word_1_442' title='bbox 515 5159 674 5215; x_wconf 90' lang='lat' dir='ltr'><strong>nostrum</strong></span> <span class='ocrx_word' id='word_1_443' title='bbox 690 5146 781 5215; x_wconf 92' lang='lat' dir='ltr'><strong>illud</strong></span> <span class='ocrx_word' id='word_1_444' title='bbox 796 5148 893 5239; x_wconf 92' lang='lat' dir='ltr'><strong>quod</strong></span> <span class='ocrx_word' id='word_1_445' title='bbox 909 5160 993 5233; x_wconf 89' lang='lat' dir='ltr'><strong>erat,</strong></span> <span class='ocrx_word' id='word_1_446' title='bbox 1011 5150 1145 5238; x_wconf 82' lang='lat' dir='ltr'><strong>&#39;augere</strong></span> <span class='ocrx_word' id='word_1_447' title='bbox 1161 5173 1275 5243; x_wconf 89' lang='lat' dir='ltr'><strong>quan-</strong></span> 
     </span>
     <span class='ocr_line' id='line_1_50' title="bbox 280 5244 1275 5343; baseline -0.006 -19"><span class='ocrx_word' id='word_1_448' title='bbox 280 5269 499 5342; x_wconf 90' lang='lat' dir='ltr'><strong>tumcunque</strong></span> <span class='ocrx_word' id='word_1_449' title='bbox 526 5261 610 5316; x_wconf 88' lang='lat' dir='ltr'><strong>erat.</strong></span> <span class='ocrx_word' id='word_1_450' title='bbox 649 5244 929 5337; x_wconf 23' lang='lat' dir='ltr'><strong>*Demosthenes</strong></span> <span class='ocrx_word' id='word_1_451' title='bbox 962 5251 1171 5343; x_wconf 91' lang='lat' dir='ltr'><strong>aliquandiu</strong></span> <span class='ocrx_word' id='word_1_452' title='bbox 1201 5275 1275 5319; x_wconf 90' lang='lat' dir='ltr'><strong>me-</strong></span> 
     </span>
     <span class='ocr_line' id='line_1_51' title="bbox 280 5347 1273 5446; baseline -0.007 -19"><span class='ocrx_word' id='word_1_453' title='bbox 280 5354 449 5427; x_wconf 88' lang='lat' dir='ltr'><strong>ditandae</strong></span> <span class='ocrx_word' id='word_1_454' title='bbox 474 5347 646 5422; x_wconf 90' lang='lat' dir='ltr'><strong>orationis</strong></span> <span class='ocrx_word' id='word_1_455' title='bbox 675 5372 776 5419; x_wconf 91' lang='lat' dir='ltr'><strong>causa</strong></span> <span class='ocrx_word' id='word_1_456' title='bbox 800 5374 835 5419; x_wconf 90' lang='lat' dir='ltr'><strong>se</strong></span> <span class='ocrx_word' id='word_1_457' title='bbox 865 5351 903 5419; x_wconf 93' lang='lat' dir='ltr'><strong>in</strong></span> <span class='ocrx_word' id='word_1_458' title='bbox 928 5375 1070 5443; x_wconf 86' lang='lat' dir='ltr'><strong>specum</strong></span> <span class='ocrx_word' id='word_1_459' title='bbox 1096 5353 1273 5446; x_wconf 91' lang='lat' dir='ltr'><strong>quendam</strong></span> 
     </span>
    </p>
   </div>
   <div class='ocr_carea' id='block_1_9' title="bbox 1312 2201 2306 2400">
    <p class='ocr_par' dir='ltr' id='par_1_10' title="bbox 1312 2201 2306 2400">
     <span class='ocr_line' id='line_1_52' title="bbox 1312 2201 2305 2288; baseline 0.005 -19"><span class='ocrx_word' id='word_1_460' title='bbox 1312 2225 1389 2271; x_wconf 92' lang='lat' dir='ltr'><strong>sum</strong></span> <span class='ocrx_word' id='word_1_461' title='bbox 1405 2222 1559 2288; x_wconf 87' lang='lat' dir='ltr'><strong>unguem</strong></span> <span class='ocrx_word' id='word_1_462' title='bbox 1576 2202 1785 2272; x_wconf 85' lang='lat' dir='ltr'><strong>discesserit.</strong></span> <span class='ocrx_word' id='word_1_463' title='bbox 1837 2201 1996 2273; x_wconf 90' lang='lat' dir='ltr'><strong>Rursum</strong></span> <span class='ocrx_word' id='word_1_464' title='bbox 2013 2203 2075 2272; x_wconf 89' lang='lat' dir='ltr'><strong>alii</strong></span> <span class='ocrx_word' id='word_1_465' title='bbox 2091 2205 2199 2274; x_wconf 92' lang='lat' dir='ltr'><strong>domo</strong></span> <span class='ocrx_word' id='word_1_466' title='bbox 2217 2228 2305 2274; x_wconf 56' lang='lat' dir='ltr'><strong>nus</strong></span> 
     </span>
     <span class='ocr_line' id='line_1_53' title="bbox 1314 2303 2306 2400; baseline 0.003 -28"><span class='ocrx_word' id='word_1_467' title='bbox 1314 2327 1419 2396; x_wconf 91' lang='lat' dir='ltr'><strong>quam</strong></span> <span class='ocrx_word' id='word_1_468' title='bbox 1444 2303 1569 2392; x_wconf 90' lang='lat' dir='ltr'><strong>pedem</strong></span> <span class='ocrx_word' id='word_1_469' title='bbox 1593 2304 1795 2392; x_wconf 82' lang='lat' dir='ltr'><strong>proferunt,</strong></span> <span class='ocrx_word' id='word_1_470' title='bbox 1821 2305 1993 2397; x_wconf 91' lang='lat' dir='ltr'><strong>librisque</strong></span> <span class='ocrx_word' id='word_1_471' title='bbox 2009 2328 2045 2374; x_wconf 88' lang='lat' dir='ltr'><strong>se</strong></span> <span class='ocrx_word' id='word_1_472' title='bbox 2062 2319 2231 2400; x_wconf 89' lang='lat' dir='ltr'><strong>tanquam</strong></span> <span class='ocrx_word' id='word_1_473' title='bbox 2246 2308 2306 2399; x_wconf 90' lang='lat' dir='ltr'><strong>pi-</strong></span> 
     </span>
    </p>
   </div>
   <div class='ocr_carea' id='block_1_10' title="bbox 1293 2395 2306 2492">
    <p class='ocr_par' dir='ltr' id='par_1_11' title="bbox 1293 2395 2306 2492">
     <span class='ocr_line' id='line_1_54' title="bbox 1293 2395 2306 2492; baseline 0.006 -19"><span class='ocrx_word' id='word_1_474' title='bbox 1293 2395 1424 2473; x_wconf 79' lang='lat' dir='ltr'><strong>¹strino</strong></span> <span class='ocrx_word' id='word_1_475' title='bbox 1456 2404 1597 2472; x_wconf 86' lang='lat' dir='ltr'><strong>cuidam</strong></span> <span class='ocrx_word' id='word_1_476' title='bbox 1626 2405 1815 2492; x_wconf 91' lang='lat' dir='ltr'><strong>addicunt,</strong></span> <span class='ocrx_word' id='word_1_477' title='bbox 1846 2401 1984 2479; x_wconf 87' lang='lat' dir='ltr'><strong>chartas</strong></span> <span class='ocrx_word' id='word_1_478' title='bbox 2010 2408 2161 2477; x_wconf 89' lang='lat' dir='ltr'><strong>volvunt</strong></span> <span class='ocrx_word' id='word_1_479' title='bbox 2183 2431 2222 2476; x_wconf 91' lang='lat' dir='ltr'><strong>ac</strong></span> <span class='ocrx_word' id='word_1_480' title='bbox 2248 2433 2306 2479; x_wconf 83' lang='lat' dir='ltr'><strong>re-</strong></span> 
     </span>
    </p>
   </div>
   <div class='ocr_carea' id='block_1_11' title="bbox 1314 2507 2342 4844">
    <p class='ocr_par' dir='ltr' id='par_1_12' title="bbox 1314 2507 2342 4844">
     <span class='ocr_line' id='line_1_55' title="bbox 1314 2507 2306 2601; baseline 0.007 -27"><span class='ocrx_word' id='word_1_481' title='bbox 1314 2507 1481 2590; x_wconf 90' lang='lat' dir='ltr'><strong>volvunt,</strong></span> <span class='ocrx_word' id='word_1_482' title='bbox 1507 2507 1629 2575; x_wconf 89' lang='lat' dir='ltr'><strong>beatos</strong></span> <span class='ocrx_word' id='word_1_483' title='bbox 1651 2529 1686 2576; x_wconf 92' lang='lat' dir='ltr'><strong>se</strong></span> <span class='ocrx_word' id='word_1_484' title='bbox 1708 2520 1853 2598; x_wconf 89' lang='lat' dir='ltr'><strong>putant,</strong></span> <span class='ocrx_word' id='word_1_485' title='bbox 1879 2509 1942 2577; x_wconf 92' lang='lat' dir='ltr'><strong>ubi</strong></span> <span class='ocrx_word' id='word_1_486' title='bbox 1957 2509 2119 2601; x_wconf 90' lang='lat' dir='ltr'><strong>quotidie</strong></span> <span class='ocrx_word' id='word_1_487' title='bbox 2138 2532 2306 2599; x_wconf 90' lang='lat' dir='ltr'><strong>magnum</strong></span> 
     </span>
     <span class='ocr_line' id='line_1_56' title="bbox 1315 2603 2307 2699; baseline 0.005 -22"><span class='ocrx_word' id='word_1_488' title='bbox 1315 2631 1503 2678; x_wconf 89' lang='lat' dir='ltr'><strong>numerum</strong></span> <span class='ocrx_word' id='word_1_489' title='bbox 1525 2603 1727 2677; x_wconf 86' lang='lat' dir='ltr'><strong>chartarum</strong></span> <span class='ocrx_word' id='word_1_490' title='bbox 1748 2611 1999 2699; x_wconf 87' lang='lat' dir='ltr'><strong>percurrerint.</strong></span> <span class='ocrx_word' id='word_1_491' title='bbox 2051 2606 2112 2680; x_wconf 93' lang='lat' dir='ltr'><strong>An</strong></span> <span class='ocrx_word' id='word_1_492' title='bbox 2127 2635 2201 2681; x_wconf 89' lang='lat' dir='ltr'><strong>non</strong></span> <span class='ocrx_word' id='word_1_493' title='bbox 2216 2612 2307 2682; x_wconf 88' lang='lat' dir='ltr'><strong>utri-</strong></span> 
     </span>
     <span class='ocr_line' id='line_1_57' title="bbox 1316 2709 2308 2805; baseline 0.008 -27"><span class='ocrx_word' id='word_1_494' title='bbox 1316 2734 1383 2805; x_wconf 91' lang='lat' dir='ltr'><strong>que</strong></span> <span class='ocrx_word' id='word_1_495' title='bbox 1416 2709 1537 2777; x_wconf 92' lang='lat' dir='ltr'><strong>miseri</strong></span> <span class='ocrx_word' id='word_1_496' title='bbox 1573 2710 1758 2791; x_wconf 89' lang='lat' dir='ltr'><strong>videntur,</strong></span> <span class='ocrx_word' id='word_1_497' title='bbox 1803 2736 1883 2782; x_wconf 89' lang='lat' dir='ltr'><strong>cum</strong></span> <span class='ocrx_word' id='word_1_498' title='bbox 1914 2725 2016 2784; x_wconf 92' lang='lat' dir='ltr'><strong>tanto</strong></span> <span class='ocrx_word' id='word_1_499' title='bbox 2050 2714 2188 2798; x_wconf 90' lang='lat' dir='ltr'><strong>labore,</strong></span> <span class='ocrx_word' id='word_1_500' title='bbox 2225 2728 2308 2786; x_wconf 85' lang='lat' dir='ltr'><strong>tan·</strong></span> 
     </span>
     <span class='ocr_line' id='line_1_58' title="bbox 1314 2812 2308 2905; baseline 0.003 -23"><span class='ocrx_word' id='word_1_501' title='bbox 1314 2827 1419 2903; x_wconf 90' lang='lat' dir='ltr'><strong>taque</strong></span> <span class='ocrx_word' id='word_1_502' title='bbox 1457 2812 1672 2880; x_wconf 90' lang='lat' dir='ltr'><strong>valetudinis</strong></span> <span class='ocrx_word' id='word_1_503' title='bbox 1707 2812 1839 2883; x_wconf 88' lang='lat' dir='ltr'><strong>iactura</strong></span> <span class='ocrx_word' id='word_1_504' title='bbox 1870 2814 2035 2905; x_wconf 88' lang='lat' dir='ltr'><strong>desipere</strong></span> <span class='ocrx_word' id='word_1_505' title='bbox 2077 2829 2214 2888; x_wconf 88' lang='lat' dir='ltr'><strong>tantum</strong></span> <span class='ocrx_word' id='word_1_506' title='bbox 2250 2816 2308 2888; x_wconf 90' lang='lat' dir='ltr'><strong>di-</strong></span> 
     </span>
     <span class='ocr_line' id='line_1_59' title="bbox 1317 2910 2307 3010; baseline 0.007 -28"><span class='ocrx_word' id='word_1_507' title='bbox 1317 2926 1439 3006; x_wconf 68' lang='lat' dir='ltr'><strong>scant.¹</strong></span> <span class='ocrx_word' id='word_1_508' title='bbox 1479 2910 1642 2982; x_wconf 88' lang='lat' dir='ltr'><strong>Primum</strong></span> <span class='ocrx_word' id='word_1_509' title='bbox 1658 2913 1753 2981; x_wconf 91' lang='lat' dir='ltr'><strong>enim</strong></span> <span class='ocrx_word' id='word_1_510' title='bbox 1771 2915 1841 2983; x_wconf 90' lang='lat' dir='ltr'><strong>nisi</strong></span> <span class='ocrx_word' id='word_1_511' title='bbox 1855 2917 1947 3010; x_wconf 89' lang='lat' dir='ltr'><strong>stylo</strong></span> <span class='ocrx_word' id='word_1_512' title='bbox 1964 2919 2133 2988; x_wconf 82' lang='lat' dir='ltr'><strong>excitetur</strong></span> <span class='ocrx_word' id='word_1_513' title='bbox 2154 2919 2307 3009; x_wconf 88' lang='lat' dir='ltr'><strong>animus,</strong></span> 
     </span>
     <span class='ocr_line' id='line_1_60' title="bbox 1318 3009 2308 3107; baseline 0.008 -23"><span class='ocrx_word' id='word_1_514' title='bbox 1318 3038 1379 3107; x_wconf 88' lang='lat' dir='ltr'><strong>per</strong></span> <span class='ocrx_word' id='word_1_515' title='bbox 1404 3036 1478 3083; x_wconf 91' lang='lat' dir='ltr'><strong>sese</strong></span> <span class='ocrx_word' id='word_1_516' title='bbox 1503 3009 1678 3084; x_wconf 90' lang='lat' dir='ltr'><strong>hebescit:</strong></span> <span class='ocrx_word' id='word_1_517' title='bbox 1712 3017 1841 3087; x_wconf 91' lang='lat' dir='ltr'><strong>deinde</strong></span> <span class='ocrx_word' id='word_1_518' title='bbox 1870 3043 1950 3089; x_wconf 88' lang='lat' dir='ltr'><strong>cum</strong></span> <span class='ocrx_word' id='word_1_519' title='bbox 1977 3019 2165 3091; x_wconf 91' lang='lat' dir='ltr'><strong>immodica</strong></span> <span class='ocrx_word' id='word_1_520' title='bbox 2189 3045 2226 3091; x_wconf 92' lang='lat' dir='ltr'><strong>se</strong></span> <span class='ocrx_word' id='word_1_521' title='bbox 2252 3023 2308 3092; x_wconf 88' lang='lat' dir='ltr'><strong>vel</strong></span> 
     </span>
     <span class='ocr_line' id='line_1_61' title="bbox 1317 3115 2309 3213; baseline 0.007 -27"><span class='ocrx_word' id='word_1_522' title='bbox 1317 3115 1592 3201; x_wconf 78' lang='lat' dir='ltr'><strong>auscultatione,</strong></span> <span class='ocrx_word' id='word_1_523' title='bbox 1618 3117 1674 3185; x_wconf 89' lang='lat' dir='ltr'><strong>vel</strong></span> <span class='ocrx_word' id='word_1_524' title='bbox 1696 3116 1847 3188; x_wconf 90' lang='lat' dir='ltr'><strong>lectione</strong></span> <span class='ocrx_word' id='word_1_525' title='bbox 1870 3122 2048 3205; x_wconf 88' lang='lat' dir='ltr'><strong>obruunt,</strong></span> <span class='ocrx_word' id='word_1_526' title='bbox 2082 3123 2309 3213; x_wconf 90' lang='lat' dir='ltr'><strong>ingeniorum</strong></span> 
     </span>
     <span class='ocr_line' id='line_1_62' title="bbox 1318 3217 2309 3310; baseline 0.009 -22"><span class='ocrx_word' id='word_1_527' title='bbox 1318 3220 1447 3302; x_wconf 88' lang='lat' dir='ltr'><strong>aciem,</strong></span> <span class='ocrx_word' id='word_1_528' title='bbox 1468 3218 1580 3310; x_wconf 91' lang='lat' dir='ltr'><strong>siqua</strong></span> <span class='ocrx_word' id='word_1_529' title='bbox 1596 3217 1762 3305; x_wconf 86' lang='lat' dir='ltr'><strong>contigit,</strong></span> <span class='ocrx_word' id='word_1_530' title='bbox 1788 3220 2006 3289; x_wconf 91' lang='lat' dir='ltr'><strong>obtundunt.</strong></span> <span class='ocrx_word' id='word_1_531' title='bbox 2043 3221 2117 3293; x_wconf 90' lang='lat' dir='ltr'><strong>Iam</strong></span> <span class='ocrx_word' id='word_1_532' title='bbox 2136 3239 2168 3295; x_wconf 94' lang='lat' dir='ltr'><strong>et</strong></span> <span class='ocrx_word' id='word_1_533' title='bbox 2183 3226 2309 3297; x_wconf 90' lang='lat' dir='ltr'><strong>iudicii</strong></span> 
     </span>
     <span class='ocr_line' id='line_1_63' title="bbox 1319 3318 2312 3416; baseline 0.012 -28"><span class='ocrx_word' id='word_1_534' title='bbox 1319 3319 1438 3410; x_wconf 91' lang='lat' dir='ltr'><strong>inopia</strong></span> <span class='ocrx_word' id='word_1_535' title='bbox 1461 3321 1521 3403; x_wconf 87' lang='lat' dir='ltr'><strong>fit,</strong></span> <span class='ocrx_word' id='word_1_536' title='bbox 1555 3332 1596 3387; x_wconf 90' lang='lat' dir='ltr'><strong>ut</strong></span> <span class='ocrx_word' id='word_1_537' title='bbox 1619 3318 1691 3387; x_wconf 86' lang='lat' dir='ltr'><strong>fere</strong></span> <span class='ocrx_word' id='word_1_538' title='bbox 1716 3319 1866 3407; x_wconf 88' lang='lat' dir='ltr'><strong>pessima</strong></span> <span class='ocrx_word' id='word_1_539' title='bbox 1893 3343 2053 3413; x_wconf 89' lang='lat' dir='ltr'><strong>quaeque</strong></span> <span class='ocrx_word' id='word_1_540' title='bbox 2083 3328 2312 3416; x_wconf 89' lang='lat' dir='ltr'><strong>cupidissime</strong></span> 
     </span>
     <span class='ocr_line' id='line_1_64' title="bbox 1319 3420 2312 3516; baseline 0.012 -25"><span class='ocrx_word' id='word_1_541' title='bbox 1319 3422 1466 3491; x_wconf 90' lang='lat' dir='ltr'><strong>audiant</strong></span> <span class='ocrx_word' id='word_1_542' title='bbox 1498 3420 1703 3509; x_wconf 74' lang='lat' dir='ltr'><strong>aolegant,</strong></span> <span class='ocrx_word' id='word_1_543' title='bbox 1736 3442 1781 3488; x_wconf 90' lang='lat' dir='ltr'><strong>ne</strong></span> <span class='ocrx_word' id='word_1_544' title='bbox 1809 3445 1883 3490; x_wconf 92' lang='lat' dir='ltr'><strong>non</strong></span> <span class='ocrx_word' id='word_1_545' title='bbox 1917 3423 2028 3491; x_wconf 85' lang='lat' dir='ltr'><strong>multa</strong></span> <span class='ocrx_word' id='word_1_546' title='bbox 2062 3444 2312 3516; x_wconf 85' lang='lat' dir='ltr'><strong>pervagentur.</strong></span> 
     </span>
     <span class='ocr_line' id='line_1_65' title="bbox 1322 3521 2317 3618; baseline 0.009 -26"><span class='ocrx_word' id='word_1_547' title='bbox 1322 3522 1422 3611; x_wconf 88' lang='lat' dir='ltr'><strong>Quos</strong></span> <span class='ocrx_word' id='word_1_548' title='bbox 1448 3523 1478 3591; x_wconf 92' lang='lat' dir='ltr'><strong>si</strong></span> <span class='ocrx_word' id='word_1_549' title='bbox 1506 3521 1586 3614; x_wconf 91' lang='lat' dir='ltr'><strong>quis</strong></span> <span class='ocrx_word' id='word_1_550' title='bbox 1616 3545 1680 3590; x_wconf 90' lang='lat' dir='ltr'><strong>ceu</strong></span> <span class='ocrx_word' id='word_1_551' title='bbox 1714 3522 1861 3592; x_wconf 90' lang='lat' dir='ltr'><strong>domum</strong></span> <span class='ocrx_word' id='word_1_552' title='bbox 1893 3539 2074 3595; x_wconf 88' lang='lat' dir='ltr'><strong>revocatos</strong></span> <span class='ocrx_word' id='word_1_553' title='bbox 2104 3528 2317 3618; x_wconf 88' lang='lat' dir='ltr'><strong>interroget,</strong></span> 
     </span>
     <span class='ocr_line' id='line_1_66' title="bbox 1321 3618 2314 3721; baseline 0.012 -29"><span class='ocrx_word' id='word_1_554' title='bbox 1321 3625 1409 3719; x_wconf 91' lang='lat' dir='ltr'><strong>quid</strong></span> <span class='ocrx_word' id='word_1_555' title='bbox 1437 3618 1504 3693; x_wconf 90' lang='lat' dir='ltr'><strong>hac</strong></span> <span class='ocrx_word' id='word_1_556' title='bbox 1524 3622 1685 3693; x_wconf 88' lang='lat' dir='ltr'><strong>discendi</strong></span> <span class='ocrx_word' id='word_1_557' title='bbox 1709 3624 1848 3694; x_wconf 89' lang='lat' dir='ltr'><strong>ratione</strong></span> <span class='ocrx_word' id='word_1_558' title='bbox 1875 3638 2086 3717; x_wconf 84' lang='lat' dir='ltr'><strong>sequantur,</strong></span> <span class='ocrx_word' id='word_1_559' title='bbox 2118 3630 2198 3721; x_wconf 93' lang='lat' dir='ltr'><strong>quis</strong></span> <span class='ocrx_word' id='word_1_560' title='bbox 2220 3631 2314 3718; x_wconf 85' lang='lat' dir='ltr'><strong>linis,</strong></span> 
     </span>
     <span class='ocr_line' id='line_1_67' title="bbox 1320 3726 2314 3821; baseline 0.009 -26"><span class='ocrx_word' id='word_1_561' title='bbox 1320 3751 1412 3820; x_wconf 89' lang='lat' dir='ltr'><strong>quae</strong></span> <span class='ocrx_word' id='word_1_562' title='bbox 1429 3741 1520 3794; x_wconf 90' lang='lat' dir='ltr'><strong>meta</strong></span> <span class='ocrx_word' id='word_1_563' title='bbox 1535 3726 1654 3794; x_wconf 91' lang='lat' dir='ltr'><strong>animo</strong></span> <span class='ocrx_word' id='word_1_564' title='bbox 1677 3726 1856 3818; x_wconf 87' lang='lat' dir='ltr'><strong>proposita</strong></span> <span class='ocrx_word' id='word_1_565' title='bbox 1873 3727 1937 3821; x_wconf 83' lang='lat' dir='ltr'><strong>sit,</strong></span> <span class='ocrx_word' id='word_1_566' title='bbox 1963 3729 2136 3820; x_wconf 89' lang='lat' dir='ltr'><strong>intelliget</strong></span> <span class='ocrx_word' id='word_1_567' title='bbox 2152 3755 2228 3800; x_wconf 93' lang='lat' dir='ltr'><strong>non</strong></span> <span class='ocrx_word' id='word_1_568' title='bbox 2247 3735 2314 3804; x_wconf 89' lang='lat' dir='ltr'><strong>ali-</strong></span> 
     </span>
     <span class='ocr_line' id='line_1_68' title="bbox 1320 3829 2313 3920; baseline 0.009 -23"><span class='ocrx_word' id='word_1_569' title='bbox 1320 3843 1374 3898; x_wconf 90' lang='lat' dir='ltr'><strong>ter</strong></span> <span class='ocrx_word' id='word_1_570' title='bbox 1403 3851 1443 3896; x_wconf 88' lang='lat' dir='ltr'><strong>ac</strong></span> <span class='ocrx_word' id='word_1_571' title='bbox 1472 3841 1590 3896; x_wconf 91' lang='lat' dir='ltr'><strong>mente</strong></span> <span class='ocrx_word' id='word_1_572' title='bbox 1619 3841 1755 3917; x_wconf 89' lang='lat' dir='ltr'><strong>captos,</strong></span> <span class='ocrx_word' id='word_1_573' title='bbox 1788 3829 1876 3920; x_wconf 89' lang='lat' dir='ltr'><strong>quid</strong></span> <span class='ocrx_word' id='word_1_574' title='bbox 1906 3845 2011 3919; x_wconf 88' lang='lat' dir='ltr'><strong>agant</strong></span> <span class='ocrx_word' id='word_1_575' title='bbox 2041 3833 2187 3905; x_wconf 90' lang='lat' dir='ltr'><strong>nescire.</strong></span> <span class='ocrx_word' id='word_1_576' title='bbox 2239 3834 2313 3907; x_wconf 88' lang='lat' dir='ltr'><strong>Nec</strong></span> 
     </span>
     <span class='ocr_line' id='line_1_69' title="bbox 1321 3929 2314 4024; baseline 0.009 -25"><span class='ocrx_word' id='word_1_577' title='bbox 1321 3929 1416 3999; x_wconf 91' lang='lat' dir='ltr'><strong>enim</strong></span> <span class='ocrx_word' id='word_1_578' title='bbox 1433 3929 1489 3997; x_wconf 91' lang='lat' dir='ltr'><strong>vel</strong></span> <span class='ocrx_word' id='word_1_579' title='bbox 1505 3930 1710 4013; x_wconf 90' lang='lat' dir='ltr'><strong>sententias,</strong></span> <span class='ocrx_word' id='word_1_580' title='bbox 1732 3930 1787 3998; x_wconf 89' lang='lat' dir='ltr'><strong>vel</strong></span> <span class='ocrx_word' id='word_1_581' title='bbox 1808 3954 2006 4000; x_wconf 90' lang='lat' dir='ltr'><strong>sermonem</strong></span> <span class='ocrx_word' id='word_1_582' title='bbox 2024 3934 2234 4024; x_wconf 87' lang='lat' dir='ltr'><strong>scriptorum</strong></span> <span class='ocrx_word' id='word_1_583' title='bbox 2248 3938 2314 4008; x_wconf 81' lang='lat' dir='ltr'><strong>oh·</strong></span> 
     </span>
     <span class='ocr_line' id='line_1_70' title="bbox 1321 4030 2314 4110; baseline 0.005 -7"><span class='ocrx_word' id='word_1_584' title='bbox 1321 4045 1473 4110; x_wconf 90' lang='lat' dir='ltr'><strong>servant,</strong></span> <span class='ocrx_word' id='word_1_585' title='bbox 1500 4054 1579 4098; x_wconf 90' lang='lat' dir='ltr'><strong>cum</strong></span> <span class='ocrx_word' id='word_1_586' title='bbox 1597 4030 1761 4099; x_wconf 90' lang='lat' dir='ltr'><strong>imitandi</strong></span> <span class='ocrx_word' id='word_1_587' title='bbox 1777 4056 1859 4100; x_wconf 88' lang='lat' dir='ltr'><strong>cura</strong></span> <span class='ocrx_word' id='word_1_588' title='bbox 1877 4047 2011 4104; x_wconf 87' lang='lat' dir='ltr'><strong>vacent.</strong></span> <span class='ocrx_word' id='word_1_589' title='bbox 2052 4034 2209 4106; x_wconf 89' lang='lat' dir='ltr'><strong>Tantum</strong></span> <span class='ocrx_word' id='word_1_590' title='bbox 2227 4063 2314 4108; x_wconf 75' lang='lat' dir='ltr'><strong>ocu-</strong></span> 
     </span>
     <span class='ocr_line' id='line_1_71' title="bbox 1322 4133 2313 4223; baseline 0.008 -20"><span class='ocrx_word' id='word_1_591' title='bbox 1322 4136 1366 4204; x_wconf 91' lang='lat' dir='ltr'><strong>lis</strong></span> <span class='ocrx_word' id='word_1_592' title='bbox 1382 4133 1598 4223; x_wconf 85' lang='lat' dir='ltr'><strong>auribusque</strong></span> <span class='ocrx_word' id='word_1_593' title='bbox 1623 4133 1808 4220; x_wconf 87' lang='lat' dir='ltr'><strong>negocium</strong></span> <span class='ocrx_word' id='word_1_594' title='bbox 1827 4133 1981 4218; x_wconf 87' lang='lat' dir='ltr'><strong>faciunt,</strong></span> <span class='ocrx_word' id='word_1_595' title='bbox 2007 4137 2150 4207; x_wconf 90' lang='lat' dir='ltr'><strong>animus</strong></span> <span class='ocrx_word' id='word_1_596' title='bbox 2169 4139 2313 4211; x_wconf 90' lang='lat' dir='ltr'><strong>interim</strong></span> 
     </span>
     <span class='ocr_line' id='line_1_72' title="bbox 1323 4235 2313 4325; baseline 0.007 -20"><span class='ocrx_word' id='word_1_597' title='bbox 1323 4235 1596 4325; x_wconf 86' lang='lat' dir='ltr'><strong>Epimenideum</strong></span> <span class='ocrx_word' id='word_1_598' title='bbox 1619 4235 1796 4324; x_wconf 90' lang='lat' dir='ltr'><strong>quendam</strong></span> <span class='ocrx_word' id='word_1_599' title='bbox 1819 4255 1984 4305; x_wconf 89' lang='lat' dir='ltr'><strong>somnum</strong></span> <span class='ocrx_word' id='word_1_600' title='bbox 2000 4239 2150 4310; x_wconf 89' lang='lat' dir='ltr'><strong>dormit:</strong></span> <span class='ocrx_word' id='word_1_601' title='bbox 2176 4255 2210 4312; x_wconf 91' lang='lat' dir='ltr'><strong>et</strong></span> <span class='ocrx_word' id='word_1_602' title='bbox 2232 4266 2313 4312; x_wconf 90' lang='lat' dir='ltr'><strong>cum</strong></span> 
     </span>
     <span class='ocr_line' id='line_1_73' title="bbox 1324 4335 2313 4430; baseline 0.009 -26"><span class='ocrx_word' id='word_1_603' title='bbox 1324 4337 1463 4405; x_wconf 90' lang='lat' dir='ltr'><strong>nullum</strong></span> <span class='ocrx_word' id='word_1_604' title='bbox 1485 4348 1618 4405; x_wconf 90' lang='lat' dir='ltr'><strong>certum</strong></span> <span class='ocrx_word' id='word_1_605' title='bbox 1641 4335 1820 4426; x_wconf 88' lang='lat' dir='ltr'><strong>exemplar</strong></span> <span class='ocrx_word' id='word_1_606' title='bbox 1838 4337 2034 4427; x_wconf 87' lang='lat' dir='ltr'><strong>exprimere</strong></span> <span class='ocrx_word' id='word_1_607' title='bbox 2057 4343 2240 4430; x_wconf 88' lang='lat' dir='ltr'><strong>studeant,</strong></span> <span class='ocrx_word' id='word_1_608' title='bbox 2263 4343 2313 4429; x_wconf 84' lang='lat' dir='ltr'><strong>fit,</strong></span> 
     </span>
     <span class='ocr_line' id='line_1_74' title="bbox 1323 4436 2315 4531; baseline 0.003 -23"><span class='ocrx_word' id='word_1_609' title='bbox 1323 4451 1411 4508; x_wconf 91' lang='lat' dir='ltr'><strong>utet</strong></span> <span class='ocrx_word' id='word_1_610' title='bbox 1427 4436 1570 4507; x_wconf 90' lang='lat' dir='ltr'><strong>dicendi</strong></span> <span class='ocrx_word' id='word_1_611' title='bbox 1589 4450 1623 4504; x_wconf 90' lang='lat' dir='ltr'><strong>et</strong></span> <span class='ocrx_word' id='word_1_612' title='bbox 1640 4437 1822 4507; x_wconf 90' lang='lat' dir='ltr'><strong>iudicandi</strong></span> <span class='ocrx_word' id='word_1_613' title='bbox 1837 4438 1927 4509; x_wconf 92' lang='lat' dir='ltr'><strong>ratio</strong></span> <span class='ocrx_word' id='word_1_614' title='bbox 1943 4444 2167 4531; x_wconf 85' lang='lat' dir='ltr'><strong>depravetur.</strong></span> <span class='ocrx_word' id='word_1_615' title='bbox 2221 4442 2315 4516; x_wconf 75' lang='lat' dir='ltr'><strong>Gra.</strong></span> 
     </span>
     <span class='ocr_line' id='line_1_75' title="bbox 1325 4535 2342 4631; baseline 0.009 -22"><span class='ocrx_word' id='word_1_616' title='bbox 1325 4541 1459 4609; x_wconf 88' lang='lat' dir='ltr'><strong>tulatnr</strong></span> <span class='ocrx_word' id='word_1_617' title='bbox 1480 4541 1549 4608; x_wconf 89' lang='lat' dir='ltr'><strong>sibi</strong></span> <span class='ocrx_word' id='word_1_618' title='bbox 1565 4535 1821 4609; x_wconf 91' lang='lat' dir='ltr'><strong>Demosthenes</strong></span> <span class='ocrx_word' id='word_1_619' title='bbox 1835 4544 1928 4631; x_wconf 87' lang='lat' dir='ltr'><strong>apud</strong></span> <span class='ocrx_word' id='word_1_620' title='bbox 1946 4539 2184 4615; x_wconf 85' lang='lat' dir='ltr'><strong>Athenienses</strong></span> <span class='ocrx_word' id='word_1_621' title='bbox 2199 4547 2342 4631; x_wconf 69' lang='lat' dir='ltr'><strong>dictu-0,</strong></span> 
     </span>
     <span class='ocr_line' id='line_1_76' title="bbox 1326 4641 2316 4735; baseline 0.012 -26"><span class='ocrx_word' id='word_1_622' title='bbox 1326 4665 1406 4723; x_wconf 92' lang='lat' dir='ltr'><strong>rus,</strong></span> <span class='ocrx_word' id='word_1_623' title='bbox 1438 4642 1532 4734; x_wconf 90' lang='lat' dir='ltr'><strong>quod</strong></span> <span class='ocrx_word' id='word_1_624' title='bbox 1550 4641 1617 4731; x_wconf 89' lang='lat' dir='ltr'><strong>ipsi</strong></span> <span class='ocrx_word' id='word_1_625' title='bbox 1633 4665 1695 4730; x_wconf 91' lang='lat' dir='ltr'><strong>per</strong></span> <span class='ocrx_word' id='word_1_626' title='bbox 1710 4665 1783 4711; x_wconf 90' lang='lat' dir='ltr'><strong>sese</strong></span> <span class='ocrx_word' id='word_1_627' title='bbox 1799 4667 1889 4734; x_wconf 90' lang='lat' dir='ltr'><strong>quae</strong></span> <span class='ocrx_word' id='word_1_628' title='bbox 1910 4645 2041 4735; x_wconf 89' lang='lat' dir='ltr'><strong>optima</strong></span> <span class='ocrx_word' id='word_1_629' title='bbox 2065 4647 2135 4718; x_wconf 90' lang='lat' dir='ltr'><strong>sint</strong></span> <span class='ocrx_word' id='word_1_630' title='bbox 2158 4664 2316 4723; x_wconf 88' lang='lat' dir='ltr'><strong>cernant.</strong></span> 
     </span>
     <span class='ocr_line' id='line_1_77' title="bbox 1326 4737 2318 4844; baseline 0.008 -30"><span class='ocrx_word' id='word_1_631' title='bbox 1326 4737 1375 4814; x_wconf 89' lang='lat' dir='ltr'><strong>At</strong></span> <span class='ocrx_word' id='word_1_632' title='bbox 1388 4767 1453 4811; x_wconf 91' lang='lat' dir='ltr'><strong>nos</strong></span> <span class='ocrx_word' id='word_1_633' title='bbox 1468 4742 1549 4835; x_wconf 88' lang='lat' dir='ltr'><strong>styli</strong></span> <span class='ocrx_word' id='word_1_634' title='bbox 1565 4743 1768 4813; x_wconf 90' lang='lat' dir='ltr'><strong>exercitium</strong></span> <span class='ocrx_word' id='word_1_635' title='bbox 1786 4747 2028 4835; x_wconf 89' lang='lat' dir='ltr'><strong>praedicamus</strong></span> <span class='ocrx_word' id='word_1_636' title='bbox 2042 4744 2117 4834; x_wconf 90' lang='lat' dir='ltr'><strong>his,</strong></span> <span class='ocrx_word' id='word_1_637' title='bbox 2143 4752 2205 4844; x_wconf 87' lang='lat' dir='ltr'><strong>qui</strong></span> <span class='ocrx_word' id='word_1_638' title='bbox 2221 4776 2318 4822; x_wconf 86' lang='lat' dir='ltr'><strong>nun-</strong></span> 
     </span>
    </p>
   </div>
   <div class='ocr_carea' id='block_1_12' title="bbox 1326 4843 2324 5356">
    <p class='ocr_par' dir='ltr' id='par_1_13' title="bbox 1326 4843 2324 5356">
     <span class='ocr_line' id='line_1_78' title="bbox 1326 4843 2319 4940; baseline 0.014 -29"><span class='ocrx_word' id='word_1_639' title='bbox 1326 4868 1430 4937; x_wconf 92' lang='lat' dir='ltr'><strong>quam</strong></span> <span class='ocrx_word' id='word_1_640' title='bbox 1454 4843 1650 4935; x_wconf 89' lang='lat' dir='ltr'><strong>periculum</strong></span> <span class='ocrx_word' id='word_1_641' title='bbox 1676 4847 1726 4914; x_wconf 89' lang='lat' dir='ltr'><strong>rei</strong></span> <span class='ocrx_word' id='word_1_642' title='bbox 1749 4847 1925 4932; x_wconf 86' lang='lat' dir='ltr'><strong>fecerunt,</strong></span> <span class='ocrx_word' id='word_1_643' title='bbox 1951 4873 2016 4919; x_wconf 89' lang='lat' dir='ltr'><strong>nec</strong></span> <span class='ocrx_word' id='word_1_644' title='bbox 2036 4854 2319 4940; x_wconf 86' lang='lat' dir='ltr'><strong>commodorum,</strong></span> 
     </span>
     <span class='ocr_line' id='line_1_79' title="bbox 1327 4939 2320 5047; baseline 0.014 -34"><span class='ocrx_word' id='word_1_645' title='bbox 1327 4970 1416 5039; x_wconf 90' lang='lat' dir='ltr'><strong>quae</strong></span> <span class='ocrx_word' id='word_1_646' title='bbox 1436 4939 1656 5015; x_wconf 58' lang='lat' dir='ltr'><strong>secum&#39;haec</strong></span> <span class='ocrx_word' id='word_1_647' title='bbox 1674 4948 1875 5018; x_wconf 87' lang='lat' dir='ltr'><strong>exercitatio</strong></span> <span class='ocrx_word' id='word_1_648' title='bbox 1894 4951 2025 5036; x_wconf 83' lang='lat' dir='ltr'><strong>adfert,</strong></span> <span class='ocrx_word' id='word_1_649' title='bbox 2052 4953 2124 5023; x_wconf 89' lang='lat' dir='ltr'><strong>vim</strong></span> <span class='ocrx_word' id='word_1_650' title='bbox 2147 4957 2320 5047; x_wconf 85' lang='lat' dir='ltr'><strong>amplitu-</strong></span> 
     </span>
     <span class='ocr_line' id='line_1_80' title="bbox 1327 5047 2322 5150; baseline 0.014 -35"><span class='ocrx_word' id='word_1_651' title='bbox 1327 5047 1518 5139; x_wconf 87' lang='lat' dir='ltr'><strong>dinemque</strong></span> <span class='ocrx_word' id='word_1_652' title='bbox 1535 5048 1589 5115; x_wconf 89' lang='lat' dir='ltr'><strong>vel</strong></span> <span class='ocrx_word' id='word_1_653' title='bbox 1605 5072 1668 5139; x_wconf 93' lang='lat' dir='ltr'><strong>per</strong></span> <span class='ocrx_word' id='word_1_654' title='bbox 1691 5063 1919 5118; x_wconf 87' lang='lat' dir='ltr'><strong>transennam</strong></span> <span class='ocrx_word' id='word_1_655' title='bbox 1937 5053 2122 5136; x_wconf 88' lang='lat' dir='ltr'><strong>viderunt,</strong></span> <span class='ocrx_word' id='word_1_656' title='bbox 2149 5083 2221 5150; x_wconf 93' lang='lat' dir='ltr'><strong>quo</strong></span> <span class='ocrx_word' id='word_1_657' title='bbox 2244 5081 2322 5129; x_wconf 87' lang='lat' dir='ltr'><strong>ma-</strong></span> 
     </span>
     <span class='ocr_line' id='line_1_81' title="bbox 1327 5148 2323 5249; baseline 0.019 -35"><span class='ocrx_word' id='word_1_658' title='bbox 1327 5150 1378 5238; x_wconf 90' lang='lat' dir='ltr'><strong>gis</strong></span> <span class='ocrx_word' id='word_1_659' title='bbox 1399 5164 1539 5231; x_wconf 89' lang='lat' dir='ltr'><strong>metuo,</strong></span> <span class='ocrx_word' id='word_1_660' title='bbox 1571 5175 1617 5220; x_wconf 90' lang='lat' dir='ltr'><strong>ne</strong></span> <span class='ocrx_word' id='word_1_661' title='bbox 1639 5175 1763 5241; x_wconf 91' lang='lat' dir='ltr'><strong>parum</strong></span> <span class='ocrx_word' id='word_1_662' title='bbox 1787 5151 1869 5220; x_wconf 84' lang='lat' dir='ltr'><strong>fidei</strong></span> <span class='ocrx_word' id='word_1_663' title='bbox 1893 5148 2021 5226; x_wconf 87' lang='lat' dir='ltr'><strong>habeat</strong></span> <span class='ocrx_word' id='word_1_664' title='bbox 2040 5158 2155 5241; x_wconf 86' lang='lat' dir='ltr'><strong>oratio</strong></span> <span class='ocrx_word' id='word_1_665' title='bbox 2185 5174 2323 5249; x_wconf 89' lang='lat' dir='ltr'><strong>nostra,</strong></span> 
     </span>
     <span class='ocr_line' id='line_1_82' title="bbox 1327 5252 2324 5356; baseline 0.017 -38"><span class='ocrx_word' id='word_1_666' title='bbox 1327 5275 1405 5319; x_wconf 90' lang='lat' dir='ltr'><strong>cum</strong></span> <span class='ocrx_word' id='word_1_667' title='bbox 1428 5252 1518 5344; x_wconf 87' lang='lat' dir='ltr'><strong>stylo</strong></span> <span class='ocrx_word' id='word_1_668' title='bbox 1542 5265 1680 5321; x_wconf 90' lang='lat' dir='ltr'><strong>tantum</strong></span> <span class='ocrx_word' id='word_1_669' title='bbox 1703 5252 1907 5331; x_wconf 87' lang='lat' dir='ltr'><strong>tribuimus.</strong></span> <span class='ocrx_word' id='word_1_670' title='bbox 1960 5255 2092 5328; x_wconf 89' lang='lat' dir='ltr'><strong>Verum</strong></span> <span class='ocrx_word' id='word_1_671' title='bbox 2117 5261 2147 5331; x_wconf 88' lang='lat' dir='ltr'><strong>si</strong></span> <span class='ocrx_word' id='word_1_672' title='bbox 2169 5263 2250 5356; x_wconf 89' lang='lat' dir='ltr'><strong>quis</strong></span> <span class='ocrx_word' id='word_1_673' title='bbox 2271 5279 2324 5336; x_wconf 90' lang='lat' dir='ltr'><strong>est</strong></span> 
     </span>
    </p>
   </div>
   <div class='ocr_carea' id='block_1_13' title="bbox 1319 5352 2321 5455">
    <p class='ocr_par' dir='ltr' id='par_1_14' title="bbox 1319 5352 2321 5455">
     <span class='ocr_line' id='line_1_83' title="bbox 1319 5352 2321 5455; baseline 0.017 -34"><span class='ocrx_word' id='word_1_674' title='bbox 1319 5377 1402 5445; x_wconf 74' lang='lat' dir='ltr'><strong>¹nrm</strong></span> <span class='ocrx_word' id='word_1_675' title='bbox 1427 5356 1530 5446; x_wconf 88' lang='lat' dir='ltr'><strong>plane</strong></span> <span class='ocrx_word' id='word_1_676' title='bbox 1558 5355 1705 5448; x_wconf 91' lang='lat' dir='ltr'><strong>iniquus</strong></span> <span class='ocrx_word' id='word_1_677' title='bbox 1729 5352 1864 5442; x_wconf 87' lang='lat' dir='ltr'><strong>Musis,</strong></span> <span class='ocrx_word' id='word_1_678' title='bbox 1898 5359 1927 5428; x_wconf 91' lang='lat' dir='ltr'><strong>is</strong></span> <span class='ocrx_word' id='word_1_679' title='bbox 1948 5362 2042 5449; x_wconf 90' lang='lat' dir='ltr'><strong>apud</strong></span> <span class='ocrx_word' id='word_1_680' title='bbox 2067 5386 2103 5431; x_wconf 89' lang='lat' dir='ltr'><strong>se</strong></span> <span class='ocrx_word' id='word_1_681' title='bbox 2133 5367 2321 5455; x_wconf 86' lang='lat' dir='ltr'><strong>expendat,</strong></span> 
     </span>
    </p>
   </div>
   <div class='ocr_carea' id='block_1_14' title="bbox 0 0 2410 6020">
    <p class='ocr_par' dir='ltr' id='par_1_15' title="bbox 0 0 2410 6020">
     <span class='ocr_line' id='line_1_84' title="bbox 0 0 2410 6020; baseline 0 0"><span class='ocrx_word' id='word_1_682' title='bbox 0 0 2410 6020; x_wconf 95' lang='lat' dir='ltr'><strong> </strong></span> 
     </span>
    </p>
   </div>
  </div>
 </body>
</html>
