4732 6030
220 234 297 342 sss
775 253 936 330 occu.
983 255 1056 330 ua
1094 254 1377 330 accussat
1411 254 1670 335 mnus‘rt.
1999 356 2002 361 .
2160 260 2237 336 ooo

222 435 402 516 doctrina,
436 432 560 522 pietate
589 442 622 497 et
650 429 797 498 virtute:
831 450 981 512 quorum
1009 428 1207 510 autoritate,
1255 425 1466 495 testimoniis
1488 428 1668 496 doctrinae
1688 427 1830 496 irruunt
1852 427 1891 495 in
1912 423 2108 508 Ecclesias,
2141 444 2243 499 etex

223 535 353 617 officio,
380 548 412 601 et
427 528 621 617 diligentia,
647 542 681 597 et
698 528 953 597 sanctissimum
972 527 1206 596 ministerium
1255 550 1328 595 sese
1341 527 1490 612 gignunt
1505 551 1544 596 ac
1558 542 1726 617 spargunt
1739 528 1926 617 opiniones
1942 543 1973 598 et
1991 532 2167 617 dogmata.
2236 560 2239 565 ’

222 631 426 712 Ecclesiae,
442 644 475 698 et
499 630 678 720 publicum
703 629 889 698 consilium
904 626 1135 718 Reipublicae
1149 651 1207 696 re·
1357 625 1433 695 Hae
1452 642 1535 696 sunt
1557 653 1698 711 causae,
1723 642 1763 697 ut
1784 650 1846 716 ego
1860 628 2005 720 quidem
2021 629 2161 714 iudico,
2187 652 2243 700 sa-

225 735 335 823 gitur,
361 746 394 799 et
415 730 556 813 literae,
582 754 623 799 ac
643 731 755 799 borrae
775 743 866 799 artes
879 752 1001 799 ournes
1015 729 1081 798 Dei
1100 731 1207 798 bene-
1255 727 1301 797 tis
1323 748 1444 815 graves
1468 742 1501 796 et
1523 752 1686 816 magnae,
1711 752 1819 820 quare
1842 729 1881 796 in
1896 724 2063 797 Ecclesiis
2078 744 2112 799 et
2127 726 2242 801 Scho-

223 834 493 903 ficioornantur
510 844 544 900 et
561 825 828 919 provehuntur?
1168 846 1172 853 ·
1255 828 1307 895 las
1322 825 1465 897 retineri
1481 853 1519 896 ac
1532 830 1716 919 propagari
1733 851 1869 896 necesse
1884 843 1944 899 est.
1983 828 2142 899 Primum
2156 832 2241 923 qnia

327 931 400 1000 Nec
430 932 589 1000 existimo
619 953 818 1023 quenquam
847 943 1001 999 vestrum
1023 952 1116 1012 esse,
1146 928 1208 1022 qui
1256 923 1322 995 hae
1337 929 1443 995 etiam
1459 930 1503 995 ad
1522 928 1755 999 ministerium
1770 924 1945 998 Ecclesiae
1963 930 2158 1020 pertinent,
2185 934 2240 1000 vi-

226 1057 307 1103 cum
323 1028 379 1100 his
399 1031 641 1120 congressibus
658 1031 820 1114 interest,
845 1055 920 1099 non
937 1044 1112 1099 recreetur
1123 1052 1208 1098 con·
1256 1028 1384 1096 delicet
1406 1041 1442 1096 ut
1467 1028 1504 1094 in
1529 1023 1584 1096 his
1608 1029 1839 1098 instituantur
1864 1025 1922 1113 bi,
1960 1032 2090 1123 quibus
2112 1034 2240 1123 guber-

225 1150 345 1222 spectu
360 1132 483 1201 talium
501 1131 671 1212 virorum,
692 1130 755 1223 qui
769 1155 849 1200 vere
861 1146 955 1214 sunt,
978 1133 1074 1222 qu'od
1089 1152 1208 1217 graece
1257 1127 1353 1196 natio
1370 1124 1606 1201 Ecclesiarnm
1631 1130 1879 1198 committenda
1894 1144 1959 1200 est:
1986 1132 2132 1218 deinde,
2157 1133 2240 1225 quia

227 1235 358 1305 dicitur
373 1228 469 1326 ἱερὸς
483 1223 626 1314 κύκλος,
654 1231 688 1298 id
707 1245 768 1311 est,
795 1254 890 1300 sacer
906 1245 1041 1300 coetus:
1067 1244 1205 1299 tantum
1255 1224 1395 1297 scholae
1425 1228 1664 1298 testimonium
1692 1231 1778 1299 dant
1802 1224 1876 1314 his,
1909 1230 1969 1324 qui
1992 1233 2241 1323 praeficiuntur

226 1337 341 1418 abest,
367 1347 407 1402 ut
421 1332 571 1401 iudicem
587 1358 605 1400 a
624 1355 800 1425 quoquam
818 1326 1027 1422 reprehendi
1044 1325 1109 1400 hos
1123 1355 1208 1400 con·
1256 1323 1433 1399 Ecclesiis,
1483 1325 1531 1399 Et
1546 1342 1585 1397 ut
1595 1343 1730 1399 constet
1745 1355 1763 1398 a
1780 1332 1909 1422 quibus
1924 1334 2130 1403 doctoribus
2147 1358 2243 1403 acce-

228 1458 381 1524 gressus,
415 1456 502 1525 qnos
531 1446 666 1501 constat
695 1456 768 1499 non
799 1436 841 1500 ad
871 1433 1012 1500 inanem
1034 1455 1210 1522 pompam,
1257 1429 1375 1519 perint
1396 1431 1612 1513 doctrinam,
1635 1445 1669 1499 et
1692 1444 1731 1499 ut
1750 1431 1816 1520 ipsi
1837 1444 2006 1502 testentur
2023 1448 2151 1502 senon
2170 1435 2244 1503 dis-

228 1549 289 1605 aut
308 1533 495 1625 spectaculi
515 1557 638 1612 causa,
664 1534 722 1601 sed
738 1532 951 1621 gravissimis
964 1533 1008 1600 de
1023 1531 1151 1616 causis,
1176 1544 1210 1602 et
1258 1533 1379 1598 cedere
1409 1555 1427 1599 a
1457 1544 1624 1621 perpetuo
1654 1544 1687 1598 et
1722 1554 1804 1598 vero
1836 1555 2007 1601 consensu
2039 1530 2243 1604 Catholicae

228 1637 406 1706 institutos
429 1656 521 1715 esse,
545 1646 578 1701 et
600 1657 619 1702 a
638 1632 739 1701 nobis
756 1633 912 1702 retineri.
953 1631 1098 1703 Constat
1114 1633 1209 1701 enim
1258 1627 1434 1700 Ecclesiae
1463 1625 1615 1715 Christi,
1662 1654 1726 1700 nec
1762 1632 1921 1701 assentiri
1953 1634 2070 1722 pravis
2099 1636 2243 1728 opinio-

229 1732 294 1805 lros
320 1736 409 1803 ritus
431 1733 692 1823 promotionum
714 1758 774 1801 sen
796 1734 986 1821 graduum,
1018 1747 1058 1802 ut
1081 1757 1210 1802 socan·
1259 1732 1378 1800 nibus.

228 1850 308 1917 tur,
340 1828 432 1902 nihil
456 1833 664 1917 aliudesse,
691 1857 794 1925 quam
819 1834 1121 1905 renunciationem
1144 1857 1209 1924 pu-
1358 1829 1448 1901 Cum
1480 1831 1587 1922 igitur
1608 1828 1704 1899 Deus
1726 1853 1787 1899 sus
1810 1830 1977 1902 immensa
1997 1834 2239 1903 misericordia

230 1935 315 2004 blici
344 1933 551 2017 testimonii,
585 1934 628 2002 de
657 1935 817 2004 doctrina
838 1947 873 2003 et
896 1933 1055 2004 moribus
1076 1956 1212 2018 eorum,
1259 1930 1361 1999 nobis
1380 1932 1568 2000 restituerit
1583 1928 1766 2019 Evangelii
1785 1933 1916 2018 lucem,
1939 1948 1971 2003 et
1987 1934 2024 2001 in
2038 1929 2103 2003 hac
2118 1930 2237 2003 schola

228 2046 401 2105 vocantur
422 2034 464 2102 ad
492 2033 634 2125 aliquod
657 2035 838 2124 publicum
862 2058 1011 2119 munus,
1033 2049 1073 2106 ut
1093 2035 1150 2104 vel
1172 2034 1211 2102 in
1260 2032 1396 2100 dederit
1418 2034 1667 2119 gubernatores
1693 2047 1923 2121 praestantes,
1953 2036 2078 2103 merito
2101 2036 2240 2123 praedi-

227 2131 385 2205 Ecclesia
404 2134 572 2213 doceant,
596 2132 655 2215 vel
672 2135 711 2203 in
726 2133 870 2224 politica
886 2134 1140 2223 gubernatione
1155 2158 1212 2203 re·
1259 2132 1411 2201 candum
1440 2146 1473 2202 et
1500 2134 1758 2220 agnoscendum
1784 2148 1835 2202 est
1857 2134 1927 2204 Dei
1951 2134 2179 2220 beneficium,
2209 2149 2244 2204 et

228 2237 425 2328 spondeant
439 2235 483 2302 de
500 2232 641 2322 publico
658 2233 753 2317 iure,
778 2235 835 2302 vel
850 2235 918 2304 alia
933 2235 1045 2305 officia
1058 2235 1212 2304 admini-
1259 2232 1391 2320 gratiae
1411 2233 1482 2302 Deo
1505 2235 1658 2320 agendae
1673 2247 1772 2302 sunt:
1799 2247 1832 2303 et
1846 2236 2008 2305 accedere
2023 2236 2153 2305 debent
2166 2236 2245 2326 pio-
2275 2312 2278 2319 ,

228 2347 359 2420 strent,
385 2358 475 2427 quae
497 2347 579 2402 sunt
601 2335 793 2402 necessaria
811 2336 853 2402 ad
872 2337 1038 2403 tuendam
1054 2359 1211 2404 commu·
1260 2356 1337 2400 nrm
1355 2346 1454 2412 vota,
1479 2346 1516 2402 ut
1534 2333 1638 2401 nobis
1654 2327 1720 2401 hoc
1735 2334 1944 2403 heneficium
1962 2350 2159 2413 conservet,
2186 2331 2244 2405 his

228 2459 311 2504 nem
344 2434 453 2504 vitam
484 2448 518 2504 et
543 2434 742 2505 societatem
774 2430 970 2509 hominum.
1021 2432 1068 2506 Et
1092 2436 1132 2505 in
1155 2431 1212 2504 his
1261 2434 1423 2523 precibus
1452 2435 1480 2501 si
1510 2457 1666 2525 unquam
1695 2458 1785 2522 opus
1814 2434 1882 2503 luit
1911 2430 2106 2518 Ecclesiae,
2145 2458 2241 2504 nunc

226 2536 469 2625 congressibus
485 2536 528 2603 de
545 2535 651 2604 rebus
667 2535 882 2624 gravissimis
894 2537 938 2605 ad
953 2536 1211 2605 admonendam
1260 2548 1353 2603 certe
1372 2556 1462 2622 opus
1480 2548 1551 2618 est,
1573 2533 1827 2603 ardentissimis
1848 2535 1940 2605 votis
1961 2549 1994 2605 et
2015 2549 2087 2606 toto
2103 2548 2242 2625 pectore

226 2638 463 2719 iuventutem,
488 2649 522 2705 et
541 2636 724 2705 excitanda
741 2635 857 2709 studia
873 2636 1106 2722 discentium,
1131 2659 1211 2706 ora·
1260 2657 1382 2703 onstres
1406 2647 1540 2723 petere,
1562 2647 1601 2703 ut
1627 2630 1693 2702 hoc
1709 2649 1884 2724 postremo
1900 2650 1931 2704 et
1946 2636 2241 2726 periculosissimo

224 2733 451 2809 tiobabetur.
1260 2749 1432 2823 tempore,
1464 2735 1557 2804 inter
1576 2748 1689 2804 tantas
1711 2749 1929 2826 tempestates
1952 2737 2126 2826 publicas,
2152 2760 2242 2829 quae

328 2837 448 2927 Quare
471 2860 534 2927 ego
557 2836 699 2930 quidem
721 2836 898 2928 singulare
913 2834 978 2908 llei
1003 2837 1210 2907 beneficium
1259 2836 1442 2904 minantur
1457 2832 1634 2904 Ecclesiae
1656 2836 1830 2905 infinitam
1852 2837 2111 2926 dissipationem
2129 2849 2163 2905 et
2178 2858 2242 2902 va-

224 2963 297 3008 esse
325 2962 492 3025 agnosco,
529 2964 568 3008 ac
595 2937 671 3007 Deo
704 2941 832 3027 gratias
863 2962 948 3028 ago,
983 2942 1076 3030 quod
1108 2939 1211 3008 nobis
1260 2949 1399 3013 statem,
1424 2932 1521 3004 Deus
1543 2958 1603 3005 sua
1625 2936 1783 3006 bonitate
1803 2937 1939 3029 aliquas
1959 2932 2132 3007 Ecclesiae
2155 2935 2240 3005 reli-

226 3035 382 3107 scholam
417 3054 451 3108 et
486 3034 551 3108 hos
579 3056 698 3108 coetus
728 3032 924 3110 consecrat.
981 3040 1130 3109 Nullum
1160 3055 1210 3110 est
1260 3037 1360 3130 quias
1374 3050 1569 3119 conservet,
1592 3037 1682 3106 sicut
1695 3034 1796 3107 Pauli
1812 3039 1933 3106 navim
1948 3038 2108 3109 iactatam
2123 3036 2240 3120 undis,

224 3138 320 3205 enim
342 3137 379 3202 in
400 3140 502 3205 terris
524 3140 635 3206 maius
651 3136 719 3207 Dei
740 3141 893 3223 donum,
917 3165 1023 3233 quam
1042 3163 1211 3247 propaga-
1260 3159 1483 3219 concussam,
1508 3159 1548 3205 ac
1565 3160 1654 3225 pene
1670 3136 1740 3206 iam
1756 3138 1899 3206 fractam
1914 3139 2076 3213 servavit

223 3237 275 3307 tio
290 3234 472 3304 doctrinae
486 3236 655 3318 coelestis,
683 3262 771 3328 quae
786 3242 983 3310 conservari
1000 3266 1071 3309 non
1088 3254 1212 3331 potest,
1364 3235 1455 3325 Quis
1470 3236 1551 3328 pius
1566 3259 1638 3306 non
1654 3250 1728 3306 toto
1744 3259 1889 3324 corpore
1904 3234 2139 3322 cohorresrat,
2164 3260 2244 3307 cum

226 3337 295 3405 nisi
319 3336 393 3405 sint
414 3335 551 3426 aliquae
573 3329 713 3402 scholae
734 3337 921 3406 adiunctae
938 3336 1122 3422 Ecclesiis,
1149 3342 1210 3408 ubi
1261 3339 1419 3406 intuetur
1454 3332 1584 3406 horum
1610 3350 1804 3423 temporum
1834 3335 2014 3423 pericula?
2074 3336 2245 3407 Videmus

224 3438 434 3506 erudiantur
463 3429 519 3517 hi,
555 3434 615 3526 qui
649 3448 731 3514 sunt
758 3436 949 3527 aliquando
974 3439 1143 3505 accessuri
1167 3441 1210 3507 ad
1261 3438 1465 3528 impendere
1501 3460 1688 3525 regnorum
1723 3434 1952 3504 mutationem
1981 3459 2022 3504 ac
2055 3460 2246 3526 propemo-

224 3536 443 3619 ministeria,
482 3548 542 3604 aut
572 3536 863 3622 gubernationem
898 3536 935 3605 in
963 3533 1139 3621 Ecclesia,
1172 3554 1212 3609 ut
1262 3539 1348 3606 dum
1369 3536 1552 3607 interitum
1573 3538 1754 3607 universae
1768 3533 1997 3625 Reipublicae
2022 3528 2244 3607 horribilem.

141 3651 144 3655 ’
223 3636 421 3729 praeparati
443 3649 477 3704 et
500 3635 627 3704 exculti
650 3637 832 3716 doctrina,
858 3637 967 3724 magis
988 3638 1107 3707 idonei
1125 3640 1212 3710 fiant
1263 3638 1379 3726 Quam
1404 3638 1472 3707 late
1495 3652 1689 3729 grassatur,
1720 3650 1886 3730 quantam
1908 3634 2135 3706 vastationem
2159 3636 2243 3705 lacit

224 3740 269 3809 ad
294 3740 415 3806 dextre
439 3737 646 3805 tradendam
669 3737 867 3808 doctrinam
887 3737 1086 3828 religionis,
1110 3740 1149 3811 et'
1166 3742 1211 3811 ad
1261 3738 1412 3809 'l'urcica
1434 3738 1653 3821 immanitas,
1682 3737 1751 3806 iarn
1772 3737 1875 3805 etiam
1897 3735 2025 3805 nostris
2044 3734 2241 3804 cervicibus

223 3839 446 3928 explicandas
469 3838 726 3908 controversias
750 3839 972 3927 dogmatum,
998 3852 1033 3909 et
1054 3843 1098 3908 ad
1115 3843 1211 3911 resu—
1260 3839 1475 3907 imminens?
1522 3839 1580 3908 Ad
1602 3835 1688 3908 haec
1710 3837 1880 3907 accedunt
1902 3835 2145 3907 intestinorum
2160 3857 2238 3902 rno-

223 3942 349 4010 tandos
365 3960 499 4006 errores
515 3962 555 4006 ac
570 3938 786 4028 corruptelas
801 3963 908 4030 purae
923 3936 1117 4013 doctrinae.
1260 3956 1361 4011 tuum
1385 3953 1516 4022 metus,
1552 3953 1593 4010 ut
1613 3953 1744 4009 taceam
1766 3938 1834 4006 alia
1856 3937 2009 4027 pericula
2030 3934 2242 4026 persecutio-

326 4034 381 4107 Ad
397 4033 460 4105 has
476 4061 529 4106 res
544 4052 635 4107 certe
650 4064 739 4129 opus
753 4054 803 4108 est
817 4036 965 4122 scholis,
991 4041 1083 4112 sicut
1098 4039 1210 4113 histo·
1260 4064 1367 4124 rrum,
1382 4054 1425 4110 ¹et
1444 4042 1670 4111 acerbitatum
1694 4038 1809 4108 onmis
1824 4039 1978 4125 generis,
2000 4038 2127 4129 quibus
2142 4034 2244 4104 duri-

223 4140 295 4208 riae
315 4162 431 4207 sacrae
454 4152 645 4215 testantur,
669 4141 753 4204 inde
767 4164 877 4231 usque
894 4144 937 4209 ab
955 4141 1059 4212 initio
1073 4166 1210 4235 semper
1261 4155 1314 4211 tec
1327 4138 1703 4211 concutiturEcclesia.
1757 4137 1797 4207 ln
1814 4135 1868 4206 his
1882 4138 1983 4207 malis
1996 4138 2079 4230 quid
2094 4159 2244 4228 usquam

222 4238 328 4306 fuisse
343 4239 480 4327 aliquos
493 4238 834 4305 coetusdiscentium
848 4240 1042 4323 adiunctos,
1063 4245 1210 4312 summis
1262 4241 1461 4310 ostenditur
1492 4238 1694 4311 humanitus
1720 4238 1868 4308 auxilii?
1901 4253 1962 4308 aut
1991 4262 2080 4331 quae
2100 4240 2244 4306 tandem

170 4354 172 4359 ⁴
225 4338 296 4405 illis
317 4338 425 4413 viris,
457 4334 639 4415 Patribus,
672 4332 860 4427 Prophetis
883 4350 918 4407 et
941 4339 1141 4426 Apostolis,
1173 4357 1209 4415 et
1260 4342 1482 4411 consolatio?
1514 4342 1582 4410 nisi
1611 4337 1695 4410 haec
1722 4363 1811 4422 una,
1843 4353 2013 4430 tanquam
2037 4352 2188 4406 extrema
2211 4351 2245 4406 et

224 4437 419 4527 posteadlu
436 4435 472 4501 i¹¹
489 4431 673 4512 Ecclffllls,
699 4450 739 4502 ut
753 4434 992 4505 Alexandrina
1007 4453 1039 4508 et
1057 4440 1151 4526 aliis,
1175 4457 1209 4514 et
1259 4466 1354 4512 sacra
1383 4437 1537 4512 anchora
1565 4440 1711 4512 salutis?
1762 4438 1867 4528 Quod
1894 4437 1991 4508 Deus
2014 4452 2132 4507 tamen
2157 4461 2245 4506 con·

224 4538 263 4606 in
294 4534 456 4625 plurimis
486 4534 640 4623 collegiis
667 4531 806 4604 scholae
826 4536 1033 4609 constitutae
1054 4539 1209 4629 fuerunt,
1260 4558 1459 4613 servaturus
1483 4544 1527 4612 sit
1548 4543 1702 4634 aliquam
1724 4536 1935 4624 Ecclesiam,
1960 4540 2049 4608 sicut
2072 4548 2245 4608 testantur

223 4653 262 4707 ut
283 4639 367 4706 inde
387 4650 610 4705 sumerentur
624 4637 791 4706 Doctores
811 4651 841 4706 et
859 4636 1018 4709 Pastorcs
1032 4638 1207 4711 Ecclesia·
1259 4644 1523 4733 promissiones:
1557 4640 1633 4728 Ego
1654 4640 1835 4710 vobiscum
1862 4665 1937 4709 sum
1962 4661 2074 4730 usque
2096 4640 2140 4707 ad
2156 4661 2244 4705 con-

94 4812 106 4827 ,
223 4764 314 4808 runt.
368 4739 443 4806 lmo
456 4754 490 4809 et
504 4734 666 4809 Christus
683 4737 761 4806 ideo
778 4742 838 4808 dat
852 4736 1028 4810 Ecclesiae
1043 4766 1141 4825 suae,
1166 4759 1207 4815 ut
1258 4744 1527 4814 summationem
1550 4741 1669 4814 seculi.
1722 4739 1825 4812 ltem:
1857 4740 1938 4810 Non
1961 4741 2159 4832 relinquam
2179 4760 2243 4807 vos

221 4839 273 4909 ait
295 4836 504 4929 Apostolus,
532 4837 711 4921 Pastores,
744 4835 937 4926 Prophetas
964 4857 996 4912 et
1023 4839 1205 4928 Doctores,
1258 4840 1455 4935 orphanos,
1479 4858 1543 4913 etc.
1773 4917 1776 4921 ,

220 4940 303 5033 quia
321 4942 396 5015 vult
414 4943 458 5009 ab
477 4934 532 5007 his
547 4936 738 5009 Ecclesiam
756 4941 894 5013 institui
910 4966 950 5011 ac
966 4944 1103 5027 doceri,
1129 4948 1206 5016 vult
1358 4943 1427 5013 Sed
1449 4968 1528 5011 cum
1553 4937 1642 5011 milti
1660 4944 1825 5011 mandato
1842 4940 2061 5030 superiorum
2082 4938 2244 5027 imposita

220 5042 418 5133 praeparari
436 5063 511 5123 eos,
536 5040 597 5131 qui
615 5040 837 5130 praeficiendi
853 5056 935 5112 sunt
950 5040 1135 5129 Ecclesiis,
1159 5071 1205 5116 ne
1256 5045 1301 5113 sit
1323 5044 1507 5113 necessitas
1529 5039 1696 5114 hocloco
1721 5042 1880 5120 dicendi,
1907 5064 1971 5108 nec
1996 5040 2099 5109 liceat
2124 5039 2244 5129 publi-

221 5145 387 5213 accedant
415 5162 559 5229 prorsus
588 5141 720 5210 indocti
750 5156 810 5211 aut
834 5143 1007 5232 imperiti,
1039 5146 1101 5237 qui
1124 5170 1204 5216 cum
1257 5168 1332 5214 cam
1355 5146 1578 5215 autoritatem
1603 5149 1805 5213 detrectare.
1860 5136 1940 5209 Etsi
1961 5140 2118 5232 undique
2137 5161 2243 5227 argu-

221 5268 286 5315 nec
301 5244 390 5315 alios
405 5240 601 5322 audierint,
625 5256 659 5310 et
672 5240 743 5309 sint
757 5243 832 5311 sine
846 5244 921 5313 ullo
937 5267 1004 5313 usu
1019 5245 1204 5334 spirituali,
1255 5257 1413 5313 mentum
1428 5272 1577 5339 quaero,
1601 5259 1719 5314 tamen
1734 5264 1945 5335 quocunque
1961 5265 2015 5308 me
2030 5254 2141 5319 verto,
2167 5264 2243 5308 nou

220 5358 339 5417 tamen
359 5343 428 5415 sibi
447 5342 615 5410 videntur
629 5336 908 5429 udrodt'dumot,
936 5360 969 5416 et
984 5358 1113 5415 temere
1127 5348 1203 5418 sine
1255 5368 1396 5437 possum
1421 5349 1578 5419 animum
1600 5360 1634 5417 et
1656 5344 1902 5435 cogitationem
1918 5341 2092 5410 abducere
2110 5342 2156 5411 ab
2171 5338 2244 5410 Ec-
