4732 6030
58 143 135 221 aa
295 197 298 200 .
579 77 771 208 'uncus
801 129 876 205 nu
907 126 1117 209 eatur.
1151 132 1210 205 m
1243 129 1570 208 unsroouu.
2020 75 2130 212 114¹

54 334 162 405 quam
180 307 344 390 intuens,
368 303 408 372 in
422 325 532 397 eaque
549 301 701 383 defixus,
724 301 771 370 ad
795 298 894 368 illius
916 296 1045 366 simili·
1068 297 1073 324 ¹
1097 300 1190 369 etad
1207 320 1294 369 usus
1311 311 1452 368 nostros
1477 293 1564 369 haec
1589 323 1708 370 rerum
1731 315 1858 374 natura
1888 308 2030 376 condita
2056 322 2090 379 ει

55 414 223 483 tudinem
255 421 363 480 artem
400 419 435 476 et
466 427 614 473 manum
642 402 786 491 dirigit,
838 401 886 471 ita
919 413 954 470 et
979 423 1045 468 nos
1096 401 1265 481 fabricata
1281 401 1345 483 sit,
1371 400 1545 489 flagitium
1569 416 1619 473 est
1642 403 1732 473 velle
1755 408 1865 477 totius
1888 404 2089 499 pulcherri-

55 527 200 607 oportet
221 513 372 581 formam
397 509 576 602 quandam
600 505 743 577 virtutis
764 503 883 573 animo
913 502 1046 572 inscul-
1097 527 1192 573 mam
1215 502 1366 572 aedificii
1389 502 1564 572 rationem
1588 507 1840 598 contemplari,
1880 512 2085 600 praesertim

55 641 145 709 pere
166 637 269 707 quam
291 610 592 701 contemplemur,
616 620 650 677 et
672 608 711 675 in
733 605 921 675 consilium
939 599 1046 673 adhi-
1096 627 1238 676 cumea
1269 603 1425 694 cognitio
1451 604 1647 694 plurimum
1675 611 1845 678 momenti
1873 614 2011 682 adferat
2040 615 2086 680 ad

56 719 224 800 beamus,
259 713 399 806 quoties
433 715 478 782 de
515 709 676 780 moribus
714 711 828 802 deque
855 701 1044 777 hominum
1075 704 1337 777 ·valetudinem
1355 710 1655 792 conservandam,
1680 723 1715 778 et
1736 713 1778 779 ad
1801 713 1985 807 plerasque
1999 715 2087 784 alias

58 817 185 891 officiis
199 815 455 900 indicabimus,
482 813 518 882 id
536 812 585 882 ita
601 811 680 891 fiet,
706 811 736 879 si
749 809 964 901 optimorum
981 832 1046 877 au·
1082 802 1187 880 'vitae
1203 822 1317 900 partes
1331 810 1513 898 regendas.
1550 806 1642 900 Quis
1658 825 1709 881 est
1723 825 1795 881 tam
1811 816 1963 901 ferreus,
1979 841 2085 910 quem

59 934 178 992 torum
201 931 387 1009 praecepta
412 916 602 1006 diligenter
628 912 919 1002 cognoverimus,
946 924 981 980 et
1004 933 1046 979 ex
1097 913 1178 981 siin
1196 907 1335 982 theatro
1349 912 1485 995 sedeat,
1501 936 1580 982 cum
1598 912 1782 998 ludifiunt,
1798 940 1871 984 non
1888 918 2083 1011 aliquando

58 1023 134 1093 illis
158 1008 290 1093 certam
318 1020 498 1113 quandam
527 1016 689 1086 omnium
713 1015 912 1083 officiorum
933 1011 1045 1082 ratio·
1096 1012 1442 1104 incessatspectandi
1460 1013 1614 1105 cupido?
1641 1028 1770 1085 etcum
1793 1019 1932 1089 nullum
1949 1035 2083 1111 specta-

60 1149 143 1194 nem
178 1123 436 1213 collegerimus.
492 1116 542 1189 Et
566 1131 607 1188 ut
631 1118 751 1187 ferunt
781 1114 930 1185 Zeusem
964 1137 1045 1184 cum
1097 1117 1236 1201 culum,
1267 1114 1361 1184 nulli
1384 1113 1482 1198 ludi,
1516 1116 1596 1206 plus
1620 1120 1810 1210 voluptatis
1832 1135 1893 1191 aut
1918 1123 2083 1193 utilitatis

58 1224 235 1297 Helenam
245 1222 463 1296 Crotoniatis
477 1220 621 1312 pingere
636 1218 865 1302 decrevisset,
889 1241 930 1286 ex
946 1217 1046 1286 omni
1097 1220 1236 1288 adferre
1267 1216 1455 1309 spectatori
1488 1231 1656 1307 possunt,
1685 1244 1792 1311 quam
1826 1216 1912 1293 haee
1935 1238 2084 1295 naturae

57 1353 212 1399 numero
234 1325 413 1417 virginum
443 1322 518 1393 eius
546 1322 646 1392 urbis
675 1321 834 1415 quinque
864 1318 1044 1409 delegisse,
1096 1320 1266 1404 varietas,
1292 1314 1382 1388 mihi
1397 1317 1527 1388 rectius
1546 1318 1626 1389 viva
1649 1322 1818 1392 cadavera
1835 1350 1942 1417 quam
1962 1321 2082 1397 homi-

57 1433 107 1500 ad
130 1453 281 1524 quarum
305 1426 502 1517 exemplum
526 1422 700 1494 Helenam
724 1424 905 1515 pingeret,-
929 1421 977 1491 ita
1004 1442 1046 1490 ex
1096 1446 1159 1494 nes
1182 1423 1351 1491 videntur
1373 1420 1595 1513 appellandi,
1626 1416 1666 1490 hi
1689 1424 1752 1515 qui
1775 1448 1890 1519 neque
1914 1442 2083 1513 mentem,

56 1531 263 1602 lectissimis
289 1530 471 1599 autoribus
505 1527 675 1597 debemus
706 1537 838 1596 certam
870 1522 1045 1594 rationem
1096 1548 1211 1618 neque
1236 1524 1356 1594 oculos
1376 1524 1419 1593 ad
1435 1536 1582 1611 naturae
1600 1525 1919 1597 considerationem
1935 1553 2084 1599 conver-

56 1633 207 1704 virtutis
221 1655 419 1724 excerpere,
444 1653 535 1724 quae
551 1629 698 1699 consilia
715 1627 835 1697 omnia
852 1641 972 1698 nostra
988 1649 1045 1696 re-
1097 1640 1189 1701 tunt.
1241 1625 1424 1696 Postremo
1442 1627 1487 1694 ad
1502 1627 1697 1717 parandam
1713 1627 1897 1699 scientiam
1920 1632 2010 1700 bene
2026 1633 2082 1701 di·

59 1750 123 1826 gat
147 1749 181 1806 et
204 1737 388 1825 gubernet.
445 1727 545 1801 Mihi
568 1744 686 1801 autem
710 1729 876 1821 inprimis
898 1730 942 1797 ad
966 1752 1042 1797 eam
1097 1729 1218 1813 cendi,
1240 1754 1315 1798 non
1340 1751 1466 1819 parum
1491 1729 1629 1799 confert
1649 1726 1842 1817 Hesiodus,
1875 1756 1958 1802 nam
1983 1733 2094 1803 lectis

58 1861 138 1907 rem
153 1837 253 1907 utilis
264 1834 445 1907 Hesiodus
460 1833 618 1931 videtur,
644 1832 728 1925 quia
744 1833 838 1901 inter
860 1829 1046 1923 gnomolo-
1098 1832 1216 1901 verbis
1238 1832 1370 1913 utitur,
1397 1853 1486 1920 quae
1509 1833 1714 1921 tempestive
1731 1848 1918 1924 usurpata,
1944 1850 1976 1906 et
2001 1860 2083 1905 ora-

58 1962 125 2028 gos
146 1939 333 2030 scriptores
362 1938 450 2005 citra
474 1933 750 2004 controversiam
771 1932 970 2024 principem
991 1931 1048 1998 lo·
1099 1932 1190 2002 tioni
1208 1930 1415 2019 dignitatem
1430 1932 1613 2012 adferunt,
1632 1946 1667 2003 et
1681 1933 1848 2006 scientiae
1861 1939 2001 2026 pondus
2018 1939 2082 2006 ad-

59 2066 145 2112 cum
169 2053 275 2111 tenet.
334 2035 458 2129 Neque
480 2037 577 2105 enim
600 2036 697 2104 nuda
720 2045 904 2124 praecepta
925 2032 1047 2116 tradit,
1099 2036 1199 2105 dunt.
1251 2030 1434 2121 Quantum
1457 2047 1559 2124 putas
1580 2036 1713 2105 accedit
1729 2039 1883 2108 orationi
1904 2040 2085 2128 gravitatis

58 2144 125 2235 sed
138 2141 227 2210 alias
242 2142 281 2208 in
298 2139 468 2208 encomiis
484 2137 648 2219 virtutis,
674 2135 760 2205 alias
776 2133 816 2202 in
833 2133 1048 2203 insectandis
1099 2131 1164 2205 hac
1184 2135 1301 2204 auxesi
1314 2158 1404 2226 pene
1420 2136 1571 2226 tragica,
1593 2162 1672 2206 cum
1698 2136 1813 2229 Reges
1835 2135 1993 2238 dwpocpoi
2022 2167 2085 2221 ους

58 2243 161 2315 vitiis
177 2256 427 2324 commoratur,
451 2253 486 2310 et
501 2240 597 2332 quod
616 2232 911 2307 officiosissimum
928 2248 980 2306 est
1001 2236 1047 2304 ad
1099 2237 1279 2330 appellat?
1305 2260 1411 2330 quarn
1429 2250 1527 2326 grata
1547 2241 1757 2330 compositio
1782 2257 1833 2314 est
1856 2239 2086 2339 gemuimus-l

59 2345 310 2417 absterrendos
327 2342 465 2412 animos
477 2335 665 2411 hominum
681 2337 952 2429 aturpitudine,
968 2360 1044 2428 gra·
1099 2339 1193 2411 Sunt
1207 2339 1276 2409 hoc
1292 2362 1401 2429 genus
1419 2354 1599 2410 sexcentae
1623 2343 1774 2431 figurae,
1799 2370 1886 2439 quas
1902 2371 1975 2416 non
1999 2334 2095 2416 libet

60 2448 155 2519 viter
179 2459 213 2516 et
237 2446 399 2534 religiose
421 2446 543 2528 docet,
568 2442 742 2519 divinitus
756 2442 870 2511 bonos
894 2441 1048 2532 praemia
1101 2438 1159 2512 hic
1176 2464 1400 2525 enumerare,
1421 2442 1568 2535 nequid
1584 2445 1749 2518 amittant
1773 2449 1905 2536 gratiae
1928 2473 1968 2517 ex
1994 2450 2088 2518 inte.

60 2572 130 2642 pro
151 2549 344 2619 benefactis
368 2548 477 2628 ferre,
504 2545 687 2636 improbos
708 2544 880 2614 scelerum
902 2566 1047 2611 suorum
1100 2545 1365 2635 gramaticae,
1397 2545 1495 2614 velut
1528 2569 1547 2612 a
1584 2568 1732 2638 corpore
1765 2549 1924 2618 membra
1955 2550 2089 2619 avulsa,

62 2674 196 2744 poenas
213 2651 322 2720 luere.
367 2642 631 2718 Animadvertit
644 2645 741 2717 enim
753 2644 1049 2738 prudentissimus
1101 2646 1199 2737 Quid
1224 2648 1268 2714 de
1292 2659 1364 2716 tota
1387 2644 1560 2718 orationis
1585 2660 1780 2736 structura,
1807 2652 1922 2744 deque
1944 2665 2089 2722 seneen.

29 2801 36 2814 ·
61 2755 140 2838 vir,
160 2765 287 2823 natura
310 2774 377 2820 nos
398 2751 498 2835 duci,
523 2762 563 2819 ut
582 2743 777 2820 statuamus
791 2748 941 2818 numine
959 2770 1050 2841 quo·
1101 2751 1231 2818 tiarum
1253 2748 1375 2837 figuris
1400 2750 1583 2819 dicemus?
1615 2775 1706 2843 quae
1731 2764 1917 2845 tantopere
1932 2754 2090 2843 proban.

64 2859 148 2926 dam
165 2850 250 2924 haec
273 2854 436 2924 mortalia
453 2844 672 2940 gubernari,
698 2872 841 2940 esseque
855 2847 972 2917 Deum
992 2846 1051 2915 in·
1101 2865 1161 2920 tur
1181 2849 1315 2935 Fabio,
1347 2863 1388 2919 ut
1408 2845 1494 2920 huic
1521 2853 1688 2922 decernat
1709 2853 1749 2921 in
1771 2856 1942 2924 mediocri
1964 2877 2092 2946 genere

63 2958 179 3028 iuriae
206 2958 360 3028 ultorem
387 2967 422 3022 et
447 2953 628 3020 bonorum
654 2960 876 3020 assertorem.
927 2949 1051 3040 ltaque
1103 2952 1245 3021 dicendi
1275 2952 1448 3043 palmam,
1492 2965 1526 3020 et
1555 2952 1719 3045 princeps
1746 2955 1940 3026 latinorum
1962 2956 2093 3026 potira.

64 3058 180 3129 multo
212 3057 356 3147 gravius
390 3054 434 3120 de
467 3048 630 3118 moribus
659 3047 832 3139 praecipit
862 3043 1053 3133 Hesiodus,
1103 3078 1182 3122 rum
1198 3051 1390 3141 Virgilius,
1415 3067 1450 3122 et
1464 3049 1621 3122 Ovidius
1639 3055 1848 3126 lectissimos
1861 3059 1959 3128 locos
1974 3059 2011 3126 in
2029 3081 2092 3128 sua

65 3184 173 3254 quam
191 3147 406 3243 Philosophi
420 3151 504 3236 ulli,
527 3151 588 3242 qui
606 3174 669 3219 ceu
684 3150 843 3239 gigantes
866 3149 905 3216 in
920 3149 1053 3220 fabulis
1104 3178 1210 3246 opera
1230 3154 1496 3234 transtulerint,
1522 3155 1784 3251 iudicarintque
1800 3183 1875 3228 non
1891 3161 1969 3230 leve
1987 3184 2094 3230 orna·
2162 3200 2171 3211 -

64 3262 207 3335 coelum
237 3256 421 3325 excindere
444 3251 583 3337 conati,
615 3249 731 3321 Deum
754 3252 800 3321 ab
824 3249 1053 3324 administra·
1086 3249 1264 3324 ¹mentum
1299 3257 1382 3323 inde
1417 3258 1580 3326 accedere
1612 3259 1685 3327 suis
1710 3263 1893 3350 poematis.
1950 3259 2094 3335 Reddet

44 3364 166 3433 'tione
187 3382 305 3429 rerum
328 3356 558 3437 submovent,
582 3365 615 3422 et
637 3353 809 3441 religione
826 3353 965 3423 animos
985 3347 1053 3423 ho·
1105 3353 1201 3426 haud
1229 3358 1337 3427 dubie
1360 3370 1394 3427 et
1415 3371 1572 3429 nostram
1602 3360 1799 3433 orationem
1825 3363 2092 3454 locupletiorem

63 3464 205 3534 minum
240 3459 402 3529 liberant.
462 3454 640 3545 Diogenes
672 3456 811 3525 dicebat
839 3451 1053 3547 Harpalum,
1105 3474 1140 3529 et
1164 3459 1386 3544 uberiorem,
1425 3484 1490 3530 nec
1523 3463 1615 3530 male
1647 3465 1834 3534 collocabit
1866 3490 2030 3557 operam,
2063 3466 2093 3533 si

67 3566 127 3660 qui
144 3563 274 3654 praedo
288 3560 395 3629 soelix
415 3559 488 3627 illis
500 3557 719 3648 temporibus
734 3552 949 3641 habebatur,
968 3582 1053 3628 con·
1105 3561 1185 3654 quis
1213 3563 1257 3635 ad
1285 3584 1447 3650 graecum
1473 3564 1670 3653 exemplar,
1704 3589 1849 3659 eaquae
1873 3571 1986 3638 nostri
2010 3568 2094 3637 inde
2188 3625 2191 3633 1

67 3663 223 3737 traDeos
240 3662 485 3732 testimonium
502 3660 639 3744 dicere,
666 3660 762 3752 quod
779 3659 818 3726 iu
835 3658 897 3727 illa
910 3660 1054 3730 fortuna
1106 3676 1370 3753 excerpserunt,
1396 3665 1605 3748 contulerit,
1630 3690 1713 3735 nam
1737 3668 1798 3737 illa
1816 3671 2001 3764 utriusque
2024 3671 2095 3738 lin-

67 3784 137 3839 lam
154 3767 217 3836 diu
231 3765 380 3838 viveret.
432 3760 578 3850 Quanto
600 3751 905 3856 φιλοσοφώτερον
926 3758 1056 3831 Hesio·
1106 3788 1193 3855 guae
1210 3766 1406 3855 proprietas
1430 3767 1558 3834 certius
1575 3763 1880 3859 deprehendetur,
1914 3784 1946 3838 et
1963 3773 2094 3850 figurae

68 3874 134 3941 dus
155 3869 258 3938 docet
284 3889 394 3959 prope
420 3867 540 3933 adesse
561 3860 656 3932 Deos
680 3856 905 3946 hominibus,
940 3887 980 3932 ac
999 3865 1056 3930 vi·
1106 3867 1296 3934 verborum
1324 3881 1357 3935 et
1380 3868 1634 3935 sententiarum
1671 3869 1935 3938 animadversae
1966 3870 2096 3939 clarius

67 3975 151 4042 dere
172 3970 356 4040 malefacta
378 3966 524 4037 nostia?
575 3963 650 4033 Vos
671 3988 800 4055 quaeso
832 3963 956 4033 ametis
986 3960 1056 4033 hoc
1095 3978 1308 4035 cernentur.
1368 3963 1548 4034 Profuerit
1579 3964 1702 4046 etiam,
1737 3967 1765 4034 si
1800 3968 1918 4037 locum
1940 3972 2094 4065 aliquem

68 4075 215 4166 poiima,
237 4084 271 4141 et
290 4069 466 4140 familiare
487 4066 589 4137 vobis
612 4066 765 4148 faciatis,
791 4064 887 4156 quod
910 4066 1055 4156 quidem
1107 4065 1326 4135 floridiorem
1355 4076 1417 4132 tuo
1434 4061 1550 4134 Marte
1572 4066 1693 4136 latinis
1708 4070 1868 4139 versibus
1884 4074 2097 4165 exposueris,

69 4174 233 4244 divinum
245 4195 336 4259 esse,
360 4172 417 4241 vel
430 4165 499 4240 hoc
513 4178 721 4259 argumento
738 4166 800 4251 sit,
826 4166 922 4257 quod
936 4167 1057 4236 ferunt
1108 4190 1198 4260 quae
1221 4165 1422 4234 exercitatio
1443 4165 1514 4234 dici
1543 4192 1616 4237 non
1642 4184 1774 4261 potest,
1800 4187 1972 4266 quantum
1996 4189 2098 4246 acuat

69 4274 231 4346 Hesiodo
253 4276 385 4366 pastori
413 4272 566 4342 calamos
592 4295 612 4339 a
639 4267 754 4338 Musis
787 4270 939 4355 donatos
966 4291 1057 4352 esse,
1108 4269 1301 4351 iudicium,
1318 4281 1489 4360 quantum
1506 4269 1590 4339 item
1608 4273 1650 4339 ad
1669 4274 1831 4343 alendam
1847 4279 2020 4347 sermonis
2037 4302 2097 4347 co.

69 4380 204 4475 quibus
223 4378 292 4446 iam
315 4377 455 4447 afflatus
475 4373 604 4445 cecinit
626 4364 712 4439 haec
733 4383 928 4462 praecepta.
980 4364 1057 4462 Ap-
1109 4370 1201 4462 piam
1236 4382 1270 4438 et
1303 4372 1576 4460 comparandam
1612 4374 1793 4444 scientiam
1818 4379 2016 4468 explicandi
2040 4404 2097 4450 res

68 4493 173 4574 paret
189 4504 230 4549 ex
246 4477 415 4551 Cicerone
430 4477 552 4548 solitos
569 4477 655 4544 olim
669 4473 719 4542 sic
737 4494 867 4564 pueros
890 4473 1056 4552 ediscere,
1109 4475 1276 4542 obscuras
1300 4470 1420 4540 faciat:
1452 4476 1510 4541 sed
1534 4470 1619 4544 haec
1641 4475 1735 4547 inter
1756 4484 1993 4549 enarrandum
2018 4483 2098 4551 obi-

68 4598 109 4656 ut
145 4597 259 4653 certas
291 4581 451 4672 preculas
486 4566 598 4648 nostri
634 4575 737 4666 pueri
768 4576 952 4647 docentur.
1010 4569 1058 4645 Et
1110 4588 1163 4644 ter
1177 4573 1412 4646 monebimus.
1465 4573 1622 4662 Quaerat
1638 4578 1785 4671 aliquis,
1812 4582 1897 4673 quid
1915 4577 2000 4652 haee
2024 4598 2097 4655 [οη

70 4684 202 4757 Graeci
218 4686 310 4755 tanti
323 4687 456 4767 secere,
483 4695 523 4751 ut
537 4681 576 4749 in
589 4677 763 4748 Helicone
777 4676 999 4748 adservarint
1019 4676 1058 4745 in
1109 4677 1199 4747 ratio
1234 4676 1471 4744 discendi'ad
1510 4679 1676 4768 pietatem
1710 4684 1909 4754 conducat?
1959 4681 2025 4756 Est
2059 4687 2098 4755 in

69 4788 218 4881 Plumb⁰
237 4787 451 4876 descriptum
466 4799 604 4875 Ρθὲῐῑῑθ·
1110 4793 1277 4871 promptu
1293 4778 1377 4870 quid
1396 4783 1647 4867 respondeam,
1662 4784 1705 4852 ad
1723 4783 1978 4856 immutandam
1998 4813 2101 4858 men.

185 4887 369 4960 Hactenus
418 4890 461 4958 de
507 4885 622 4977 prima
664 4879 846 4951 Hesiodici
891 4881 1060 4951 carminis
1111 4894 1198 4964 tem,
1225 4881 1486 4973 imbuendaque
1502 4883 1673 4973 religione
1689 4880 1783 4953 nihil
1804 4890 1987 4975 conducit,
2014 4915 2098 4962 nam

69 5007 181 5085 parte.
234 4989 416 5063 Posterior
436 5012 560 5078 magna
575 5010 617 5055 ex
640 4996 739 5075 parte
757 4979 990 5081 mercedest,
1016 4985 1061 5051 de
1112 4984 1147 5052 id
1173 4983 1278 5052 eflicit
1300 4982 1458 5053 coelestis
1473 4982 1627 5075 Spiritus
1650 5008 1714 5078 per
1734 5010 1872 5059 sacrum
1889 5014 2099 5078 sermonem,

71 5109 202 5167 natura
226 5106 340 5164 terrae
364 5116 403 5160 ac
426 5092 586 5180 frugum,
625 5088 669 5155 de
694 5087 979 5176 tempestatibus,
1016 5087 1060 5154 de
1112 5087 1172 5154 sed
1188 5086 1231 5153 ad
1248 5087 1530 5172 cognoscendum
1555 5110 1752 5159 sermonem
1776 5115 1954 5163 sacrarum
1980 5097 2100 5167 litera.

72 5199 232 5268 siderum
258 5186 438 5277 motibus,
463 5214 612 5285 quarum
636 5212 755 5258 rerum
778 5187 999 5279 perliberalis
1028 5201 1063 5257 et
1111 5211 1212 5271 rum,
1245 5187 1377 5274 graecis
1397 5187 1510 5257 literis
1535 5214 1625 5280 opus
1648 5206 1716 5262 est:
1749 5194 1878 5265 deinde
1899 5211 1940 5268 ut
1962 5201 2006 5268 de
2027 5223 2100 5268 ser.

73 5301 229 5372 iucunda
245 5295 401 5388 cognitio
420 5308 482 5364 est.
529 5291 618 5362 Nam
639 5316 718 5362 curn
735 5286 923 5361 hominum
947 5313 1062 5369 causa,
1086 5355 1088 5363 ,
1111 5313 1217 5360 mone
1233 5289 1362 5360 rectius
1385 5290 1601 5373 iudicemus,
1629 5311 1662 5367 et
1678 5309 1717 5367 ut
1736 5297 1898 5390 dogmata
1918 5302 2101 5392 religionis

123 5401 314 5474 Mensura.
340 5403 445 5469 Orra.
470 5399 554 5464 Vos.
581 5398 643 5463 XI.
1497 5392 1520 5464 8
