4732 6030
244 365 319 438 819
702 357 864 450 DECL.
904 356 978 430 DE
1006 354 1276 430 IOHANNE
1307 355 1819 434 REGlOMONTANO.
2216 368 2301 442 820

247 539 285 608 in
307 553 378 608 tam
401 533 501 605 brevi
526 533 617 603 vitae
640 532 836 616 curriculo,
869 532 941 601 nisi
962 532 1024 601 illa
1046 531 1177 602 mentis
1199 555 1240 601 ac
1291 528 1638 621 Regiomontanum,
1669 556 1748 601 cum
1780 545 1928 601 naturae
1960 533 2032 601 vim
2059 547 2094 605 et
2124 537 2301 612 volunta-

247 639 400 732 pectoris
415 634 578 724 incendia
593 635 690 706 Deus
705 647 741 705 et
754 634 898 703 fovisset
913 647 947 704 et
962 634 1170 704 adiuvisset:
1199 645 1240 703 ut
1291 647 1361 703 tem
1385 636 1617 705 adolescentis
1633 635 1906 713 considerasset,
1933 657 2007 704 non
2033 638 2150 706 solnm
2166 634 2298 717 horta.

248 743 336 812 solct
360 741 531 808 immensa
553 738 711 808 bonitate
726 739 769 806 ad
792 736 1028 807 restituendas
1045 751 1080 808 ct
1094 760 1238 806 conser·
1291 749 1366 821 tor,
1391 738 1573 807 sedetiam
1597 740 1668 806 dux
1690 738 1758 805 fuit
1780 738 1818 804 in
1834 736 1910 828 ipsa
1928 739 2032 832 adyta
2053 743 2297 818 sacratissima

245 844 378 914 vandas
394 854 487 911 artes
504 841 595 909 vitae
611 839 822 910 necessarias
838 839 876 906 in
894 841 992 908 omni
1012 862 1137 929 genere
1154 840 1238 908 snb-
1290 833 1418 909 harum
1444 840 1586 909 artium.
1647 836 1788 908 Horum
1816 841 2129 928 cousuetudinem,
2160 851 2297 938 studia,

244 945 331 1014 inde
346 945 496 1014 excitare
518 959 552 1015 et
567 943 735 1012 adiuvare
751 941 911 1015 artifices.
963 940 1126 1010 Profecto
1141 943 1236 1010 enim
1290 942 1482 1011 certamina
1499 944 1584 1011 dum
1601 941 1729 1030 cogito,
1745 952 1878 1010 veteres
1894 944 2001 1011 etiam
2016 940 2152 1016 scholas
2169 966 2296 1024 mente

243 1044 312 1118 Dei
336 1047 489 1129 aeterni,
521 1046 583 1138 qui
604 1047 684 1114 fons
707 1058 757 1114 est
784 1043 994 1134 sapientiae,
1027 1043 1236 1112 beneficium
1291 1042 1451 1128 intueor,
1477 1067 1627 1138 quarum
1651 1043 1834 1132 diligentia
1863 1037 1929 1112 hae
1958 1059 2051 1116 artes
2078 1069 2294 1142 propagatae

246 1163 308 1234 est,
330 1149 460 1218 artium
476 1161 510 1216 et
523 1147 766 1217 doctrinarum
780 1146 819 1214 in
835 1168 961 1235 genere
978 1139 1136 1215 humano
1152 1169 1238 1214 con·
1290 1159 1385 1215 sunt.
1429 1146 1489 1216 Sic
1504 1141 1703 1226 Theletem,
1730 1143 1913 1215 Metonem
1938 1160 1973 1218 et
2000 1144 2190 1221 Eudoxum
2205 1180 2294 1226 eru-

245 1252 410 1324 scrvatio.
451 1249 545 1319 Huic
561 1249 670 1338 igitur
686 1249 815 1339 gratias
830 1269 989 1337 agamus,
1016 1249 1166 1316 subinde
1181 1271 1238 1316 re-
1290 1249 1434 1317 dierunt
1454 1250 1650 1317 sacerdotes
1672 1244 1857 1341 Aegyptii,
1893 1243 2067 1322 Eudoxus
2088 1250 2292 1334 Platonem.

245 1354 405 1424 stituenti
428 1352 543 1422 lucem
560 1352 823 1434 doctrinarum,
849 1363 884 1419 et
900 1372 1057 1432 oremus,
1082 1374 1127 1419 ne
1145 1349 1238 1419 sinat
1291 1348 1349 1420 Sic
1364 1364 1466 1420 antea
1484 1346 1584 1420 Atlas
1600 1350 1731 1419 dicitur
1741 1345 1874 1420 Orioni
1890 1344 1982 1422 hanc
1997 1355 2199 1427 doctrinam
2217 1374 2292 1433 tra-

245 1480 320 1526 eam
346 1455 511 1544 extingui.
564 1452 653 1522 Vult
675 1468 791 1523 autem
814 1453 858 1520 ad
875 1474 973 1520 suam
990 1452 1237 1523 liberalitatem
1291 1453 1439 1522 didisse:
1472 1453 1544 1521 imo
1569 1464 1609 1521 ut
1624 1451 1803 1537 existimo,
1828 1453 1877 1521 sic
1898 1451 2060 1545 longaevi
2084 1458 2140 1527 illi
2164 1463 2292 1552 primis

245 1559 349 1628 etiam
368 1560 532 1628 accedere
549 1555 764 1624 mediocrem
787 1555 825 1621 in
848 1554 952 1622 nobis
968 1553 1188 1645 diligentiam
1204 1567 1238 1622 et
1291 1555 1417 1625 mundi
1443 1555 1683 1647 temporibus,
1708 1551 1843 1640 Adam,
1869 1550 1990 1642 Noha,
2014 1556 2117 1645 Sem,
2145 1560 2291 1657 loseph,

244 1661 484 1730 sedulitatem:
512 1659 590 1727 vult
606 1681 679 1725 non
696 1656 845 1726 fastidiis
863 1668 896 1724 et
912 1669 1116 1747 contemptu
1133 1655 1237 1724 abiici
1290 1658 1439 1749 posteris
1456 1653 1548 1726 hanc
1569 1656 1766 1726 doctrinam
1787 1655 2030 1740 tradiderunt,
2055 1686 2094 1731 ac
2113 1669 2290 1755 possessio

244 1784 306 1831 sua
329 1784 498 1843 munera,
531 1762 626 1852 quod
649 1760 688 1828 in
712 1758 879 1850 parabola
902 1758 945 1826 de
974 1758 1237 1846 negotiantibus
1290 1759 1366 1830 eius
1380 1761 1418 1828 in
1435 1754 1595 1852 Aegypto
1613 1772 1748 1829 retenta
1764 1772 1815 1828 est
1829 1759 1914 1828 inde
1927 1783 2037 1856 usque
2056 1762 2220 1857 anseph
2239 1772 2288 1840 ad

246 1863 351 1933 etiam
383 1863 421 1930 in
453 1875 662 1950 argumento
689 1861 851 1951 graviore
877 1859 1104 1949 significatur.
1164 1858 1236 1928 Nec
1290 1860 1483 1931 Ptolemaei
1511 1873 1681 1945 aetatem,
1714 1873 1749 1931 et
1775 1861 1958 1954 aliquanto
1989 1866 2159 1957 amplius,
2200 1871 2288 1961 plus

245 1967 396 2035 absurde
421 1964 555 2034 dictum
579 1977 630 2032 est
652 1987 671 2030 a
696 1963 843 2032 Platone
865 1961 928 2034 lib.
953 1959 990 2033 4.
1017 1963 1061 2030 de
1082 1962 1235 2050 legibus:
1290 1965 1431 2033 duobus
1454 1963 1614 2032 millibus
1636 1987 1826 2036 annorum.
1878 1961 2049 2036 Tamdiu
2068 1970 2231 2040 stabilem
2249 1987 2289 2044 et

244 2063 295 2147 ὥς
312 2063 400 2146 θεὸς
417 2059 488 2158 μὲν
503 2060 567 2136 καὶ
581 2061 709 2160 καιρὸς
724 2059 771 2136 τὰ
787 2059 1015 2160 ἀνθρώπινα
1036 2059 1238 2159 διακυβερ-
1290 2081 1418 2136 certam
1438 2061 1521 2135 huic
1537 2065 1719 2135 doctrinae
1734 2066 1851 2135 sedem
1868 2061 1967 2136 Deus
1983 2071 2165 2158 attribuit,
2192 2073 2290 2146 inter

243 2174 337 2242 νῶσι
353 2162 572 2261 ξύμπαντα,
598 2159 835 2262 ἡμερώτερον
848 2163 925 2259 μὴν
942 2160 1071 2262 τρίτον
1093 2167 1237 2264 ξυγχω-
1290 2169 1405 2238 varias
1436 2162 1723 2237 monarchiarum
1754 2167 1982 2243 mutationes.
2042 2171 2113 2244 Sed
2138 2198 2178 2244 ea
2202 2191 2288 2248 tunc

244 2275 356 2367 ρῆσαι
376 2264 521 2351 τούτοις
541 2265 622 2342 δεῖν
641 2268 796 2341 ἕπεσθαι
817 2264 962 2361 τέχνην.
988 2269 1108 2338 idest:
1137 2271 1237 2339 Deus
1289 2271 1356 2340 fuit
1372 2272 1641 2362 praecipuorum
1659 2265 1931 2340 monarchorum
1948 2272 2133 2364 sapientia,
2157 2292 2286 2350 utnon

243 2376 406 2467 quidem,
433 2387 466 2442 et
484 2373 639 2451 occasio,
665 2371 823 2440 universi
841 2371 957 2461 operis
980 2394 1153 2440 summam
1172 2394 1235 2460 gu·
1289 2397 1368 2442 cum
1385 2373 1539 2457 artibus,
1565 2374 1626 2440 sed
1650 2395 1729 2440 cum
1748 2367 1909 2443 hostibus
1930 2375 2024 2445 bella
2042 2381 2190 2467 gerenda
2208 2405 2284 2452 esse

242 2477 386 2545 bernat:
413 2477 473 2544 sed
490 2490 605 2545 tamen
622 2475 794 2566 placidius
809 2487 870 2558 est,
897 2476 1099 2554 concedere,
1125 2486 1235 2543 artem
1289 2476 1439 2560 scirent,
1465 2488 1499 2545 ct
1520 2475 1559 2541 in
1574 2475 1700 2543 mediis
1714 2475 1817 2543 bellis
1831 2474 2014 2546 literarum
2031 2482 2221 2569 domicilia,
2246 2498 2285 2555 et

241 2602 383 2671 quoque
395 2576 658 2667 adiungendam
675 2600 758 2659 esse,
783 2589 822 2645 ut
839 2577 876 2643 in
894 2573 995 2659 navi;
1022 2575 1087 2643 etsi
1103 2587 1237 2666 tempe·
1289 2579 1474 2647 doctorum
1498 2589 1617 2646 coetus
1640 2589 1877 2668 protegerent.
1928 2577 2032 2650 Nunc
2053 2579 2144 2674 proh
2165 2586 2286 2672 dolor,

241 2694 312 2750 stas
326 2680 542 2763 dominatur,
568 2691 685 2771 tamen
702 2702 776 2746 non
793 2679 864 2748 sint
880 2677 987 2747 ociosi
1003 2678 1162 2767 remiges,
1187 2678 1235 2745 ita
1289 2693 1436 2770 vagatur
1452 2673 1537 2748 haec
1552 2679 1723 2768 sapientia
1747 2680 1825 2749 sine
1847 2683 2008 2770 patronis
2032 2697 2066 2754 et
2092 2686 2170 2757 sine
2189 2701 2285 2759 certa

242 2794 278 2852 et
307 2806 455 2852 munera
479 2781 602 2851 divina
631 2794 835 2850 reverenter
862 2779 1094 2870 accipiamus,
1126 2792 1161 2850 et
1186 2779 1236 2849 eis
1288 2783 1387 2866 sede,
1422 2796 1462 2851 nt
1483 2780 1649 2852 interitus
1673 2775 1800 2852 harum
1823 2783 1954 2852 artium
1984 2792 2194 2859 metuendus
2224 2792 2283 2862 sit.

241 2886 397 2956 studiose
419 2885 601 2968 fruamur,
628 2906 737 2978 eaque
762 2895 907 2974 propter
929 2881 1077 2972 gloriam
1106 2878 1176 2951 Dei
1203 2894 1236 2951 et
1288 2882 1361 2957 Sed
1379 2880 1495 2953 Deum
1509 2895 1667 2952 autorem
1687 2907 1839 2965 oremus,
1863 2910 1909 2953 ne
1926 2910 1986 2956 sua
2000 2913 2145 2960 munera
2163 2892 2284 2983 perire

241 3011 464 3057 communem
482 2987 684 3071 utilitatem,
708 2999 880 3080 quantum
896 2983 1065 3054 mediocri
1081 2983 1237 3073 diligen·
1288 2988 1390 3057 sinat.
1441 2983 1532 3055 Cum
1554 2998 1670 3055 autem
1691 3009 1827 3057 summa
1851 3002 1939 3057 esset
1963 2991 2182 3064 familiaritas
2201 3019 2283 3063 cum

241 3090 291 3159 tia
304 3111 510 3179 possumus,
538 3102 711 3170 tueamur,
739 3102 778 3158 ut
791 3087 961 3177 scriptum
979 3099 1048 3156 est:
1075 3083 1155 3155 Hoc
1171 3087 1236 3155 lla-
1288 3082 1511 3159 Pnrbacchio
1523 3137 1541 3170 ,,
1560 3100 1594 3157 et
1617 3088 1757 3158 assidua
1777 3091 2034 3163 sententiarum
2053 3096 2197 3166 collatio
2215 3095 2283 3165 cir-

241 3190 386 3279 gitatur,
410 3201 451 3258 ut
466 3189 584 3257 fideles
601 3190 722 3275 simus,
745 3203 849 3282 atque
862 3185 928 3258 hac
944 3190 1018 3279 ipsa
1029 3189 1071 3286 ¹iu
1086 3212 1125 3258 re
1139 3183 1236 3258 hunc
1288 3192 1376 3261 citer
1390 3188 1622 3275 decennium,
1647 3190 1775 3262 multas
1790 3193 1956 3261 obscuras
1978 3199 2164 3281 materias,
2190 3213 2230 3269 ut
2245 3199 2284 3268 fit

239 3289 567 3382 Regiomontanum
584 3289 782 3359 imitemur:
811 3291 867 3359 cui
885 3314 965 3360 cum
980 3288 1078 3360 Deus
1100 3291 1235 3380 ingenii
1289 3286 1400 3365 σύντε
1420 3286 1503 3364 δύω
1531 3288 1745 3388 ἀρχομένω,
1779 3292 1977 3377 illustrant,
2011 3299 2069 3364 vel
2094 3302 2284 3371 observant

242 3407 278 3465 et
299 3391 459 3486 corporis
482 3390 573 3461 vires
595 3391 744 3463 discenti
767 3392 1000 3476 necessarias,
1032 3408 1236 3481 praecepto·
1289 3408 1427 3474 motus,
1453 3418 1494 3464 ac
1509 3389 1780 3486 deprehendunt
1792 3390 1919 3461 Martis
1939 3407 2079 3466 motum
2098 3425 2174 3470 non
2199 3426 2285 3473 con-

240 3521 316 3567 rem
330 3496 576 3580 excellentem,
597 3494 709 3564 libros
724 3493 925 3564 studiorum
940 3492 1054 3562 socios
1069 3493 1236 3579 dedisset,
1288 3519 1413 3587 gruere
1427 3497 1470 3564 ad
1490 3497 1647 3583 tabulas,
1671 3498 1730 3565 sed
1747 3497 1900 3564 duomm
1924 3518 2188 3595 nonnunquam
2203 3527 2286 3594 gra-

239 3594 305 3668 bas
321 3597 521 3669 occasiones
538 3620 612 3667 uon
630 3596 802 3685 neglexit,
829 3619 903 3665 non
918 3608 958 3667 ut
972 3595 1076 3666 multi
1093 3595 1154 3665 alii
1171 3621 1235 3666 vo-
1287 3602 1399 3669 duum
1423 3622 1579 3669 errorem
1601 3621 1685 3670 esse.
1745 3594 1928 3688 Incipiunt
1947 3597 2055 3688 igitur
2078 3604 2284 3675 tabularum

238 3702 392 3793 luptates
409 3713 445 3770 et
458 3700 645 3791 pecuniam
661 3698 845 3789 praetulit,
870 3699 931 3768 sed
946 3698 1113 3767 omnibus
1134 3698 1235 3789 inge·
1287 3701 1583 3772 emendationem.
1645 3698 1752 3773 Forte
1784 3697 1992 3784 Bessarion,
2024 3701 2080 3771 vir
2106 3700 2283 3789 Graecus,
2326 3722 2327 3725 ’

239 3804 292 3875 nii
316 3817 424 3898 atque
446 3801 557 3873 animi
579 3802 717 3873 viribus
740 3803 778 3871 in
802 3793 889 3870 haec
912 3801 1027 3873 studia
1060 3800 1235 3886 incubuit,
1287 3804 1449 3875 doctriua
1465 3803 1656 3888 excellens,
1682 3828 1764 3873 cum
1781 3815 1871 3873 esset
1885 3797 2101 3888 Cardinalis,
2126 3818 2211 3875 tnnc
2230 3807 2280 3874 ad

239 3906 415 4001 quaesivit
437 3906 570 4000 ubique
586 3905 762 3986 eruditos,
789 3928 941 3998 quorum
961 3903 1134 3996 sapientia
1151 3928 1233 3974 eru·
1286 3904 1507 3977 Fridericum
1530 3907 1780 3998 imperatorem
1794 3902 1947 3994 Legatus
1963 3918 2049 3976 erat.
2090 3902 2218 3976 Iseum
2235 3908 2285 3977 de

239 4010 395 4081 direturs
422 4022 455 4079 et
471 4008 646 4092 vicissim,
673 4021 845 4101 quantum
863 4006 997 4098 potuit,
1023 4005 1095 4076 suis
1114 4006 1235 4098 operi·
1287 4007 1481 4080 Ptolemaei
1496 4008 1657 4079 doctrina
1675 4001 1936 4079 Purbacchium
1959 4007 2068 4077 multa
2084 4008 2286 4080 sciscitatus

236 4115 306 4184 bus
329 4127 422 4183 artes
435 4110 645 4183 illustravit.
697 4108 819 4197 Quare
839 4123 873 4178 et
892 4109 965 4178 Deo
991 4131 1133 4199 agamus
1153 4132 1233 4198 gra-
1286 4125 1387 4196 esset,
1411 4124 1446 4181 et
1461 4111 1703 4182 dexteritatem
1719 4111 1795 4180 eius
1810 4109 1849 4178 in
1863 4108 2070 4198 explicando
2087 4110 2285 4181 admirare-

237 4217 318 4303 tias,
333 4214 396 4308 qui
409 4207 497 4281 haec
511 4235 576 4283 sua
592 4234 738 4281 munera
754 4234 828 4280 nou
844 4211 993 4279 omuino
1009 4209 1124 4300 perire
1135 4211 1233 4296 sinit,
1285 4226 1363 4294 tur,
1390 4212 1514 4304 petivit
1538 4215 1583 4283 ab
1606 4237 1667 4304 eo,
1691 4227 1732 4284 ut
1744 4208 1938 4304 Epitomen
1962 4226 2191 4305 componeret
2206 4213 2285 4283 eius

239 4331 274 4388 et
302 4316 542 4393 voluntatem,
577 4313 813 4382 intentionem
848 4326 882 4383 et
918 4311 1165 4383 adsiduitatem
1193 4313 1231 4382 in
1284 4315 1388 4401 libri,
1414 4315 1472 4386 cui
1493 4314 1620 4388 titulus
1643 4327 1694 4385 est
1712 4306 1856 4413 μεγάλη
1880 4304 2065 4397 σύνταξις.
2124 4311 2165 4383 ld
2191 4339 2283 4408 opus

235 4416 523 4506 Regiomontano
552 4415 753 4484 laudemus:
782 4436 869 4507 quas
890 4413 1002 4503 ipsius
1023 4413 1172 4484 virtutes
1193 4430 1233 4487 ut
1283 4418 1522 4510 interruptum
1565 4431 1681 4490 morte
1718 4412 1933 4488 Purbaccbii
1972 4413 2283 4506 Regiomontanns

235 4518 386 4615 propius
401 4515 596 4609 aspiciatis,
621 4516 748 4587 itinera
772 4516 847 4586 eius
864 4515 1073 4604 cognoscite.
1126 4514 1232 4588 Post·
1284 4519 1453 4590 absolvit:
1487 4520 1573 4614 qnia
1603 4534 1644 4591 ut
1678 4518 1754 4611 ipse
1788 4531 1927 4603 narrat,
1958 4517 2156 4589 moriturus
2189 4516 2281 4590 Pur·

236 4647 344 4719 quam
366 4622 406 4692 in
428 4618 540 4712 patria
559 4617 824 4690 Grammaticen
842 4617 984 4702 didicit,
1011 4613 1231 4708 pueradhnc
1282 4616 1469 4704 bacchius,
1509 4622 1605 4693 inter
1639 4633 1792 4691 extrema
1824 4621 1991 4690 mandata
2022 4621 2060 4690 id
2096 4620 2282 4713 petiverat.

235 4727 335 4797 veuit
360 4726 400 4795 in
423 4722 651 4813 Academiam
683 4721 890 4818 Lypsicam,
927 4721 991 4792 ubi
1014 4718 1229 4792 Dialecticen
1283 4723 1364 4814 Qua
1379 4724 1417 4792 in
1439 4748 1478 4793 re
1494 4723 1597 4793 valde
1618 4722 1821 4793 mirandum
1841 4735 1911 4804 est,
1935 4735 2022 4793 tunc
2037 4723 2115 4792 sine
2132 4720 2282 4794 Graecis

235 4843 270 4899 et
285 4829 458 4898 elementa
475 4827 513 4896 iu
532 4822 713 4919 sphaerica
727 4825 930 4896 avidissime
950 4824 1110 4916 arripuit.
1157 4822 1229 4895 Sed
1280 4826 1442 4898 sontibus
1457 4826 1668 4897 sententiam
1686 4847 1746 4894 eos
1762 4850 1803 4896 ex
1826 4824 1899 4894 illis
1914 4821 2088 4896 Arabicae
2106 4825 2281 4895 versionis

234 4943 364 5002 natura
397 4930 549 5019 flagrans
579 4929 738 5000 discendi
777 4927 987 5020 cupiditate,
1027 4927 1230 5019 requirebat
1281 4928 1436 5000 tenebris
1452 4949 1575 4997 eruere
1592 4927 1761 5021 potuisse.
1804 4925 1844 4996 ld
1859 4949 1944 4996 vero
1959 4926 2035 5022 fieri
2051 4949 2280 5022 nequaquam

220 5030 342 5105 ,huius
365 5032 475 5101 studii
500 5033 606 5101 duces
632 5057 672 5102 ac
695 5031 810 5100 socios
833 5026 1064 5121 pulcherrimi
1084 5028 1228 5112 laboris,
1280 5031 1471 5123 potuisset,
1491 5030 1561 5100 nisi
1584 5043 1731 5124 propter
1754 5052 1923 5119 magnum
1938 5050 2042 5099 usum
2062 5028 2103 5099 in
2117 5043 2193 5100 toto
2215 5029 2279 5100 illo

219 5149 267 5209 'et
284 5133 459 5205 Viennam
484 5131 645 5203 audierat
664 5133 892 5225 praecipuum
917 5156 990 5201 esse
1004 5131 1226 5202 domicilium
1279 5133 1409 5205 artium
1427 5134 1513 5204 orbe
1535 5133 1857 5205 demonstrationes
1877 5131 1928 5201 eis
1950 5131 2095 5214 obviae,
2120 5146 2158 5203 et
2176 5132 2280 5202 facile

231 5234 341 5312 huius
361 5228 626 5323 Philosophiae.
680 5234 800 5323 Quare
826 5235 864 5304 in
892 5233 1073 5305 Austriam
1101 5236 1228 5304 admo-
1278 5234 1515 5329 penetrabiles
1534 5235 1696 5308 fuissent.
1746 5234 1819 5306 Sed
1832 5247 1952 5304 tamen
1966 5227 2036 5305 boc
2054 5234 2173 5327 ipsum
2187 5257 2280 5329 opus

232 5345 318 5413 dum
350 5340 553 5411 adolescens
585 5336 829 5426 proficiscitur.
889 5335 945 5406 lbi
971 5333 1109 5405 invenit
1133 5334 1226 5406 Pur·
1270 5330 1585 5427 'Regiombntanus
1608 5351 1727 5430 postea
1740 5334 1898 5418 Romae,
1923 5360 2003 5406 curu
2029 5333 2167 5407 Graece
2182 5337 2280 5406 didi·

231 5440 416 5516 bacchium
440 5439 637 5523 Bavarum,
671 5438 992 5529 ingeniosissimum
1018 5438 1157 5524 virum,
1190 5454 1225 5510 et
1277 5440 1396 5525 cisset,
1422 5454 1458 5511 et
1473 5435 1660 5513 Theonem
1678 5441 1874 5523 conferret,
1902 5439 2116 5510 emendavit.
2168 5435 2281 5512 Extat

231 5561 339 5618 aetate
371 5570 411 5616 ac
445 5542 634 5615 autoritate
665 5541 864 5613 florentem.
924 5539 993 5610 Hic
1021 5541 1224 5633 complexus
1274 5540 1437 5638 Epistola
1446 5540 1726 5634 Regiomontani
1741 5542 1845 5635 plena
1861 5540 2014 5636 pietatis,
2031 5541 2073 5612 in
2086 5564 2157 5637 qua
2172 5567 2279 5636 prae·
